1768 3216
0 1014 26 1041 γ),

100 981 119 1023 3
172 955 258 997 Nos
288 958 493 996 terrarum
526 967 575 996 ac
604 953 807 995 libertatis
848 958 1059 995 extremos
1096 965 1291 995 recessus
1332 953 1422 1008 ipse
1462 966 1512 996 ac

0 1087 13 1094 -
37 1011 105 1104 (τ’
122 1029 310 1089 insamae
340 1029 382 1070 in
413 1028 522 1069 hunc
554 1028 662 1070 diem
695 1028 895 1070 defendit.
939 1028 1057 1070 Nunc
1076 1028 1274 1070 terminus
1294 1028 1530 1070 Britanniae
1545 1031 1671 1082 patet.

180 238 252 275 130
796 233 1056 273 AGRICOLAE

179 358 291 402 versi
319 355 527 400 servitutis
559 357 777 409 expertes,
820 357 861 396 et
896 353 1034 396 nullae
1063 353 1171 396 ultra
1199 357 1360 406 terrae,
1401 364 1451 396 ao
1479 364 1534 397 ne
1561 365 1676 399 mare

179 433 341 487 quidem
374 442 566 472 securum
595 429 834 471 imminente
863 429 985 471 nobis
1017 429 1152 471 classe
1185 429 1384 472 Romana.
1456 429 1676 484 lta'proe-

175 506 273 547 lium
307 510 428 560 atque
455 518 583 558 arma,
615 517 721 559 quae
752 504 928 547 sortibus
958 504 1147 557 honesta,
1181 504 1328 547 eadem
1360 504 1482 548 etiam
1511 504 1676 560 ignavis
1728 510 1732 519 ‘

176 580 378 623 tutissima
420 585 527 622 sunt.
597 580 763 622 Priores
803 592 994 635 pugnae,
1038 579 1186 634 quibus
1225 579 1427 622 adversus
1464 579 1676 622 Romanos

147 654 293 699 avaria
331 656 495 698 fortuna
543 659 741 697 certatum
783 659 868 708 est,
918 667 1032 709 spem
1066 667 1115 697 ac
1157 655 1387 697 subsidium
1431 654 1474 697 in
1518 654 1675 697 nostris

174 730 363 773 manibus
394 730 625 783 habebant,
667 730 760 784 quia
793 729 1042 771 nobilissimi
1075 730 1198 772 totius
1228 729 1494 783 Britanniae,
1540 739 1676 784 eoque

174 805 217 846 in
251 805 352 860 ipsis
381 804 676 859 penetralibus
697 804 765 846 siti
806 816 885 846 nec
926 804 1196 847 servientium
1239 804 1362 847 litora
1403 803 1672 859 aspiciente&

174 879 319 922 oculos
352 891 515 933 quoque
547 892 569 920 a
600 883 792 921 contactu
823 878 1119 920 dominationis
1149 878 1372 921 inviolatos
1402 865 1673 922 habebamus.

1557 964 1673 996 smus

172 1087 328 1157 [Atque
360 1115 482 1144 omne
516 1103 702 1157 ignotum
733 1115 809 1156 pro
841 1102 1062 1158 magnifico
1093 1107 1186 1156 est]
1230 1102 1311 1145 Sed
1330 1102 1440 1145 nulla
1463 1103 1544 1144 iam
1565 1102 1672 1144 ultra

171 1190 293 1233 gens,
327 1177 428 1219 nihil
459 1177 540 1219 nisi
572 1177 719 1218 fluctus
752 1181 792 1218 et
812 1190 927 1230 saxa,
961 1181 1001 1219 et
1018 1177 1256 1219 infestiores
1275 1177 1465 1230 Romani,
1498 1187 1672 1230 quorum

171 1252 406 1306 superbiam
454 1252 607 1293 frustra
650 1264 725 1305 per
767 1251 1011 1305 obsequium
1061 1265 1110 1294 ac
1163 1252 1409 1294 modest-iam
1455 1250 1670 1307 effugeris.

338 1384 371 1419 6.
398 1383 545 1418 navibus
576 1384 611 1418 Δ
626 1394 634 1417 :
661 1385 692 1419 Γ
716 1384 887 1418 nianibus.
992 1383 1026 1419 8.
1057 1390 1240 1420 contractu
1266 1385 1391 1419 vitium
1418 1382 1606 1418 Puteolani
1631 1382 1667 1417 in

170 1432 328 1466 omnium
355 1432 465 1467 Taciti
491 1442 638 1477 operum
669 1431 839 1466 editione.
982 1435 1036 1467 11.
1065 1433 1221 1479 glossam
1246 1439 1348 1480 atque
1377 1454 1420 1460 —
1445 1438 1495 1467 est
1519 1430 1668 1467 seclusit

167 1480 294 1515 editor.
373 1483 427 1518 12.
454 1482 652 1526 infestiores
677 1483 765 1517 TA:
789 1481 1006 1516 Puteolanus
1029 1483 1231 1528 inferiores.
1318 1483 1373 1518 13.
1404 1493 1449 1516 ac
1469 1480 1559 1516 mod.
1586 1482 1667 1517 I'A:

166 1529 387 1564 Puteolanus
415 1535 448 1564 et
473 1530 563 1565 mod.
1380 1568 1383 1570 .

241 1647 274 1676 et
298 1641 418 1676 nullae
445 1640 541 1675 ultra
582 1648 725 1676 terrae:
768 1641 885 1676 ‘scili-

169 1694 227 1724 cet
262 1701 411 1724 securae
443 1695 536 1724 sunt.
596 1691 712 1732 Quare
748 1701 884 1724 connna

166 1743 248 1782 post
274 1744 391 1773 terrae
412 1738 562 1773 sustuli’.
593 1738 882 1774 Donnsmmms.

168 1786 265 1822 Cave
291 1788 453 1821 imiteris.
513 1786 783 1832 Componuntur
808 1793 884 1822 ter-

165 1846 228 1869 rae
252 1840 288 1869 et
313 1847 432 1869 mare:
463 1841 579 1870 terrae
607 1836 699 1870 ultra
726 1835 883 1870 Caledo-

166 1884 261 1917 niam
287 1884 409 1918 nullae
441 1889 540 1926 sunt,
581 1882 677 1918 mare
704 1890 778 1928 est,
819 1885 883 1919 sed

167 1931 263 1964 haud
289 1943 465 1966 securum.
497 1932 551 1966 Cf.
583 1934 646 1968 10:
672 1935 881 1979 septentrio-

165 1979 268 2012 nalia
294 1981 378 2022 eius,
403 1980 509 2014 nullis
527 1987 652 2014 contra
679 1983 795 2023 terris,
811 1993 882 2015 va-

166 2033 218 2061 sto
245 2033 347 2072 atque
378 2034 500 2073 aperto
527 2030 620 2062 mari
639 2029 839 2075 pulsantur.

251 2098 391 2144 priores
439 2110 581 2144 pugnae
618 2122 658 2127 --
706 2112 799 2145 spem
839 2112 883 2135 ac

166 2145 355 2180 subsidium
388 2147 426 2180 in
454 2148 582 2181 nostris
614 2149 773 2182 manibus
813 2149 882 2182 lm-

167 2193 320 2229 bebant:
373 2195 417 2228 ad
447 2208 586 2242 pugnas
626 2202 664 2229 ut
697 2197 881 2231 transferri

164 2248 288 2286 posset
314 2243 408 2288 quod
447 2243 491 2278 de
529 2245 770 2290 pugnantibus
795 2256 880 2290 pro-

163 2292 242 2335 prie
280 2290 436 2335 dicitur,
478 2293 598 2327 effecit
630 2295 880 2338 interpositum

163 2338 253 2373 illud
279 2340 397 2384 quibus
423 2361 469 2367 —-
497 2347 666 2376 certatum
693 2349 760 2377 est.-
800 2354 880 2377 nam

163 2386 256 2422 haec
294 2387 389 2423 idem
427 2390 521 2434 quod
558 2391 679 2435 quibus
714 2391 880 2427 adversus

163 2436 342 2470 Romanos
388 2439 493 2472 varia
531 2441 677 2483 fortuna
713 2440 882 2475 Britanni

163 2489 397 2520 certaverunt.

233 2567 339 2601 eoque
364 2557 402 2590 in
425 2556 509 2602 ipsis
533 2558 770 2602 penetralibus
795 2561 878 2595 siti.-

162 2600 232 2638 hoc
248 2605 391 2649 scripsit
405 2603 543 2639 Tacitus
561 2607 767 2642 recordatus
783 2607 878 2643 Cae-

162 2654 251 2687 saris
276 2653 387 2687 verba
422 2653 463 2687 B.
491 2654 529 2687 G.
563 2654 593 2688 V
623 2655 687 2690 12:
729 2657 876 2691 Britan-

160 2702 245 2735 niae
271 2713 358 2748 pars
384 2703 535 2736 interior
563 2703 606 2736 ab
633 2704 676 2737 iis
711 2703 877 2739 incolitur

161 2761 244 2793 quos
268 2757 371 2784 natos
395 2751 434 2784 in
452 2750 570 2785 insula
594 2752 672 2797 ipsa
688 2755 876 2787 memoriae

156 2799 333 2842 proditum
358 2799 489 2843 dicunt,
516 2801 705 2835 marituma
723 2813 810 2846 pars
832 2802 875 2835 ab

158 2846 203 2879 iis
229 2848 287 2891 qui
317 2848 475 2893 praedae
506 2860 550 2882 ac
587 2848 668 2882 betti
698 2850 877 2895 inferendi

160 2905 269 2928 causa
295 2907 338 2929 ex
361 2895 479 2942 Belqis
504 2898 736 2934 transierant.

230 2977 297 3001 nec
325 2968 548 3003 servientium
563 2968 672 3004 litora
695 2970 874 3018 aspicien-

951 1649 1001 1678 tes
1018 1655 1029 1677 .·
1068 1643 1162 1678 conf.
1198 1643 1259 1678 to:
1289 1641 1400 1678 Gallis
1425 1642 1464 1675 in
1487 1640 1665 1676 meridiem

951 1693 1056 1726 etiam
1080 1692 1278 1737 inspicitur.
1341 1690 1458 1724 Cantii
1484 1688 1686 1729 habitato-‚

950 1751 1007 1775 res
1042 1744 1085 1774 eo
1125 1739 1219 1786 quod
1251 1739 1432 1774 Gallorum
1468 1743 1504 1772 et
1529 1737 1666 1784 Belga-

950 1800 1026 1823 rum
1051 1789 1157 1823 litora
1184 1788 1382 1833 aspiciunt,
1423 1786 1548 1822 oculos
1574 1796 1666 1822 con-

949 1843 1045 1872 tactu
1071 1838 1325 1872 dominationis
1351 1835 1568 1871 infecerunt.

1020 1911 1117 1944 sinus
1141 1911 1287 1954 famae.-
1321 1909 1451 1942 famam
1489 1906 1666 1953 cogitavit

949 1962 1126 2003 tamquam
1162 1958 1263 1991 deam
1299 1958 1379 1991 sinu
1414 1965 1478 1991 suo
1507 1954 1691 1999 Caledof,

948 2007 1028 2039 nios
1062 2010 1245 2052 tegentem
1280 2005 1424 2051 (Schol's
1450 2004 1513 2038 der
1538 2003 1687 2050 Fama)‚:

950 2064 1066 2099 eoque
1102 2056 1138 2087 in
1175 2054 1288 2087 maius
1325 2053 1567 2088 celebrantem
1594 2051 1683 2085 110-=

947 2107 1091 2148 stesque
1121 2102 1391 2136 absterrentem.
1423 2099 1478 2135 Cf.
1498 2101 1569 2135 H.1
1594 2099 1662 2134 52:
1684 2109 1686 2112 ’

943 2152 1117 2196 panderet
1154 2150 1254 2184 modo
1291 2151 1406 2184 sinum
1442 2154 1474 2182 et
1510 2148 1665 2183 venienti

949 2200 1125 2234 Fortunae
1153 2204 1366 2233 occurreret.
1419 2196 1579 2232 Obscura
1604 2196 1663 2230 lo·
1686 2228 1687 2232 ,

947 2247 1298 2293 quentenr'l'acitum
1325 2247 1482 2290 faciunt,
1517 2246 1578 2292 qui
1601 2247 1663 2292 fa·-
1685 2262 1689 2276 s

946 2308 1024 2331 niae
1050 2307 1112 2342 pro
1140 2296 1260 2330 dativo
1288 2294 1434 2330 habent.
1688 2297 1694 2317 ἲ

1019 2397 1121 2436 atque
1159 2402 1258 2425 omne
1297 2391 1452 2436 ignotum
1481 2400 1548 2435 pro
1581 2399 1661 2422 ma-

945 2440 1072 2484 ynifico
1100 2445 1169 2473 est:
1208 2440 1244 2473 in
1274 2438 1365 2473 libro
1393 2439 1540 2483 antiquo
1567 2435 1661 2471 unde

946 2489 1058 2522 nostri
1085 2487 1229 2521 codices
1267 2487 1411 2521 deducti
1447 2497 1518 2520 una
1550 2486 1588 2520 in
1612 2485 1660 2520 li-

945 2546 1013 2570 nea
1040 2536 1129 2570 haec
1166 2535 1277 2569 verba
1312 2537 1433 2568 iuncta
1458 2534 1569 2568 fuisse
1595 2544 1659 2567 co-

945 2585 1043 2629 gita:
1071 2595 1227 2618 recessus
1254 2584 1327 2628 ipse
1353 2594 1397 2617 ac
1420 2583 1517 2617 sinus
1541 2584 1660 2627 famae

943 2634 981 2666 in
1008 2633 1102 2667 hune
1129 2633 1218 2666 diem
1249 2632 1424 2677 defendit:
1462 2642 1558 2665 nunc
1584 2636 1659 2665 t-er-

943 2682 1056 2715 minus
1091 2681 1302 2716 Britanniae
1330 2686 1450 2726 patet,
1490 2685 1529 2714 ut
1563 2689 1659 2713 nune

946 2731 1113 2764 terminus
1149 2730 1359 2764 Britanniae
1389 2733 1486 2775 patet
1520 2729 1557 2762 in
1592 2737 1657 2762 ex·

945 2782 1057 2812 tremo
1084 2788 1191 2812 versu
1220 2782 1351 2812 essent.
1403 2777 1474 2818 lam
1501 2777 1537 2810 in
1562 2785 1657 2809 mar-

946 2827 1030 2872 gine
1056 2827 1177 2872 glossa
1201 2825 1340 2860 adiecta
1366 2829 1421 2859 est
1437 2831 1538 2871 atque
1557 2835 1657 2859 omne

944 2876 1099 2919 ignotum
1120 2886 1186 2921 pro
1212 2875 1396 2920 magnifico
1431 2880 1480 2909 est
1519 2873 1563 2908 ad
1590 2883 1656 2908 ex-

944 2922 1109 2967 plicanda
1143 2922 1253 2957 verba
1299 2933 1455 2957 recessus
1492 2923 1566 2969 ipse
1611 2931 1657 2955 ae

943 2972 1040 3006 sinus
1068 2974 1187 3020 famae
1228 2971 1403 3019 defendit,
1441 2982 1462 3006 a
1493 2969 1654 3019 proximo
