1768 3216
114 191 292 231 ι6.69.

640 193 776 228 LIBER
804 192 867 228 ΙΙΙ.
921 193 1009 229 Gn.
1040 195 1144 231 1—2.

1543 196 1615 229 195

117 322 167 352 ea
195 309 404 351 Antonius
425 308 583 351 Primus
615 310 671 361 [is
701 309 930 351 acerrimus
962 309 1060 351 belli
1091 308 1345 362 concitator]
1376 308 1616 351 festinatio-

113 396 211 426 nem
241 384 342 438 ipsis
374 384 531 436 utilem,
563 384 729 426 Vitellio
761 385 982 426 exitiosam
1013 384 1224 426 disseruit.
1263 383 1357 426 Plus
1389 384 1615 426 socordiae
1659 366 1736 418 sb!

114 470 236 513 quam
265 457 444 501 fiduciae
473 459 710 501 accessisse
739 458 984 501 victoribus.
1028 458 1174 513 Neque
1204 459 1377 501 enimin
1397 459 1618 519 procinctu

115 537 158 576 et
187 533 336 576 castris
367 533 556 584 habitos:
586 546 663 587 per
692 533 831 574 omnia
863 533 1005 575 ltaliae
1036 534 1261 587 municipia
1293 534 1487 587 desides,
1519 538 1618 575 tan-

115 611 200 649 tum
239 607 472 662 hospitibus
512 607 782 660 metuendos;
823 612 977 662 quanto
1018 608 1203 650 ferocius
1234 613 1330 651 ante
1359 621 1406 651 se
1438 608 1648 663 egerint‚⁵

114 677 228 724 tento
269 683 459 737 cupidius
499 682 688 725 insolitas
732 683 964 738 voluptates
1013 684 1219 726 hausisse.
1280 684 1404 726 Circo
1452 695 1618 738 quoque

101 770 167 800 -ac
197 757 370 801 theatris
410 763 451 800 et
480 759 731 801 amoenitate
768 759 885 800 urbis
926 759 1157 811 emollitos,
1200 763 1270 800 aut
1308 758 1618 801 valetudinibus

112 833 265 877 fessos.

110 906 225 949 belli.

325 832 408 875 Sed
441 832 583 874 addito
616 834 750 887 spatio
779 833 1009 875 rediturum
1041 838 1083 875 et
1112 833 1176 874 his
1195 834 1327 875 robur
1347 833 1619 875 meditatione

1402 878 1579 895 w

283 906 372 949 Nec
402 906 549 960 procul
579 907 869 960 Germaniam,
901 907 1013 948 unde
1042 908 1156 949 vires
1167 919 1192 958 3·
1222 906 1478 949 Britanniam
1509 907 1618 949 freto

113 981 252 1023 dirimi
261 994 275 1032 ;
305 981 416 1022 iuxta
449 981 604 1023 Gallias
634 980 963 1037 Hispaniasque;
992 982 1200 1036 utrimque
1230 982 1344 1024 viros
1377 994 1508 1036 equos
1538 982 1672 1027 tri-in

112 1055 236 1107 buta3
278 1055 494 1110 ipsamque
538 1055 697 1099 Italiam
739 1061 781 1098 et
821 1069 923 1112 opes
962 1057 1110 1108 urbis·,
1149 1070 1199 1099 ac
1240 1057 1277 1098 si
1316 1057 1474 1099 inferre
1505 1070 1620 1099 arma

112 1131 221 1175 ultro
251 1130 403 1184 velint,
445 1131 548 1174 duas
580 1131 740 1174 classes
771 1145 1032 1187 vacuumque
1070 1132 1280 1188 Illyricum
1320 1145 1450 1174 mare.
1513 1132 1620 1182 Quid
1651 1174 1670 1200 t

112 1209 199 1249 tum
238 1205 419 1248 claustra
458 1207 660 1264 ¹¹¹9AEUQI
698 1207 945 1261 profutura?
1006 1207 1113 1256 Quid
1145 1211 1317 1248 tractum
1348 1208 1389 1248 in
1421 1195 1765 1291 aesmlem‘ssjffit

114 1279 238 1323 aliam
266 1279 456 1322 bellum?
503 1280 622 1323 Unde
653 1281 819 1323 interim
848 1281 1070 1335 pecuniam
1102 1285 1142 1324 et
1175 1283 1463 1324 commeatus?
1514 1281 1622 1331 Quin

112 1355 251 1409 potius
281 1367 334 1398 eo
365 1356 455 1410 ipso
486 1360 723 1410 uterentur,
757 1357 868 1412 quod
898 1357 1167 1400 Pannonicae
1196 1357 1389 1413 legiones
1420 1357 1676 1411 deceptaeis
1695 1340 1731 1354 χ’

198 1533 214 1540 2
264 1505 297 1540 1.
328 1487 513 1539 {anciacen-
539 1504 605 1549 ΜΗ,
631 1506 831 1541 concitator
856 1506 914 1540 BG
940 1511 976 1540 et
1002 1505 1240 1548 Oxonienses,
1269 1508 1501 1540 concionator
1516 1504 1621 1542 ACR.

114 1551 150 1588 9.
179 1551 272 1587 brice.
299 1552 365 1588 ma.

120 1601 184 1646 14„
201 1602 297 1636 inter
326 1603 366 1636 in
384 1614 463 1648 pec.
497 1602 561 1638 ³1³.

200 1741 233 1770 et
258 1736 440 1770 advenisse
472 1747 554 1770 ’not
587 1749 665 1771 cum
698 1737 835 1772 Vitellio

118 1785 321 1819 Britannici
362 1786 537 1819 exercitus
571 1786 701 1820 robora
718 1798 731 1820 .-
777 1786 836 1820 di-

119 1838 204 1868 cnnt
241 1839 325 1867 octo
358 1834 458 1868 milia
483 1834 660 1876 militum,
701 1845 791 1880 quos
817 1847 836 1868 e

117 1882 327 1917 Britannico
354 1882 489 1917 delectu
508 1883 575 1916 sibi
593 1883 757 1917 adiunxit
770 1884 837 1917 Vi-

118 1931 255 1974 tellius,
283 1942 363 1966 cnm
388 1932 565 1966 victoriae
583 1931 836 1966 Bedriacensis

117 1981 263 2015 nescius
288 1981 351 2025 (Η.
378 1979 410 2014 11
435 1981 502 2027 57)
530 1981 566 2014 in
588 1979 726 2015 Italiam
750 1992 836 2026 per-

118 2030 225 2064 rexit.
250 2028 339 2063 Nem
363 2029 495 2074 quibus
515 2030 671 2074 opperiri
687 2029 836 2074 placuit,

119 2076 276 2112 hostium
318 2079 440 2123 copias
483 2078 520 2111 in
553 2080 760 2113 universum
802 2083 839 2113 et

119 2127 271 2161 strictim
317 2131 569 2161 enumerantes
608 2126 838 2162 Germanicas

120 2174 287 2220 legiones
311 2180 348 2209 et
364 2175 562 2209 Britannici
577 2177 757 2211 exercitus
777 2186 839 2210 ro-

119 2222 209 2257 bora
234 2223 469 2258 extollebant.
508 2223 563 2258 De
589 2223 768 2258 Caecinae
795 2236 840 2259 ex

121 2270 210 2304 urbe
251 2272 408 2314 protecti
445 2281 541 2305 novo
584 2273 715 2307 itinere
755 2277 840 2307 tunc

121 2317 214 2352 nihil
248 2319 293 2352 iis
330 2325 551 2363 compertum
578 2325 684 2363 erat,
722 2331 841 2366 neque

122 2366 168 2402 de
203 2367 308 2401 novis
354 2367 499 2402 auxiliis
542 2379 564 2403 e
598 2369 782 2403 Britannia
821 2381 841 2403 a

127 2415 276 2451 vitellio
320 2417 449 2451 excitis
482 2416 544 2462 (tt.
574 2417 605 2452 ΙΙ
631 2418 697 2464 97)
735 2417 842 2463 quid-

122 2474 227 2510 qnam
254 2464 517 2500 inaudiverant.
575 2466 674 2501 Haec
699 2465 746 2500 ob
773 2465 843 2499 du..

122 2513 337 2562 {titutionem
360 2513 522 2558 Rupertii
547 2514 644 2549 dicta
666 2520 761 2548 suut.

172 2560 261 2606 Gap.
271 2564 308 2598 2.
334 2564 365 2596 is
375 2564 570 2597 acerrimus
585 2562 667 2597 betti
681 2565 843 2598 concita-

122 2615 203 2644 tor:
231 2615 286 2644 est
311 2610 507 2645 admonitio
533 2613 569 2644 in
597 2613 759 2657 margine
781 2617 843 2645 ant

124 2668 232 2702 snpra
244 2668 400 2702 versum,
428 2663 467 2691 ut
483 2659 571 2693 mihi
587 2660 742 2702 videtur,
756 2660 843 2694 olim

125 2707 279 2750 ascripta
318 2712 354 2741 et
390 2708 502 2751 petita
545 2718 591 2740 ex
624 2707 668 2741 Η.
706 2707 736 2742 11
768 2708 844 2743 86:

126 2755 259 2789 etenim
289 2765 332 2788 eo
349 2754 590 2789 additamento
617 2766 740 2800 parum
766 2756 845 2790 sol-

127 2802 237 2837 lerter
265 2808 530 2847 praemonetur,
563 2803 659 2848 qnod
689 2815 734 2838 ex
757 2814 842 2839 ora-

127 2852 235 2885 tionis
259 2857 471 2898 argnmento
499 2857 534 2886 et
561 2851 683 2886 habitu
715 2858 844 2897 sponte

67 2903 76 2906 ’
126 2901 342 2945 perspicitur
368 2905 405 2936 et
429 2900 637 2946 legentibus
668 2910 714 2934 ex
737 2911 845 2945 prae-

128 2949 264 2996 gressis
291 2949 354 2995 (Η.
379 2949 413 2984 11
436 2949 504 2996 86)
543 2949 630 2983 satis
659 2950 844 2996 cognitum

470 1554 524 1589 10.
551 1555 725 1599 utrimque
749 1554 832 1589 Ma:
869 1556 1032 1599 utrinque
1059 1554 1099 1591 G.

650 1605 705 1638 15.
729 1604 934 1650 pannonice
963 1602 1029 1639 Ma.

1211 1557 1264 1589 12.
1290 1554 1527 1600 illyrictinare
1554 1554 1619 1588 Ma.

1132 1603 1280 1649 legionis
1303 1614 1482 1648 superscr.
1512 1615 1529 1637 e
1555 1602 1621 1638 Ma.

907 1742 974 1772 est.
1010 1737 1286 1783 NequeTacitus
1317 1738 1347 1771 is
1373 1741 1449 1771 erat.
1475 1738 1535 1782 qui
1560 1747 1624 1770 so-

905 1786 1048 1820 cordiae
1078 1786 1136 1820 vel
1159 1786 1336 1820 oblivioni
1357 1785 1533 1820 lectorum
1558 1797 1624 1820 an-

906 1836 964 1869 xie
991 1835 1198 1869 consuleret
1236 1840 1298 1868 aut
1331 1834 1484 1869 moleste
1516 1836 1625 1880 inge-

905 1889 1001 1918 reret
1025 1884 1120 1929 quod
1137 1885 1204 1928 ipsi
1233 1883 1519 1917 animadvertere
1538 1892 1626 1927 pos-

905 1937 1000 1967 sunt.
1052 1932 1150 1966 ldem
1188 1932 1278 1966 alias
1320 1933 1516 1966 concitores
1544 1931 1628 1966 belli

906 1982 994 2015 dicit
1020 1981 1090 2026 (lv
1117 1981 1177 2017 28.
1211 1980 1254 2014 tl.
1281 1979 1295 2014 1
1323 1980 1392 2023 68,
1420 1980 1470 2014 lv
1497 1980 1562 2024 56)
1590 1985 1625 2014 et

907 2032 1104 2064 acerrimus
1129 2030 1317 2064 instinctor
1341 2029 1423 2063 betta·
1448 2028 1549 2062 H.1V
1564 2029 1624 2072 68,

908 2089 981 2113 non
1008 2078 1090 2112 belli
1114 2079 1325 2121 evacuator,
1350 2083 1386 2112 et
1414 2083 1514 2116 recte
1542 2078 1626 2123 qui-

908 2128 1014 2162 dem:
1041 2138 1120 2161 nam
1150 2128 1294 2161 concire
1319 2126 1445 2160 bellum
1472 2131 1526 2161 est
1546 2137 1627 2160 mo-

907 2187 994 2210 vere
1012 2177 1092 2210 sive
1114 2175 1236 2210 facere
1262 2180 1301 2208 ut
1313 2177 1449 2209 oriatur
1464 2175 1600 2209 bellum
1617 2186 1626 2207 :

908 2225 1086 2258 concitari
1133 2223 1268 2257 bellum
1303 2223 1453 2266 dicitur,
1489 2223 1548 2256 ubi
1582 2222 1628 2256 de

909 2272 1112 2306 festinando
1139 2272 1236 2306 bello
1274 2271 1369 2316 qnod
1393 2273 1463 2305 iam
1490 2272 1629 2317 geritur

909 2321 1114 2366 loquuntur.
1164 2319 1204 2353 In
1230 2319 1381 2354 Medicei
1416 2320 1505 2353 vitio
1540 2331 1629 2353 con-
1694 2355 1700 2360 .

906 2371 1023 2403 tiator
1066 2369 1226 2413 apertius
1276 2368 1365 2402 latet
1407 2369 1626 2410 concitator,

910 2429 1015 2464 qnam
1043 2423 1082 2452 nt
1105 2418 1265 2452 conciter
1282 2422 1360 2450 tuto
1382 2427 1560 2462 reponere
1579 2416 1628 2451 li-

911 2471 1017 2502 ceat:
1046 2466 1082 2500 id
1107 2463 1196 2501 fecit
1222 2465 1392 2501 Orellius.

981 2517 1020 2549 in
1043 2516 1255 2561 procinctu.-
1298 2514 1331 2548 h.
1363 2526 1397 2550 e.
1425 2515 1529 2548 ferro
1564 2526 1629 2549 ac·-

912 2565 1050 2598 cinctos
1080 2569 1116 2598 et
1141 2574 1295 2610 pugnam
1310 2564 1557 2609 ingressuros3
1581 2563 1628 2596 cf.

911 2612 1040 2647 Festus
1066 2623 1096 2647 s.
1124 2623 1159 2646 v.
1184 2614 1371 2657 procincta
1396 2611 1531 2644 classis.

995 2661 1221 2695 meditatione
1255 2660 1358 2693 belli.-
1392 2659 1557 2692 meditari
1595 2662 1631 2691 et

913 2709 1097 2743 meditatio
1133 2718 1204 2741 non
1248 2708 1363 2742 solnm
1403 2707 1447 2740 de
1489 2707 1632 2752 cogita-

914 2758 1013 2791 tione
1040 2757 1172 2790 dicitur
1209 2756 1273 2789 sed
1310 2757 1417 2789 etiam
1453 2754 1498 2789 de
1525 2765 1633 2789 exer..

915 2805 1116 2839 citamentis
1148 2815 1222 2837 rem
1253 2803 1426 2848 agendam
1458 2814 1634 2849 praegre-

914 2853 1109 2887 dientibus.
1152 2851 1373 2886 Tlieodisce:
1400 2851 1511 2886 durch
1538 2852 1634 2886 Ein-

914 2901 1030 2946 tibunq
1060 2900 1118 2934 des
1144 2899 1305 2945 Krieyes.

1004 2949 1169 2995 deceptae
1203 2950 1316 2995 magis
1359 2960 1463 2994 quam
1499 2951 1633 2985 victae-⁸

1656 443 1768 511 &Aba

1690 840 1757 866 ..⁴52
