1768 3216
118 231 168 264 so
704 219 1009 258 flisrofllAnvM
1389 228 1421 252 a.
1446 221 1485 252 u.
1508 211 1594 254 822.

110 350 193 387 tum
236 345 367 387 iuberi
408 341 608 397 expediat.
669 338 736 390 Si,
777 337 847 379 ubi
888 336 1129 387 iubeantur,
1178 343 1384 388 quaerere
1420 332 1599 389 singulis

60 402 62 404 ι
109 421 253 472 liceat,
302 421 496 473 pereunte
528 414 727 467 obsequio
760 413 882 455 etiam
913 410 1128 465 imperium
1171 406 1398 450 intercidit.
1459 406 1527 450 An
1557 412 1601 450 et

110 495 191 535 illic
222 497 341 534 nocte
371 492 613 543 intempesta
644 488 856 541 rapientur
888 486 1031 528 arma?
1063 484 1174 526 Unus
1210 481 1369 524 alterve
1412 482 1599 538 perditus

110 580 158 611 ac
205 566 446 608 temulentus
498 570 654 617 (neque
696 562 804 604 enim
844 561 982 615 plures
1023 558 1363 601 consternatione
1410 556 1600 612 proxima

78 624 312 683 sinsanisse
344 638 615 689 crediderim)
659 636 912 679 centurionis
945 647 994 675 ac
1025 633 1176 674 tribuni
1208 633 1415 688 sanguine
1450 641 1599 675 manus

108 716 273 767 imbuet,
306 712 565 767 imperatoris
596 711 660 753 sui
684 709 905 751 tentorium
928 708 1163 761 inrumpet?
1192 706 1278 748 Vos
1301 706 1469 761 quidem
1489 706 1671 750 istud84

108 801 181 845 pro
213 801 299 830 me:
339 788 413 830 sed
444 788 486 828 in
518 786 709 828 discursu
739 797 789 827 ac
817 784 1000 825 tenebris
1033 787 1074 823 et
1103 793 1243 824 rerum
1275 781 1459 824 omnium
1491 794 1601 825 con-

111 865 274 908 fusione
302 862 484 917 patefieri
523 861 692 903 occasio
733 860 855 902 etiam
887 859 1088 901 adversus
1120 870 1186 900 me
1225 861 1377 911 potest.
1439 857 1483 900 Si
1523 856 1603 900 vi-

113 938 223 979 tellio
263 941 302 978 et
341 936 583 978 satellitibus
627 936 713 976 eius
745 933 927 988 eligendi
958 933 1132 975 facultas
1174 931 1295 974 detur
1325 944 1447 986 quem
1479 931 1602 974 nobis

65 1019 102 1048 ¹⁰
115 1013 313 1064 animum,
353 1024 452 1065 quas
484 1015 641 1052 mentes
671 1010 955 1064 inprecentur,
998 1008 1095 1062 quid
1126 1007 1237 1049 aliud
1270 1019 1392 1062 quam
1422 1006 1605 1050 seditio-

113 1099 207 1128 nem
239 1091 277 1128 et
307 1086 556 1128 discordiam
587 1085 813 1139 optabunt?
863 1083 923 1126 Ne
954 1083 1072 1125 miles
1105 1082 1364 1135 centurioni,
1404 1094 1459 1125 ne
1497 1093 1605 1124 cen-

114 1162 220 1203 turio
251 1161 412 1210 tribuno
444 1161 715 1213 obsequatur,
757 1159 853 1200 hinc
894 1158 1058 1199 confusi
1087 1158 1251 1212 pedites
1284 1157 1528 1211 equitesque
1562 1158 1603 1199 in

117 1235 281 1277 exitium
310 1247 488 1277 ruamus.
529 1235 715 1277 Parendo
749 1235 899 1288 potius,
932 1232 1251 1285 commilitones,
1285 1243 1406 1287 quam
1431 1232 1608 1287 imperia

118 1310 264 1352 ducum
303 1310 553 1352 sciscitando
592 1321 661 1351 res
706 1310 905 1351 militares
947 1309 1237 1359 continentum
1278 1313 1321 1350 et
1350 1307 1606 1350 fortissimus

70 1386 161 1428 isin
190 1386 278 1440 ipso
311 1386 547 1428 discrimine
579 1386 784 1427 exercitus
815 1389 900 1437 est,
943 1385 1011 1439 qui
1042 1388 1137 1427 ante
1169 1382 1398 1437 discrimen
1429 1383 1610 1438 quietis-

122 1461 260 1502 simus.
319 1461 445 1502 Vobis
476 1473 587 1503 arma
619 1465 659 1501 et
687 1460 845 1502 animus
877 1460 952 1502 sit:
984 1459 1084 1501 mihi
1115 1458 1338 1501 consilium
1369 1462 1412 1500 et
1439 1457 1607 1500 virtutis

121 1540 282 1578 vestrae
303 1536 491 1591 regimen
511 1536 740 1590 relinquite.
772 1536 1001 1578 Paucorum
1026 1534 1146 1588 culpa
1163 1533 1252 1586 fuit,
1277 1533 1454 1576 duorum
1473 1540 1609 1588 poena

123 1612 212 1653 erit.
273 1611 409 1652 Ceteri
439 1611 600 1653 abolete
631 1611 871 1653 memoriam
903 1609 1174 1652 foedissimae
1204 1608 1357 1651 noctis.
1406 1607 1495 1651 Nec
1517 1606 1609 1651 illas

122 1685 319 1727 adversus
351 1690 535 1727 senatum
566 1697 692 1727 voces
722 1685 828 1726 ullus
859 1696 1033 1738 usquam
1065 1683 1275 1726 exercitus
1315 1682 1468 1724 audiat.
1529 1681 1614 1724 Ca-

73 1763 192 1813 noput
221 1760 381 1813 imperii
411 1765 451 1801 et
483 1760 637 1801 decora
671 1760 853 1801 omnium
883 1758 1195 1815 provinciarum
1237 1757 1289 1800 ad
1319 1768 1500 1811 poenam
1529 1769 1613 1799 vo-

269 1892 299 1924 1.
325 1892 375 1924 sic
398 1891 457 1924 ubi
481 1890 553 1924 Ma:
580 1892 610 1924 si
633 1891 691 1924 ubi
715 1901 756 1934 pr
785 1889 833 1934 G,
861 1890 974 1924 altera
998 1899 1123 1923 manus
1151 1901 1170 1923 c
1196 1888 1373 1933 ascripsit.
1426 1888 1618 1923 intueantur

127 1938 190 1974 Ma.
272 1940 305 1972 2.
339 1939 456 1972 malim
482 1939 676 1973 intercidet.
775 1941 807 1974 5.
851 1939 997 1972 tribunis
1030 1937 1096 1972 Ma.
1195 1938 1229 1972 9.
1260 1935 1405 1982 que-G:
1433 1935 1488 1971 Μει
1507 1947 1616 1983 quae.

132 1990 186 2022 10.
212 1986 402 2033 inp-ocentur
431 1986 493 2021 Ma.
556 1987 643 2021 aliut
668 1986 731 2022 Ma.
809 1989 863 2020 11.
889 1998 955 2020 nec
982 1987 1139 2020 centurio
1165 1985 1240 2020 Ma:
1274 1998 1318 2020 ne
1345 1991 1435 2021 cent.
1464 1985 1502 2024 G.
1561 1986 1617 2021 15.

130 2036 289 2070 discrime
315 2034 392 2068 Ma:
420 2035 447 2069 G
471 2035 680 2070 discrimine.
735 2036 789 2070 17.
814 2047 933 2082 paena
957 2034 1022 2069 Ma.
1099 2035 1152 2070 18.
1180 2034 1274 2080 faed.
1304 2032 1369 2070 Ma.
1424 2034 1480 2072 19.
1509 2044 1619 2069 sena-

130 2086 182 2118 tas
207 2082 280 2118 Ma:
310 2083 337 2117 G
360 2089 490 2118 senatu.
564 2096 707 2129 usquam
731 2083 809 2118 Ma:
837 2095 989 2129 unquam
1014 2082 1053 2118 G.
1128 2085 1185 2119 20.
1210 2094 1365 2130 paenam
1388 2081 1454 2118 Ma.

137 2201 277 2235 Tantum
291 2201 444 2244 pertinet
468 2200 511 2234 ad
536 2201 706 2234 iubentur.
736 2201 836 2242 Quo-

131 2249 275 2282 rundam
301 2250 389 2282 ratio
424 2259 494 2282 non
531 2250 599 2282 nisi
636 2249 716 2283 duci
753 2254 837 2283 nota

133 2303 198 2340 est,
228 2298 336 2331 ceteri
360 2297 545 2340 iubentur,
581 2298 696 2342 iisque
723 2308 837 2343 quae-

134 2357 214 2380 rere
242 2356 311 2378 non
338 2345 433 2379 licet.

194 2395 295 2427 etiam
319 2395 499 2438 imperium.
513 2394 709 2427 intercidit.-
730 2404 838 2437 prae-

135 2452 215 2475 sens
240 2442 416 2475 intercidit
451 2452 512 2486 pro
547 2441 665 2475 futuro
690 2443 839 2476 interci-

137 2490 191 2524 det
221 2501 240 2523 a
276 2500 331 2523 me
366 2500 428 2534 pei·
466 2491 704 2523 coniecturam
741 2501 839 2524 com-

135 2539 299 2571 mendato
327 2538 403 2571 sine
430 2538 627 2572 offensione
654 2544 768 2580 esset,
810 2540 839 2571 si

137 2586 366 2630 praecederet
392 2586 483 2629 licet,
504 2596 574 2620 non
599 2588 726 2620 liceat:
753 2596 842 2620 con-

136 2635 316 2668 iunctivus
345 2634 500 2668 futurum
527 2639 664 2679 tempus
683 2636 841 2678 respicit.

210 2682 364 2726 Cap 84.
413 2674 545 2716 Vitellio
572 2694 615 2716 ac
640 2682 844 2717 satellitibus

138 2731 228 2764 eius:
259 2730 436 2764 invidioso
462 2733 605 2765 nomine
620 2731 755 2765 Vitellii
775 2733 844 2764 mi-

138 2778 218 2812 lites
244 2778 419 2823 ‹lesignat.
455 2779 637 2814 Satellites
663 2781 756 2813 enim
779 2781 846 2814 sti.-

139 2830 278 2868 patores
307 2827 464 2870 corporis
499 2832 534 2861 et
568 2828 603 2861 in
628 2827 751 2862 servili
779 2827 846 2861 ob-

142 2875 285 2918 sequio:
322 2874 367 2908 cf.
394 2874 506 2918 1145,
544 2876 589 2910 Vl
620 2877 654 2920 3,
693 2875 757 2911 ΧΠ
787 2877 846 2919 49,

141 2919 219 2954 XIV
236 2921 292 2963 59,
321 2922 397 2956 xvi
424 2924 480 2957 22.
520 2924 560 2958 Η.
590 2924 637 2958 lv
656 2925 702 2960 50
730 2929 766 2958 et
787 2924 845 2959 58.

143 2965 291 3003 Fallitur
314 2966 583 3016 Doederlinius,
615 2970 679 3008 hos
706 2970 847 3007 satelli-

906 2205 959 2234 tes
986 2210 1067 2234 esse
1094 2211 1243 2234 censens
1269 2200 1553 2234 insidiatos-esc.
1576 2199 1622 2234 75

906 2253 1131 2282 memoratos.

966 2298 1175 2341 fortissimus
1194 2319 1232 2324 «-
1249 2298 1500 2341 quietissimus.-
1523 2305 1625 2331 com-

908 2347 1045 2390 paravit
1071 2346 1211 2390 Lipsius
1237 2346 1382 2380 Homeri
1410 2344 1513 2380 Iliad.
1542 2344 1624 2388 138,

908 2396 943 2430 Δ
964 2395 1057 2437 429,
1105 2394 1196 2428 Livii
1227 2394 1290 2428 Vll
1320 2396 1364 2438 1,
1418 2392 1625 2428 Aristotelis

907 2442 1025 2476 Ethic.
1055 2443 1130 2477 Nic.
1155 2442 1202 2476 111
1235 2444 1289 2479 10.

985 2491 1150 2526 Germani
1164 2492 1341 2525 audeant:
1369 2490 1534 2525 Germani
1562 2489 1623 2534 qui

911 2544 1045 2582 partem
1073 2542 1251 2574 exercitus
1270 2539 1457 2574 Vitelliani
1484 2537 1628 2571 efficie-

911 2587 995 2620 bant
1023 2589 1089 2633 (cf.
1116 2589 1206 2623 c.61
1235 2592 1361 2634 extr.)‚
1392 2586 1463 2621 soli
1489 2595 1628 2620 memo-
1694 2598 1697 2599 ⁷

912 2641 1032 2669 rantur
1054 2637 1212 2671 invidiae
1239 2648 1359 2679 causa,
1387 2635 1487 2681 quasi
1505 2638 1628 2668 exter..

913 2685 967 2717 nis
1000 2685 1112 2728 copiis
1142 2685 1311 2719 Vitellius
1336 2686 1372 2718 in
1399 2694 1474 2718 rem
1495 2682 1629 2716 noma-

916 2743 992 2765 nain
1033 2735 1220 2767 invasurus
1272 2735 1330 2767 sit.
1395 2733 1632 2776 Opponuntur

915 2782 1032 2814 statim
1058 2782 1167 2816 ulline
1185 2781 1314 2816 Italiae
1339 2780 1475 2814 atunmt
1504 2785 1536 2814 et
1556 2781 1632 2814 Ro-

916 2839 1022 2862 mana
1046 2841 1126 2864 vere
1154 2832 1325 2865 iuventas.

998 2879 1312 2924 praestrinqimus:
1354 2877 1383 2911 si
1421 2877 1500 2922 quis
1538 2876 1634 2911 dicat

917 2925 1038 2959 sordes
1076 2932 1111 2961 et
1144 2927 1399 2961 obscuritatem
1439 2926 1534 2970 ipsas
1572 2929 1635 2969 per

917 2982 955 3007 se
981 2972 1224 3020 delitescere,
1264 2983 1394 3009 moneo
1420 2976 1490 3008 tam
1515 2971 1636 3020 splen&
