1768 3216
111 271 134 297 ι
158 259 200 298 0.
224 262 287 298 84.
658 257 666 267 ‘
723 261 810 299 Cn.
837 262 994 301 28-30.
1516 280 1520 283 ’
1540 262 1611 302 199

113 386 310 435 magnum
338 383 380 421 et
407 380 611 422 incertum
641 383 844 422 terrorem
872 380 1053 432 faceret,
1085 379 1290 434 expedito
1308 380 1517 433 exercitu,
1546 381 1614 423 cui

112 441 171 497 ex
193 454 402 497 Britannis
433 454 686 497 fortissimos
717 459 758 496 et
785 454 913 510 longa
952 467 1059 509 pace
1097 455 1336 509 exploratos
1378 454 1611 508 addiderat,

54 535 57 537 ’
117 528 171 571 ad
203 527 385 572 montem
419 529 656 583 Grampium
686 530 1072 584 pervenit,·quem
1106 529 1188 571 iam
1218 529 1351 571 hostis
1382 529 1610 571 insederat.-

111 600 430 646 Nu‘mvBritanni
458 604 561 645 nihil
592 604 714 646 fracti
743 616 908 659 pugnae
938 604 1091 658 prioris
1122 607 1299 656 eventu,
1344 607 1384 644 et
1413 603 1612 645 ultionem

112 680 184 718 aut
212 676 426 719 servitium
458 682 743 732 expectantes,
773 679 1023 733 tandemque
1052 678 1165 720 docti
1197 690 1414 720 commune
1441 678 1644 732 pericu-⁵

110 751 196 794 lum
213 753 442 795 concordia
470 754 810 808 propulsandum,
838 753 1118 808 legationibus
1138 758 1177 795 ct
1205 753 1447 796 foederibus
1473 753 1614 795 omni-

113 838 182 868 um
222 826 434 870 civitatum
477 828 591 869 vires
625 829 882 870 exciverunt.
953 828 1122 882 Iamque
1149 839 1276 882 super
1305 828 1473 883 triginta
1499 827 1613 870 milia

113 906 366 944 armatorum
398 902 730 956 aspiciebantur,
778 907 819 944 et
849 902 987 944 adhuc
1018 902 1227 943 adfluebat
1256 902 1391 943 omnis
1420 903 1612 945 iuventus

113 979 155 1016 et
178 975 328 1030 quibus
363 976 492 1018 cruda
523 988 574 1017 ac
604 977 753 1018 viridis
784 981 1007 1028 senectus,
1041 976 1143 1018 clari
1170 976 1281 1018 bello
1314 989 1364 1018 ac
1390 988 1466 1018 sua
1496 978 1613 1030 quis-

112 1054 194 1103 que
217 1049 375 1092 deeora
402 1054 640 1106 gestantes,
689 1062 800 1093 cum>
819 1051 929 1093 inter
955 1051 1096 1104 plures
1129 1051 1257 1092 duces
1284 1050 1435 1092 virtute
1463 1054 1504 1092 et
1532 1063 1614 1105 ge-
1627 1063 1667 1093 to

111 1134 216 1166 uere
243 1128 476 1178 praestans,
508 1126 676 1167 nomine
708 1125 929 1181 Calgacus,
960 1125 1066 1179 apud
1094 1128 1352 1166 contractam
1384 1123 1615 1166 multitudi-

116 1208 213 1241 nem
242 1199 446 1253 proelium
478 1203 721 1253 poscentem
753 1201 794 1241 in
825 1200 934 1241 hunc
963 1199 1131 1241 modum
1159 1199 1326 1240 locutus
1355 1199 1499 1241 fertur.

243 1270 464 1324 ‘Quotiens
503 1286 651 1316 causas
681 1274 781 1316 belli
804 1278 853 1316 ¹et
882 1274 1179 1315 necessitatem
1218 1276 1404 1314 nostram
1435 1273 1613 1326 intueor,

111 1349 984 1415 ondiernum
1016 1348 1125 1390 diem
1160 1359 1495 1401 consensumque
1534 1359 1614 1389 ve-

112 1426 242 1465 strum
271 1423 433 1466 initium
463 1424 667 1467 libertatis
698 1424 823 1466 totius
853 1423 1092 1465 Britanniae
1123 1422 1229 1464 sore.
1303 1422 1406 1464 Nam
1447 1426 1487 1462 et
1514 1421 1664 1463 uni-15

43 1281 103 1321 30

193 1576 229 1610 3.
258 1575 451 1621 Graupium
472 1577 515 1618 Δ,
542 1575 736 1621 Graupium
764 1577 802 1621 (a
829 1575 971 1609 subnot.
998 1579 1034 1609 et
1059 1582 1237 1618 superscr.
1263 1575 1302 1619 u)
1329 1575 1379 1608 s:
1408 1573 1613 1618 Gran-pium

114 1622 343 1657 Puteolanus.
363 1626 369 1631 '
438 1624 545 1658 hostis
569 1625 747 1658 insederat
773 1626 858 1660 ΓΔε
883 1624 997 1658 hostes
1020 1623 1198 1657 insederat
1223 1634 1249 1656 π
1274 1624 1306 1665 1,
1332 1621 1445 1655 hostes
1470 1621 1612 1655 insede-

114 1671 175 1705 raeit
198 1684 227 1707 π
253 1673 289 1707 2.
415 1673 451 1707 5.
478 1684 656 1706 commune
682 1674 878 1719 periculum
904 1674 941 1708 Δ
968 1677 1003 1706 et
1028 1670 1267 1705 Puteolanus:
1291 1670 1487 1716 perieulum
1514 1680 1612 1703 com-

112 1730 216 1754 mune
247 1722 286 1755 Γ.
361 1720 396 1754 7.
422 1722 617 1755 ciuitatium
642 1723 685 1757 Δ.
754 1722 789 1757 9.
812 1722 910 1755 vires
936 1731 1007 1766 mg.
1035 1722 1072 1755 Γ.
1174 1730 1219 1753 ac
1243 1730 1308 1753 sua
1334 1721 1365 1754 Γ
1362 1720 1397 1754 Δ
1406 1730 1414 1751 :
1439 1717 1614 1752 Puteola-

113 1778 181 1802 nus
206 1773 239 1802 et
261 1779 337 1802 sua.
457 1771 513 1804 ll.
541 1775 726 1804 contracta
752 1769 980 1803 Puteolanus.
1106 1769 1161 1803 13.
1188 1768 1319 1812 quoties
1351 1768 1427 1802 FA:
1455 1767 1613 1811 quotiens

114 1816 344 1861 Puteolanus.
449 1819 587 1852 intuere
612 1821 657 1854 Δ.
763 1820 818 1853 14.
849 1828 1100 1861 consensusque
1125 1822 1277 1850 vostrum
1301 1817 1344 1851 Δ.
1467 1815 1522 1849 15.
1550 1814 1614 1848 toti

116 1865 327 1900 Britanniae
351 1867 396 1901 Δ.

189 1999 237 2034 ad
259 2005 408 2034 montem
436 2000 662 2046 Grampium:
689 2005 743 2034 est
770 2001 827 2034 iu·

118 2059 202 2094 gum
231 2049 404 2082 montium
430 2059 500 2094 quo
529 2048 726 2083 Caledonia
751 2048 828 2082 fere

117 2096 234 2131 media
248 2096 456 2140 dirimitur,
496 2107 592 2130 nunc
620 2097 827 2144 Grampiau,

117 2144 204 2180 olim
230 2145 449 2180 Grantzbain
476 2144 707 2190 appellatum.

203 2217 315 2251 cruda
348 2227 393 2250 ac
416 2216 540 2251 viridis
573 2223 752 2252 senectus.-
792 2222 831 2250 ut

118 2264 226 2299 cruda
247 2269 416 2299 senectus
437 2270 608 2308 maturae,
634 2267 686 2300 sic
703 2266 828 2299 viridis

118 2313 327 2347 flavescenti
377 2314 582 2356 opponitur.
654 2313 828 2358 Virgilius

117 2362 208 2395 Aen.
236 2359 389 2396 v1404:
415 2362 487 2394 iam
500 2362 619 2394 senior
633 2361 828 2406 (Charon),

118 2409 180 2443 sed
204 2409 316 2443 enada
351 2409 414 2443 deo
452 2409 640 2453 viridisque
674 2414 826 2443 senecta.

120 2457 255 2492 Graece
291 2461 347 2492 est
386 2457 619 2505 ὠμογέρων,
656 2456 675 2491 ὃ
713 2458 828 2506 μήπω

119 2508 268 2549 πέπων,
296 2505 438 2540 Homer.
466 2505 507 2540 ll.
530 2514 564 2553 ψ
590 2505 672 2541 791.

193 2610 259 2633 sua
292 2601 432 2645 quisque
468 2600 598 2634 decora
629 2604 827 2644 gestantes.-

122 2647 277 2681 hostium
304 2648 420 2682 oculis
446 2649 576 2692 compti
603 2652 637 2681 et
663 2656 828 2691 magnum

120 2695 214 2729 diem
229 2697 377 2742 egregia
392 2697 516 2740 specie
530 2695 745 2729 celebraturi
764 2694 831 2728 ad-

121 2748 306 2778 venerant.
355 2743 588 2778 Barbarorum
617 2744 747 2777 decora
770 2746 831 2776 aut

121 2802 217 2825 arma
252 2801 337 2835 prae
371 2793 501 2826 ceteris
534 2796 658 2826 ornata
691 2797 753 2825 aut
786 2790 831 2824 de

123 2839 227 2874 hoste
243 2846 343 2885 rapta
358 2840 525 2874 videntur
543 2850 624 2874 esse
639 2851 648 2872 :
672 2850 752 2873 nam
771 2843 833 2873 aut

122 2887 303 2924 avita.ob
338 2890 484 2935 generis
513 2887 737 2922 nobilitatem
772 2891 833 2921 aut

124 2936 257 2970 tributa
282 2937 328 2970 ob
355 2938 523 2971 virtutem
555 2937 591 2970 in
627 2934 832 2970 Caledoniis

125 2990 164 3022 ut
176 2990 383 3029 statuamus,
410 2987 505 3020 iusta
521 2995 629 3022 causa
639 2994 710 3020 non
722 2983 832 3021 adest.

272 3063 395 3093 Tacitus
416 3062 470 3095 lV.

970 1998 1103 2031 Iocutus
1120 1998 1257 2042 fertur.-
1283 1996 1448 2041 apposite
1469 1995 1612 2039 scripsit

898 2047 1032 2081 locutus
1069 2048 1209 2090 fertur,
1258 2055 1328 2078 non
1367 2044 1502 2078 locutus
1548 2049 1610 2086 est,

898 2094 1120 2128 admonendo
1134 2093 1300 2139 legentes
1317 2094 1515 2127 orationem
1530 2101 1610 2126 esse

899 2154 919 2177 a
944 2154 1025 2177 sese
1053 2143 1284 2186 compositam
1312 2146 1346 2175 et
1373 2151 1491 2175 rerum
1518 2150 1609 2174 con-

898 2191 1025 2225 ditioni
1052 2190 1364 2225 accommodatam.
1416 2189 1531 2222 Prima
1556 2187 1612 2221 est

899 2241 1037 2282 oratio,
1074 2249 1177 2284 quam
1214 2237 1384 2271 historico
1423 2236 1523 2280 operi
1550 2235 1610 2268 in-

899 2293 1030 2321 textam
1080 2297 1159 2320 cum
1205 2284 1416 2329 aequalibus
1469 2283 1610 2316 Tacitus

899 2334 1184 2369 communicavit.
1249 2332 1349 2365 Alias
1394 2332 1430 2364 in
1466 2329 1611 2363 iudiciis

898 2383 1089 2423 habuerat,
1124 2380 1212 2414 alias
1242 2380 1475 2413 Historiarum
1509 2376 1611 2411 libris

898 2433 1109 2471 inseruerat,
1135 2428 1199 2462 sed
1225 2428 1293 2462 bae
1322 2426 1476 2460 nondum
1503 2424 1611 2460 evul-

900 2483 1004 2525 gatae
1032 2482 1143 2512 erant.

973 2548 1058 2593 Cap.
1075 2549 1135 2584 30.
1177 2558 1301 2581 causas
1326 2545 1407 2579 betti
1431 2551 1462 2579 et
1486 2555 1611 2578 neces-

899 2598 1035 2632 sitatem
1051 2602 1209 2630 nostram
1225 2606 1236 2627 .·
1262 2594 1348 2628 belli
1376 2603 1504 2627 causae
1530 2596 1612 2626 sunt

900 2644 1136 2691 depellendae
1154 2643 1336 2678 servitutis
1358 2653 1377 2674 a
1394 2640 1522 2674 finibus
1539 2638 1611 2672 Ca-

901 2694 1066 2728 ledoniae
1101 2693 1276 2732 studium,
1314 2690 1502 2722 necessitas
1542 2696 1610 2731 pu-

901 2743 1083 2788 gnantium
1127 2752 1171 2774 ex
1209 2737 1395 2773 infestiore
1431 2736 1611 2768 Romano-

901 2801 976 2824 rum
1007 2798 1220 2834 progressu,
1252 2795 1375 2819 eorum
1401 2783 1551 2816 avaritia
1577 2786 1613 2815 et

902 2838 1039 2884 gloriae
1068 2836 1247 2879 cupidine.
1278 2833 1330 2866 De
1356 2832 1517 2875 utrisque
1536 2835 1613 2863 sta-

901 2886 962 2919 tim
993 2894 1173 2928 exponere
1199 2882 1330 2925 coepit.
1353 2878 1504 2925 Magnus
1528 2878 1614 2912 ani-

901 2946 975 2968 mus
1002 2933 1147 2977 antiqua
1182 2929 1411 2974 simplicitate
1446 2936 1508 2971 pro
1533 2935 1613 2961 ma-

901 2992 974 3030 yna
998 2980 1108 3016 animi
1131 2989 1219 3026 spes.

1309 3041 1335 3088 9
