1768 3216
141 243 217 294 pes

190 361 309 405 (esse)
338 360 361 393 i.
390 369 423 393 e.
452 363 662 406 tegumento
689 370 770 399 esse
798 361 824 401 H
843 362 865 402 2

191 418 247 454 14.
284 419 485 461 obtendere
514 421 608 457 curis
636 421 758 460 luxum
784 421 814 461 H
841 423 865 459 3

191 477 249 512 36.

143 536 288 577 obversi
317 539 338 579 i,
371 550 402 574 e.
433 541 468 574 in
493 541 643 581 adversa
670 543 750 581 acie
777 552 870 580 con.-

185 598 301 633 stituti
331 601 374 636 12
404 601 458 635 14.

141 658 270 698 obvius
301 660 337 698 in
365 660 470 701 litora
499 662 544 701 14
568 663 603 704 4.

142 721 311 770 occupari
340 732 403 772 pro
432 723 598 772 intercipi
630 723 657 760 H
681 722 705 759 4
731 725 765 762 2.

141 789 187 814 ne
223 780 359 820 oderim
388 786 458 819 tam
486 784 649 830 segniter
676 788 870 831 pereuntes

194 839 236 876 16
267 839 323 880 16.

143 900 226 937 odia
253 901 290 935 in
317 900 464 951 longum
494 903 614 939 iacere
645 905 659 940 1
688 904 747 941 69.

140 960 302 998 officium
331 962 354 1000 i.
383 973 414 1002 e.
444 974 571 1003 munus
599 964 626 999 O
653 964 687 1000 6.

139 1021 260 1059 oleum
289 1034 309 1058 a
335 1023 464 1072 quibus
497 1024 631 1072 populo
665 1025 865 1070 praebitum

142 1130 145 1133 ‚
182 1083 229 1117 sit
260 1084 302 1116 14
329 1083 388 1123 47.

139 1141 225 1177 olim
249 1142 381 1176 inditus
409 1154 495 1190 erga
521 1145 782 1190 Vespasianum
806 1146 864 1185 sa-

194 1212 259 1237 voi·
286 1208 486 1241 correctum
514 1205 542 1243 H
569 1206 592 1241 3
612 1206 670 1245 44.

144 1264 264 1301 omina
290 1263 383 1302 mala
414 1269 449 1302 et
470 1265 587 1301 fausta
609 1266 645 1301 in
668 1266 872 1305 nominibus

190 1323 219 1356 H
248 1323 271 1359 4
297 1325 356 1361 24.
671 1354 676 1358 .

140 1385 304 1418 omittere
333 1389 368 1418 et
391 1386 555 1420 ainittere
586 1385 629 1423 13
651 1386 709 1431 26,
740 1387 783 1425 23
803 1387 862 1422 46.

189 1444 216 1479 O
245 1446 278 1479 5.
312 1455 383 1479 non
408 1446 572 1481 omittere
591 1447 677 1493 quin
691 1458 755 1482 seu
770 1458 864 1494 quo-

189 1507 319 1550 minus,
349 1511 384 1540 et
412 1516 482 1544 uon
509 1507 698 1544 admittere
724 1513 763 1543 ut
787 1509 815 1545 H
842 1510 864 1549 2

186 1564 244 1600 40.

136 1625 166 1659 si
195 1635 274 1663 cum
302 1625 466 1664 omnibus
494 1626 626 1667 fatetur
661 1633 860 1664 correctum

184 1695 227 1718 ex
255 1685 283 1719 si
312 1686 508 1721 comminus
534 1686 561 1721 f.
588 1685 616 1721 O
643 1687 702 1722 25.

137 1746 250 1781 omnis
278 1745 434 1781 adulatio
463 1747 496 1793 i.⁴
515 1758 546 1783 e.
574 1748 690 1782 omnis
711 1748 855 1794 generis

186 1805 240 1839 ad.
271 1805 298 1839 O
324 1806 380 1841 13.

137 1866 277 1910 operari
305 1865 452 1902 verbum
478 1876 659 1903 sacrorum
679 1868 861 1912 proprium

186 1927 208 1964 2
242 1925 296 1961 14.

135 1986 274 2030 opinari
301 1986 345 2021 de
371 1987 463 2027 falsa
490 1992 550 2022 aut
568 1988 755 2026 temeraria
772 1998 859 2025 son-

188 2047 300 2080 tentia
330 2046 357 2080 G
385 2047 418 2081 3.

138 2110 177 2139 ut
197 2107 325 2151 opinor
348 2111 572 2152 contemptus
588 2108 740 2146 formula
759 2108 787 2143 Ο
804 2110 861 2149 25,

138 2166 306 2211 oppidum
345 2167 560 2205 Batavorum
596 2179 661 2212 per
698 2170 863 2207 eminen-

186 2228 271 2261 tiam
297 2228 350 2262 sic
377 2227 509 2262 dictum
539 2228 676 2262 nullum
703 2233 758 2265 est
785 2228 815 2268 H
842 2229 863 2263 5

189 2288 244 2323 19.

137 2348 366 2392 opprobrium
413 2348 584 2381 maiorum
632 2347 676 2381 de
716 2347 861 2382 homine

171 2408 207 2452 ,3
233 2408 291 2443 66.

138 2468 331 2512 opulentus
358 2477 436 2502 cum
464 2467 621 2504 ablativo
650 2478 693 2506 nn
723 2469 859 2514 genitis

186 2537 232 2561 vo
264 2528 293 2561 H
321 2528 341 2561 2
368 2528 402 2562 6.

142 2596 231 2631 opus
258 2586 302 2622 de
330 2597 461 2633 magno
488 2592 524 2620 et
547 2587 741 2625 artificioso
759 2587 862 2626 aedi..

185 2647 267 2681 ficio
296 2647 324 2681 H
350 2649 372 2683 2
398 2647 458 2681 21.

139 2709 253 2741 oratio
281 2707 324 2741 de
345 2708 499 2752 epistola
516 2707 559 2741 ad
576 2711 737 2741 senatum
757 2707 863 2740 missa

186 2768 209 2801 3
236 2769 294 2803 57.

141 2830 322 2863 orationes
351 2829 394 2862 ab
429 2828 510 2869 aliis
546 2828 685 2862 habitas
720 2827 860 2868 Tacitus

187 2893 399 2935 argumento
428 2893 463 2928 et
484 2887 765 2934 cogitationibus
782 2892 859 2926 ’θην

187 2953 260 2983 tum
305 2949 456 2989 servatis
499 2947 614 2990 libere
657 2948 771 2989 forma
816 2947 859 2982 ad

818 242 960 282 INDEX

963 372 1065 402 suum
1090 362 1277 411 ingenium
1303 362 1385 401 ficta
1413 364 1568 403 rettulit>
1593 366 1640 408 Μ

962 421 1021 462 24,
1448 455 1450 459 ,

915 493 977 521 ora
992 484 1124 522 truncis
1142 483 1307 523 arborum
1330 495 1351 524 a
1367 484 1554 526 Germanis
1572 494 1640 521 nn-

969 543 1077 579 telixa
1107 546 1121 581 1
1149 543 1207 582 61.
1262 554 1326 583 ora
1349 545 1374 580 i.
1401 556 1435 586 e.
1461 545 1584 588 vultus
1610 546 1640 583 Η

962 603 985 642 3
1015 604 1069 642 10.

916 669 1076 699 oratores
1101 669 1301 711 temporum
1327 671 1543 712 nostrorum,
1570 677 1642 709 non

965 729 1106 762 actores
1134 724 1162 761 Ο
1189 726 1248 763 26.

924 779 1057 821 orbitas
1084 783 1289 831 praevalida
1316 786 1339 825 3
1364 786 1424 828 25.
1473 787 1520 826 cf·
1549 786 1578 826 0
1606 787 1641 828 6.

965 844 1073 878 orbus
1111 844 1145 878 h.
1188 856 1220 882 e.
1257 844 1403 885 caelebs
1441 851 1479 882 et
1513 846 1638 886 tiberis

966 915 1091 941 carens
1121 906 1163 940 15
1193 905 1247 941 19.
1634 924 1636 926 v

907 965 992 1005 ordo
1028 966 1240 1006 Mutinensis
1277 966 1301 1006 i.
1340 976 1373 1003 e.
1408 965 1626 1007 decuriones

966 1027 1122 1060 Mutinae
1152 1027 1337 1071 municipii
1367 1027 1395 1060 H
1423 1027 1445 1064 2
1474 1027 1532 1063 52.

907 1088 978 1123 oris
1005 1086 1169 1126 confusio
1185 1088 1221 1125 in
1234 1086 1440 1127 Domitiano
1466 1085 1639 1125 iudicium

963 1147 1138 1186 saevitiae
1161 1146 1190 1186 Η
1215 1146 1239 1185 4
1264 1147 1323 1186 40.

915 1206 975 1241 Osi
1003 1206 1156 1254 populus
1181 1216 1254 1246 non
1281 1206 1513 1246 Germanicus
1540 1206 1569 1243 G
1593 1208 1641 1246 28

971 1272 1006 1301 et
1035 1265 1094 1301 43.

914 1332 1095 1367 ostentare
1121 1337 1286 1367 annonae
1322 1328 1553 1369 securitatem
1594 1330 1636 1370 15

914 1449 1086 1487 ostentari
1106 1459 1170 1494 per
1193 1449 1374 1489 exercitus
1406 1449 1422 1487 1
1455 1449 1490 1490 3.

916 1509 1079 1544 Ostorius
1105 1520 1236 1550 nomon
1266 1509 1406 1557 gentile
1431 1510 1553 1550 Sabini
1571 1510 1639 1550 de-

962 1569 1087 1609 latoris
1117 1570 1160 1611 16
1185 1569 1244 1610 23.

913 1628 1006 1664 Otho
1039 1630 1222 1666 animosus
1255 1634 1443 1674 corruptor
1484 1628 1639 1668 militum

957 1689 1211 1726 Galbianorum
1241 1690 1267 1724 H
1293 1690 1308 1722 1
1331 1688 1388 1725 24.
1417 1688 1525 1724 homo
1540 1688 1638 1728 mol-

954 1748 997 1782 lis
1028 1750 1055 1783 H
1089 1751 1102 1783 1
1133 1747 1193 1787 30.
1221 1751 1300 1783 eius
1325 1748 1440 1783 oratio
1465 1747 1510 1782 ad
1535 1747 1634 1786 mili-

967 1812 1020 1845 tes
1070 1809 1220 1855 egregie
1258 1807 1302 1845 ad
1342 1803 1640 1853 corrumpendum

959 1870 1159 1913 composita
1194 1869 1223 1905 H
1261 1869 1275 1902 1
1305 1868 1364 1904 36.
1423 1871 1522 1904 aetas
1559 1878 1639 1903 cum

957 1928 1047 1966 obiit
1074 1929 1103 1963 H
1129 1930 1152 1964 2
1177 1928 1236 1964 49.

910 1987 1106 2029 Othoniani
1130 1999 1173 2028 ac
1202 1988 1389 2027 Vitelliani
1410 1986 1640 2028 uberioribus

958 2050 1051 2083 inter
1079 2059 1118 2083 se
1153 2048 1292 2093 probris
1331 2058 1435 2093 quam
1474 2046 1638 2086 laudibus

962 2108 1135 2148 stimulati
1161 2108 1190 2142 H
1219 2110 1241 2143 2
1267 2109 1325 2146 21.

914 2169 988 2202 otio
1017 2168 1238 2202 credentium
1259 2166 1384 2213 augeri
1410 2175 1571 2205 rumores
1598 2166 1642 2200 14

962 2228 1020 2263 58.

909 2289 1045 2325 otiosus
1065 2292 1172 2333 atque
1192 2287 1374 2326 diiunctus
1388 2290 1508 2325 orator
1526 2285 1556 2326 O
1576 2286 1630 2322 18.

961 2349 1077 2381 otiosa
1102 2358 1159 2382 res
1187 2347 1215 2381 O
1246 2347 1306 2387 40.

907 2409 1018 2442 otium
1049 2418 1239 2452 capessere
1264 2411 1300 2440 et
1324 2407 1436 2446 otium
1450 2406 1633 2445 lacessere

962 2468 1005 2502 14
1031 2468 1065 2502 3.
1094 2468 1279 2507 oblectare
1306 2467 1419 2505 otium
1447 2467 1471 2501 i.
1490 2477 1522 2501 e.
1541 2466 1638 2503 otio-

959 2538 1019 2562 sos
1046 2528 1074 2562 O
1105 2527 1159 2566 10.

920 2647 1017 2691 pacis
1041 2646 1191 2684 adversa
1209 2646 1259 2681 rei
1284 2645 1452 2690 publicae
1467 2646 1641 2690 primores

963 2708 1114 2744 timuere
1142 2711 1340 2747 correctum
1368 2706 1397 2739 H
1428 2709 1442 2740 1
1473 2706 1532 2741 89.

917 2768 1091 2801 Paconius
1109 2768 1328 2812 Agrippinus
1349 2767 1545 2803 maiestatis
1558 2776 1640 2800 reus

960 2827 1026 2860 sub
1054 2826 1197 2861 Tiberio
1225 2826 1383 2865 concidit
1413 2826 1456 2865 16
1483 2825 1541 2860 28.

912 2886 1083 2924 Pacorum
1122 2886 1216 2931 apud
1243 2885 1389 2928 Medos,
1429 2884 1635 2931 Vologesen

956 2945 1148 2980 Ecbatanis
1176 2945 1335 2992 repperit
1369 2944 1411 2979 15
1439 2945 1497 2985 31.
