1768 3216
187 221 261 256 820
778 214 1090 251 HISTORIARVM
1474 226 1506 250 a.
1532 223 1569 250 u.
1596 213 1682 251 823.

187 341 270 383 tem
302 337 342 377 in
371 340 507 389 partes
543 332 787 387 Vespasiani
816 332 1029 388 legionem
1060 333 1343 385 deseruisset,
1376 332 1538 384 ablata,
1567 335 1613 373 ut
1640 331 1684 372 in

185 411 355 452 Plotium
401 408 593 460 Griphum
643 407 953 448 transferretur.
1014 407 1170 449 Hormo
1230 406 1413 460 dignitas
1473 405 1682 460 equestris

186 485 292 525 data.
338 483 389 523 Et
419 492 515 522 mox
546 481 733 522 eiurante
754 481 953 522 Frontino
984 481 1140 523 Caesar
1157 480 1419 522 Domitianus
1448 483 1685 534 praeturam

184 557 303 609 cepit.
359 555 458 596 Eius
506 541 660 596 nomen
701 555 886 608 epistulis
935 555 1167 609 edictisque
1215 554 1574 609 praeponebatur,
1619 553 1685 594 vis

152 641 309 684 spenes
335 629 574 670 'Mucianum
606 633 716 682 erat,
746 629 828 671 nisi
860 630 969 683 quod
996 630 1194 683 pleraque
1222 629 1514 681 Domitianus,
1559 627 1686 670 insti-

180 704 374 759 gantibus
409 704 553 745 amicis
584 708 652 745 aut
680 704 849 758 propria
867 704 1056 757 libidine,
1090 704 1282 746 audebat.
1333 703 1415 746 Sed
1434 701 1684 758 praecipuus

177 777 369 819 Muciano
411 781 542 819 metus
581 790 606 818 e
646 777 781 818 Primo
822 777 1007 820 Antonio
1039 779 1233 833 Varoque
1263 778 1416 831 Arrio,
1458 788 1563 832 quos
1609 788 1685 818 re-

182 856 326 894 centes
359 852 580 906 clarosque
611 864 749 894 rerum
783 852 892 894 sama
926 865 975 894 ac
998 853 1166 894 militum
1194 852 1344 895 studiis
1367 852 1489 894 etiam
1508 849 1684 906 populus

111 909 155 971 ,ἷᾴ
180 927 362 979 fovebat,
396 928 489 981 quia
522 928 563 968 in
595 928 804 969 neminem
835 927 940 969 ultra
973 928 1107 969 aciem
1125 928 1375 970 saevierant.
1436 927 1487 968 Et
1517 925 1684 968 fereba..

55 1016 70 1037 r
102 1005 246 1072 (¹2¹90m1'
275 1002 482 1043 Antonius
509 1002 829 1044 Scribonianum
871 985 1090 1055 crassum,
1139 1003 1324 1058 egregiis
1374 972 1686 1070 maioriboisffet

97 1072 106 1110 i
184 1076 368 1118 fraterna
409 1077 592 1132 imagine
635 1077 862 1132 fulgentem
905 1078 956 1119 ad
997 1077 1299 1132 capessendam
1338 1068 1438 1119 rem
1462 1062 1684 1130 publicam

182 1137 392 1204 hortatus,
435 1151 543 1193 haud
587 1152 777 1194 defutura
821 1153 1086 1194 consciorum
1127 1164 1275 1204 manu,
1308 1152 1351 1193 ni
1382 1150 1683 1195 Scribonianus

0 1261 48 1292 ss,
68 1243 131 1311 1223
178 1225 419 1278 abnuisset,
453 1239 505 1267 ne
531 1228 685 1285 paratis
717 1227 883 1281 quidem
916 1227 1127 1281 corrumpi
1158 1226 1315 1279 facilis,
1347 1225 1455 1268 adeo
1494 1229 1684 1267 metuens

0 1279 123 1354 (ἷῖρμ
119 1299 350 1350 Tincerta.
413 1300 543 1355 Igitur
587 1301 827 1354 Mucianus,
875 1302 971 1356 quia
1011 1301 1223 1356 propalam
1269 1301 1445 1355 opprimi
1474 1298 1683 1344 Antonius

125 1382 163 1412 ιε
176 1375 396 1428 nequibat,
436 1375 581 1417 multis
612 1377 651 1416 in
685 1381 833 1418 senatu
863 1377 1054 1418 laudibus
1087 1376 1337 1418 cumulatum
1371 1375 1549 1418 secretis
1578 1384 1685 1439 prqu-

175 1449 313 1491 missis
345 1454 507 1502 onerat,
541 1451 782 1492 citeriorem
812 1451 1053 1505 Hispaniam
1086 1455 1301 1492 ostentans
1333 1450 1526 1492 discessu
1547 1436 1682 1492 Cluvii
1710 1454 1717 1458 '

175 1523 264 1564 Rufi
307 1536 508 1575 vacuam3
557 1525 678 1566 simul
721 1526 867 1567 amicis
911 1526 999 1568 eius
1038 1526 1269 1568 tribunatus
1310 1525 1684 1579 praefecturasque

176 1597 364 1653 largitur.
425 1599 531 1640 Dein
575 1604 792 1653 postquam
839 1601 1005 1643 inanem
1056 1601 1236 1642 animum
1281 1612 1355 1654 spe
1399 1604 1439 1640 et
1487 1597 1683 1654 cupidine

316 1747 350 1781 3.
380 1757 482 1781 cesar
508 1745 572 1781 Μ3.
672 1747 708 1783 4
737 1749 852 1795 caepit
878 1747 941 1782 Μ3.
1027 1748 1113 1795 eplis
1138 1760 1217 1784 cum
1243 1749 1307 1784 lin.
1335 1747 1401 1784 Μ3.
1473 1756 1674 1794 praepone·

178 1795 279 1829 batur
306 1794 409 1829 GMa:
432 1794 696 1841 proponebatur
721 1796 747 1830 B
776 1802 811 1831 et
837 1797 1042 1832 Rhenanus.
1143 1798 1178 1833 9.
1203 1810 1273 1833 sev.
1302 1797 1366 1833 Ma.
1447 1798 1503 1834 10.
1529 1797 1680 1832 maiori-2
1705 1841 1710 1843 .

177 1843 302 1888 busque
328 1843 405 1878 Μ3ε
433 1843 460 1878 G
484 1844 686 1879 maioribus.
753 1846 809 1880 11
836 1857 911 1880 rem
932 1858 970 1892 p.
1001 1845 1067 1881 Μ3.

177 1993 339 2023 narratur
368 1988 409 2022 H.
437 1989 468 2023 11
494 1989 552 2024 85.
602 1989 773 2025 Praetura
799 2002 894 2026 nunc

186 2042 239 2072 est
264 2037 376 2083 legati
412 2039 581 2082 praetorii
615 2039 791 2085 dignitas,
826 2051 894 2085 qua

179 2086 216 2119 in
253 2086 398 2130 aliquod
437 2091 577 2131 tempus
620 2093 747 2121 exutus
781 2088 894 2122 lulia-

178 2145 256 2169 nus.
402 2141 438 2168 ut
473 2137 511 2168 in
541 2135 689 2170 Plotium
726 2137 896 2182 Griphum

179 2185 461 2228 transfer-mtur-
499 2188 537 2217 ut
565 2184 719 2229 Griphus
756 2186 799 2219 ad
837 2185 894 2219 le-

179 2233 361 2277 gationem
382 2233 556 2276 septimae
572 2232 728 2289 legionis
752 2234 894 2268 obeun-

179 2280 257 2314 dam
285 2280 535 2315 destinaretur.
580 2278 734 2326 Griphus
761 2287 893 2325 tamen,

179 2330 325 2375 cognita
350 2329 478 2363 Iuliani
506 2331 738 2374 innocentia,
766 2332 894 2365 missus

178 2388 250 2411 non
279 2382 333 2411 est
361 2381 411 2423 (c.
440 2379 520 2424 40).

252 2431 459 2471 praeturam
489 2427 598 2471 cepit:
641 2427 787 2462 Sueton.
819 2427 895 2461 Do-

179 2475 255 2507 mit.
287 2475 327 2507 1:
371 2474 538 2508 honorem
564 2482 756 2520 praeturae
782 2476 894 2509 urba-

179 2533 249 2555 nae
293 2521 474 2555 consulari
522 2529 690 2567 potestate
730 2526 896 2570 ,suscepit

180 2569 279 2604 tilulo
306 2575 425 2604 tenus.-
453 2581 536 2603 nam
556 2572 833 2606 iurisdictionem
850 2573 897 2606 ad

183 2617 353 2664 collegam
379 2620 580 2664 promimum
606 2621 796 2656 transtulit.

252 2668 323 2701 nisi
356 2667 446 2711 quod
477 2667 647 2713 pleraque
674 2670 896 2704 Domitianus

184 2737 224 2742 -
255 2715 424 2749 audebat:
461 2716 506 2750 cf.
538 2717 684 2752 Sueton.
712 2717 845 2752 Domit.
877 2722 894 2753 1

183 2768 274 2797 extr.
301 2763 413 2798 Taciti
441 2764 483 2799 A.
514 2765 547 2799 7.
762 2773 778 2784 ·

252 2812 524 2847 Scribonianum
539 2813 725 2849 Crassum.
720 2826 728 2835 ·
756 2815 800 2849 de
826 2815 897 2850 hoc

183 2859 226 2891 ad
270 2860 435 2894 Pisonem
479 2862 622 2896 fratrem
672 2863 897 2898 Scriboniani

185 2907 294 2942 Galba
334 2909 420 2943 dicit
458 2911 519 2954 (H.
556 2911 571 2944 1
608 2913 706 2959 15):
753 2919 803 2947 est
835 2913 898 2947 abi

183 2957 308 3002 frater,
331 2959 416 3004 pari
441 2958 635 3005 nobilitate,
660 2967 748 2996 natu
769 2962 895 3006 maiar,

966 1992 1092 2037 dignus
1119 1991 1188 2026 hac
1212 1994 1377 2037 fortuna,
1409 1992 1482 2031 nisi
1506 1997 1542 2027 tu
1562 1993 1681 2039 potior

967 2052 1069 2074 esses.

1040 2089 1190 2134 eqreqiis
1217 2089 1408 2123 maioribus
1449 2095 1482 2124 et
1515 2091 1682 2134 fraterna

965 2138 1120 2182 imagine
1154 2136 1369 2182 fulgentem:
1411 2137 1681 2183 maioribusque,

966 2190 1004 2219 ut
1029 2185 1180 2232 legitur
1188 2186 1223 2218 in
1250 2185 1327 2228 Μ3,
1364 2186 1492 2220 vitium
1517 2190 1597 2229 est,
1636 2186 1680 2221 ab

968 2233 1104 2268 Orellio
1126 2243 1197 2267 non
1222 2233 1315 2268 bene
1342 2233 1529 2269 defensum
1556 2245 1681 2268 exem-

967 2283 1026 2326 plo
1057 2294 1086 2316 c.
1115 2282 1163 2318 42
1189 2294 1292 2328 seque
1319 2289 1351 2316 et
1377 2282 1563 2318 delatores.
1592 2281 1684 2317 Nam

967 2333 996 2365 si
1025 2331 1131 2364 huius
1158 2341 1243 2365 usus
1276 2331 1442 2376 exempla
1480 2331 1524 2366 ad
1545 2331 1632 2379 Agr.
1657 2333 1681 2367 3

968 2379 1124 2414 collecta
1168 2382 1433 2424 comparaveris
1449 2406 1458 2424 ,
1514 2379 1681 2416 invenies

965 2427 1178 2472 particulam
1205 2440 1268 2474 que
1293 2430 1347 2463 sic
1372 2430 1457 2474 poni
1483 2433 1567 2463 ante
1592 2427 1680 2463 suh-

967 2481 1176 2522 sequentem
1222 2483 1253 2511 et
1274 2503 1284 2520 ,
1333 2482 1371 2510 ut
1412 2476 1507 2510 nudo
1544 2477 1680 2511 nomini

967 2526 1209 2569 substantivo,
1248 2535 1320 2559 non
1347 2525 1574 2560 substantivo
1599 2530 1681 2570 post

966 2574 1184 2608 adiectivum
1212 2575 1343 2618 posito,
1365 2574 1592 2620 adiungatur.
1643 2573 1679 2609 Si

967 2622 1087 2656 Tacito
1115 2623 1218 2657 licuit
1243 2622 1323 2656 XIV
1353 2623 1401 2658 30
1434 2622 1593 2657 scribere
1618 2633 1680 2656 re-

965 2683 1136 2716 ynumque
1175 2678 1207 2706 et
1248 2672 1384 2706 domum
1424 2682 1523 2706 suam
1553 2669 1682 2717 procul

967 2721 1101 2753 iniuria
1126 2722 1217 2765 fore,
1244 2719 1339 2754 idem
1367 2725 1482 2755 tamen
1498 2730 1679 2765 nunquam

967 2779 1073 2803 ausus
1101 2774 1155 2803 est
1189 2780 1287 2803 suum
1318 2780 1530 2815 reqnumque
1555 2774 1589 2802 et
1613 2768 1680 2803 do-

967 2829 1069 2851 mum.
1098 2817 1223 2863 ltaque
1249 2819 1286 2852 in
1308 2818 1378 2852 hoc
1403 2822 1526 2852 nostro
1553 2827 1681 2852 exem-

968 2865 1027 2909 plo
1066 2868 1182 2909 potuit
1225 2866 1383 2901 scribere
1422 2865 1681 2910 maioribusque

969 2919 1001 2947 et
1023 2920 1178 2959 paterna
1201 2916 1384 2962 imaqine‚
1431 2915 1496 2950 sed
1529 2914 1681 2960 egregiis

968 2963 1225 3011 maioribusque
1267 2969 1301 3000 et
1332 2970 1488 3012 paterna
1511 2963 1679 3010 imagine,
