1768 3216
127 214 220 258 μῦ.
245 214 305 252 69.
602 211 737 247 LIBER
766 210 824 245 111.
876 210 963 245 cir.
992 209 1147 246 72-73.
1566 206 1639 240 265

134 328 334 373 Norbano
367 326 607 370 consulibus
638 326 903 380 flagraverat.
950 324 1098 366 Curam
1128 323 1266 365 victor
1294 322 1412 367 Sulla
1439 321 1638 375 suscepit,

138 415 276 457 neque
308 407 445 445 tamen
476 401 710 444 dedicavit:
751 399 832 441 hoc
878 398 1012 440 solum
1054 398 1245 440 felicitati
1287 398 1378 439 eius
1425 399 1635 451 negatum.

137 478 289 522 Lutatii
319 477 451 520 Catuli
485 488 636 518 nomen
675 475 784 516 inter
824 478 936 516 tanta
969 474 1194 515 Caesarum
1237 485 1365 527 opera
1409 482 1543 525 usque
1589 470 1642 512 ad
1678 504 1685 509 .

69 552 346 595 ⁷3Vitellium
377 551 540 594 mansit.
600 550 659 592 Ea
694 553 790 609 tunc
825 548 951 591 aedes
984 548 1260 590 cremabatur.
1323 546 1406 590 Sed
1434 545 1528 600 plus
1559 556 1638 599 pa-
1651 510 1768 627 ἑῖιῄ

137 628 253 672 voris
283 626 471 669 obsessis
501 638 623 680 quam
656 623 949 666 obsessoribus
982 623 1127 665 intulit.

1190 622 1349 676 Quippe
1387 620 1632 663 Vitellianus
1655 633 1673 662 ⁵

138 703 258 746 miles
306 714 441 756 neque
483 705 576 743 astu
621 712 758 754 neque
800 699 1033 741 constantia
1080 699 1188 739 inter
1229 697 1355 738 dubia
1402 694 1641 750 indigebat:

141 790 195 820 ex
226 777 395 819 diverso
427 775 577 830 trepidi
608 775 786 827 milites,
818 774 901 815 dux
937 773 1081 827 segnis
1112 775 1153 814 et
1183 771 1295 813 velut
1326 774 1468 824 captus
1500 769 1640 822 animi,

137 863 223 911 non
255 851 398 906 lingua
438 861 523 890 non
566 849 734 891 auribus
780 860 873 889 com
905 851 1040 888 etere:
1089 857 1225 898 neque
1274 844 1421 886 alienis
1453 842 1642 885 consiliis

137 925 255 981 regi,
287 936 424 978 neque
455 936 529 965 sua
561 922 761 976 expedire
771 935 783 973 3
815 923 897 963 huc
929 921 1025 962 illuc
1057 919 1310 962 elamoribus
1340 918 1522 977 hostium
1554 917 1642 959 cir-

139 1000 332 1055 cumagi3
363 1011 469 1053 quae
501 999 704 1050 iusserat,
737 1001 901 1049 vetare,
932 1009 1038 1052 quae
1068 999 1279 1046 vetuerat,
1311 993 1469 1035 iubere.
1529 991 1640 1045 Mox,

137 1075 250 1130 quod
280 1075 323 1117 in
352 1073 526 1130 perditis
557 1073 682 1116 rebus
715 1072 885 1124 accidit,
918 1083 1064 1113 omnes
1090 1070 1352 1125 praecipere,
1379 1078 1503 1110 nemo
1536 1078 1641 1109 exe-

1658 1004 1696 1034 to

277 1226 307 1260 1.
341 1223 506 1257 „orbana
529 1221 595 1257 Ma.
678 1233 749 1256 cos.
779 1232 856 1255 cum
884 1221 948 1255 lin.
980 1220 1043 1254 Ma.
1138 1221 1172 1254 3.
1209 1220 1302 1253 inter
1330 1223 1431 1253 tanta
1456 1227 1641 1251 caesarum

139 1273 169 1308 G
194 1277 231 1308 et
259 1273 343 1307 alii:
379 1271 433 1306 Ma
467 1272 561 1305 inter
586 1277 623 1305 ta
647 1281 832 1304 caesarum
870 1273 960 1315 (non
997 1272 1197 1314 caesrum),
1235 1268 1329 1302 inter
1365 1273 1412 1302 tot
1450 1266 1643 1300 Caesarum

137 1321 307 1356 Pichena.
382 1321 414 1355 7.
442 1319 535 1354 velut
557 1319 635 1354 Ma:
663 1319 691 1353 G
714 1317 832 1353 veluti.
913 1319 969 1354 10.
999 1318 1122 1351 iuuere
1147 1315 1214 1351 Ma.

138 1468 254 1501 minus
283 1467 506 1512 cogitemus,
548 1464 691 1498 habitus
728 1474 854 1498 narra-

137 1516 247 1549 tionis
271 1514 451 1559 prohibet.
482 1513 598 1547 Etiam
626 1513 711 1547 alibi
737 1514 855 1546 minus

137 1563 349 1609 diligentem
377 1564 412 1595 in
435 1561 764 1608 episodiisTacitum
789 1562 855 1595 de-

138 1611 403 1657 prehendimus,

217 1660 423 1704 Tarquinins
448 1659 625 1704 Superbus
660 1679 705 1685 —
733 1664 856 1691 extru-

137 1719 246 1742 xere.-
285 1719 319 1741 v.
347 1707 424 1741 Liv.
454 1707 467 1740 1
499 1708 545 1742 53
584 1711 620 1740 et
646 1707 692 1742 55
732 1711 766 1740 et
796 1706 854 1740 56.

138 1756 288 1800 Dionys.
315 1755 363 1789 IV
391 1754 546 1791 59—61.

212 1804 274 1838 sed
298 1805 415 1850 yloria
448 1805 562 1848 operis
595 1805 722 1848 patrati
750 1803 855 1836 liber-

139 1854 205 1887 tati
230 1859 436 1886 reservata.-
480 1851 598 1896 yloria
624 1853 738 1898 operis
764 1851 856 1884 duo-

139 1900 416 1946 busTarquiniis
445 1899 654 1943 debebatur,
681 1899 745 1934 sed
764 1910 856 1944 ope-

138 1950 188 1983 ris
215 1949 368 1994 perfecti
405 1954 441 1983 et
474 1949 518 1981 ad
551 1949 658 1982 finem
695 1948 857 1992 perducti

139 1997 297 2032 libertati
323 2001 506 2032 reservata
534 2003 598 2032 est.
633 1997 857 2042 Quapropter

135 2047 275 2092 patrati
299 2051 382 2080 ante
410 2044 568 2080 libertati
598 2046 711 2080 fuisse
739 2050 774 2078 et
803 2046 857 2078 si-

138 2095 342 2129 militudine
366 2096 446 2129 soni
472 2095 641 2129 omissum
668 2094 856 2128 admodum

138 2143 337 2177 verisimile
365 2149 429 2178 est.
466 2143 524 2176 Sic
552 2156 583 2178 c.
610 2143 677 2178 64:
702 2144 858 2189 qratiam

135 2194 272 2237 patrati
297 2192 379 2226 belli
400 2202 507 2238 penes
540 2204 617 2226 eum
651 2193 710 2237 qui
737 2191 858 2225 urbem

139 2246 352 2286 occupasset.

212 2289 381 2322 Horatius
412 2288 575 2323 Pulvillus
616 2290 742 2322 iterum
770 2299 858 2321 con-

139 2335 194 2371 sul
227 2336 427 2370 dedicavit:
478 2338 584 2370 tertio
631 2341 713 2381 post
750 2346 858 2381 reges

140 2389 287 2419 exactos
325 2395 418 2418 anno
460 2386 538 2419 sive
579 2384 622 2418 ab
648 2396 681 2418 u.
713 2397 743 2418 c.
771 2385 856 2418 247.

140 2432 328 2467 Consentit
373 2444 452 2468 cum
499 2433 620 2467 Tacito
663 2433 857 2476 Dionysius

137 2482 260 2527 Antiq.
289 2482 390 2516 Rom.
423 2482 452 2515 V
477 2483 536 2518 35.
588 2482 712 2516 Livius
738 2486 856 2520 autem

138 2529 322 2564 Horatium
348 2531 499 2575 primum
538 2530 723 2565 consulem
764 2539 856 2563 anno

139 2579 253 2623 primo
279 2584 360 2622 post
386 2590 490 2624 reges
519 2584 664 2613 exactos
684 2578 857 2612 dedican-

139 2630 211 2660 tem
222 2626 437 2670 Capitolium
467 2627 631 2670 producit
659 2627 689 2660 ll
709 2626 744 2668 8,
771 2627 856 2660 item

141 2672 310 2718 Polybius
335 2674 382 2707 111
407 2676 466 2709 22.
559 2687 602 2708 ea
626 2676 857 2719 magnificen-

141 2722 211 2754 tia.-
237 2721 415 2756 ablativus
442 2732 516 2756 rem
543 2723 669 2756 eodem
697 2729 857 2766 tempore

140 2768 373 2813 obtinentem,
401 2779 472 2803 non
497 2781 541 2804 ex
565 2770 676 2804 verbo
695 2770 857 2817 (dedica-

140 2818 203 2860 vit)
231 2823 511 2863 consequentem
536 2817 692 2852 denotat.

212 2867 548 2912 quadrinqeueorum
564 2866 758 2911 quindecim
787 2878 856 2900 an-

139 2924 286 2948 norum:
326 2925 410 2949 vera
447 2916 538 2949 ratio
575 2915 856 2960 quadringentos

139 2963 271 3009 viginti
305 2964 463 3009 quinque
502 2973 613 2998 annos
649 2963 692 2998 ab
727 2973 758 2996 a,
786 2964 855 3000 247

923 1474 1038 1509 usque
1064 1462 1110 1497 ad
1132 1462 1201 1498 671
1232 1461 1386 1507 colligit,
1416 1459 1480 1494 sed
1502 1459 1643 1494 Tacitus

926 1512 1102 1547 decennio
1131 1511 1297 1550 aberrare
1323 1510 1452 1554 potuit.

999 1583 1065 1617 hoc
1090 1583 1200 1616 solum
1224 1582 1390 1626 felicitati
1422 1581 1495 1614 eius
1530 1590 1643 1625 nega-

927 1637 1017 1664 tum:
1044 1630 1134 1664 Plin.
1166 1630 1208 1664 N.
1227 1629 1345 1664 H.V11
1369 1630 1418 1664 44
1442 1629 1550 1673 (43):
1578 1628 1644 1661 hoc

916 1686 1044 1720 tamen
1064 1690 1184 1724 nempe
1208 1678 1374 1724 felicitati
1388 1688 1473 1711 suae
1494 1676 1644 1721 defuisse

927 1730 1106 1773 corifessus
1134 1733 1194 1771 est,
1222 1727 1311 1772 quod
1337 1724 1549 1773 Capitolium
1573 1735 1647 1760 mm

927 1777 1167 1811 dedicavisset.

998 1825 1133 1859 Lutatii
1162 1825 1280 1859 Catuli
1304 1835 1441 1858 vnomen
1469 1843 1515 1851 —-
1540 1833 1646 1856 inan-

926 1874 970 1907 sit
987 1886 998 1906 .·
1026 1885 1046 1907 a
1062 1873 1189 1907 Catulo
1217 1873 1418 1907 dedicatum
1446 1877 1500 1906 est
1514 1882 1545 1905 a.
1561 1871 1644 1906 685.

928 1922 1020 1956 Livii
1054 1922 1222 1966 Epitoma
1255 1922 1313 1957 98.
1369 1920 1505 1955 Gellius
1530 1919 1561 1954 11
1589 1921 1644 1955 10.

928 1971 1120 2004 Suetonius
1132 1970 1234 2004 Caes.
1256 1971 1311 2013 15,
1329 1970 1423 2015 Aug.
1445 1969 1503 2004 94.
1544 1967 1647 2002 Plut-

927 2019 1054 2053 archus
1082 2019 1257 2063 Poplicol.
1291 2021 1346 2053 14.
1386 2017 1458 2051 Dio
1483 2015 1648 2051 xxxvii

926 2068 986 2103 44.
1033 2067 1100 2101 Dio
1130 2067 1238 2101 XLlII
1267 2069 1311 2102 14
1336 2071 1473 2110 narrat,
1503 2070 1647 2100 senatus

928 2116 1073 2150 decreto
1102 2116 1266 2150 Caesaris
1305 2126 1437 2149 nomen
1472 2125 1536 2159 pro
1575 2114 1647 2148 Ca-

928 2165 1011 2199 tulo„
1032 2164 1320 2199 substituendum
1347 2165 1479 2206 fuisse,
1521 2163 1584 2197 sed
1611 2163 1647 2196 id

929 2213 1111 2247 decretum
1151 2218 1319 2248 eventum
1360 2212 1530 2246 habuisse
1575 2221 1646 2245 non

928 2262 1082 2295 videtur.

999 2311 1093 2343 inter
1119 2315 1240 2344 tanta:
1286 2311 1322 2342 in
1359 2309 1525 2354 vestigiis
1565 2307 1646 2341 libri

929 2357 981 2391 Ma
1010 2359 1103 2392 inter
1140 2365 1177 2392 ta
1215 2357 1355 2402 syllaba
1390 2363 1452 2391 tan
1486 2367 1506 2389 a
1540 2367 1646 2400 prae-

929 2417 1052 2452 gressa
1077 2413 1130 2441 ter
1155 2407 1282 2440 hausta
1308 2411 1371 2440 est.
1413 2406 1523 2439 Tanta
1552 2404 1647 2439 Cae-

928 2467 1047 2489 sarum
1073 2467 1182 2501 0pera
1208 2455 1271 2488 illa
1296 2459 1378 2488 sunt
1397 2465 1489 2500 quae
1510 2454 1546 2486 in
1568 2453 1647 2487 foro

930 2509 965 2536 et
993 2505 1088 2537 circa
1124 2504 1341 2548 Capitolium
1382 2514 1403 2536 a
1435 2501 1647 2536 Caesaribus

929 2551 1021 2586 facta
1051 2557 1144 2586 sunt.
1314 2550 1323 2559 '

1000 2623 1084 2668 Cap.
1113 2625 1170 2659 73.
1200 2636 1242 2658 ea
1268 2630 1350 2658 tunc
1376 2621 1480 2655 aedes
1506 2631 1644 2654 crema-

928 2673 1051 2707 batur.-
1089 2673 1133 2706 ad
1159 2674 1319 2707 ordinem
1346 2669 1560 2703 narrationis
1586 2669 1646 2701 in-

929 2722 1114 2755 termissae
1141 2722 1345 2755 revertitur.
1474 2728 1546 2751 non
1573 2716 1645 2750 lin-

926 2781 998 2814 qua
1022 2781 1093 2802 non
1118 2770 1262 2802 auribus
1297 2771 1514 2812 competere:
1549 2776 1646 2799 com-

924 2824 1043 2862 petere
1070 2821 1125 2850 est
1151 2826 1296 2860 compos
1323 2817 1416 2858 esse,
1442 2819 1481 2847 ut
1510 2815 1546 2848 in
1566 2814 1644 2848 An-

928 2865 1069 2899 nalibus
1097 2864 1164 2909 (111
1189 2865 1278 2910 46):
1306 2874 1415 2907 neque
1441 2862 1551 2896 ocutis
1578 2873 1644 2896 ne-

929 2925 991 2957 que
1027 2912 1170 2947 auribus
1192 2913 1278 2947 satis
1304 2910 1555 2958 competebant,
1582 2910 1644 2947 ubi

928 2962 975 2995 cf.
1005 2964 1127 2995 annot.
