1768 3216
80 1304 138 1344 23
150 1313 408 1351 servaverat.

140 227 171 255 ⁸2
181 217 230 256 ,0.
257 217 317 257 69.

654 216 790 252 LIBER
814 215 874 251 ΙΙΙ.
927 215 1015 251 CAP.
1045 216 1202 252 21—23.

1573 213 1646 249 21⁴7

144 336 328 391 quintam
358 335 576 378 decumam
610 347 703 378 cum
730 335 895 377 vexillis
926 347 1063 377 nonae
1089 331 1383 386 secundaeque
1416 334 1458 372 et
1485 329 1646 372 vicesi-

142 423 235 453 mae
264 411 596 453 Britannicarum
622 411 837 466 legionum
868 410 1047 452 mediam
1078 409 1236 460 aciem,
1267 405 1644 449 sextadecumanos

143 486 641 540 duoetvicesimanosque
678 490 719 527 et
758 485 971 539 primanos
1014 484 1178 526 laevum
1216 494 1348 524 cornu
1395 479 1645 534 complesse.
1668 515 1719 564 m

142 561 331 615 Rapaces
358 564 483 614 'atque
501 560 634 602 italici
656 559 928 625 omnibus-*se
942 558 1170 613 manipulis
1201 557 1468 598 miscuerant.
1511 553 1649 608 Eques
1676 589 1716 627 ξς,
1751 540 1768 563 ‘²

143 635 378 689 auxiliaque
405 635 486 676 sibi
515 635 594 690 ipsi
626 622 765 676 locum
794 635 951 689 legere.
996 633 1203 675 Proelium
1233 636 1319 673 tota
1342 635 1467 672 nocte
1489 629 1649 671 varium
1663 619 1717 669 5⁸*

144 723 299 765 anceps
342 715 488 762 atrox3
530 711 618 763 his,
663 722 808 751 rursus
844 709 925 751 illis
957 709 1182 751 exitiabile.

146 797 316 838 manus,
361 798 414 827 ne
455 785 567 827 oculi
612 786 779 840 quidem
809 785 982 839 provisu
1017 784 1224 826 iuvabant.

146 860 238 903 acie
268 873 406 911 arma3
449 860 608 901 crebris
640 859 1043 914 interrogationibus
1074 862 1218 899 notum
1258 855 1620 926 quagsjgnum
1640 867 1652 904 3
1676 840 1768 891 mo}

1242 706 1352 748 Nihil
1384 705 1545 747 animus
1581 708 1651 746 aut

1285 781 1441 823 Eadem
1477 784 1652 834 utraque
1704 780 1708 791 '

144 934 350 990 permixta
378 934 547 986 vexilla,
580 938 624 974 ut
651 934 825 988 quisque
856 933 1005 988 globus
1039 936 1157 986 capta
1189 944 1243 973 ex
1268 930 1458 972 hostibus
1484 928 1566 969 huc
1587 927 1654 968 vel

86 1003 92 1009 ”
148 1009 247 1051 illuc
284 1009 487 1063 raptabat.

547 1009 812 1064 Urguebatur
849 1008 1029 1050 maxime
1068 1006 1244 1061 septima
1282 1005 1424 1060 legio,
1467 1015 1599 1057 nuper
1631 1010 1708 1044 aio

149 1082 288 1126 Galba*
310 1084 563 1138 conscripta.
608 1085 751 1126 Occisi
782 1096 859 1125 sex
887 1083 1118 1137 primorum
1149 1081 1344 1123 ordinum
1367 1078 1651 1129 centuriones,

150 1158 321 1213 abrepta
350 1158 555 1212 quaedam
580 1159 728 1214 signa:
757 1160 888 1213 ipsam
919 1157 1097 1212 aquilam
1119 1156 1272 1198 Atilius
1292 1156 1426 1197 Verus
1457 1152 1658 1208 primipili

151 1233 341 1275 centurio
371 1234 496 1275 multa
529 1245 622 1275 cum
653 1233 835 1275 hostium
866 1237 1010 1287 strage
1051 1236 1091 1273 et
1122 1231 1173 1272 ad
1203 1234 1433 1272 extremum
1472 1227 1658 1269 moriens

157 1382 346 1426 torianis.

292 1542 323 1575 1.
358 1540 575 1585 secundaque
610 1538 676 1574 Ma.

154 1591 188 1625 3.
219 1589 645 1634 duoetvicensimanosque
672 1588 736 1623 Ma.

157 1638 221 1681 Mn,
247 1649 370 1672 rursus
395 1649 458 1683 que
485 1637 524 1671 G.

153 1686 272 1732 urgeb.
300 1686 339 1720 G.

157 1736 192 1768 in
219 1734 343 1769 ABCR
370 1739 405 1767 et
431 1734 460 1768 G
485 1745 506 1768 a
531 1745 623 1768 man.
652 1744 726 1768 sec.

161 1883 309 1931 gnificat
327 1883 480 1917 Plinium
507 1884 764 1928 etVipstanum
783 1883 881 1917 Mes-

160 1933 285 1975 salam,
314 1932 358 1966 de
387 1932 515 1978 quibus
541 1942 625 1966 mox
652 1933 744 1968 c.25
766 1937 801 1966 et
819 1931 878 1968 28.

244 1987 406 2026 quartam
440 1981 711 2015 Macedonicam
757 1981 879 2014 dextro

161 2041 303 2064 suorum
357 2041 467 2063 cornu
488 2041 500 2063 .·
556 2030 689 2063 omittit
739 2029 881 2063 'l'acitus

162 2079 283 2123 sitisse,
312 2078 608 2123 quemadmodum
633 2078 674 2111 H.
694 2077 742 2111 IV
770 2079 813 2113 77
843 2078 878 2110 in

164 2126 273 2160 simili
300 2137 407 2160 causa
431 2128 586 2172 fuerunt.
630 2126 879 2173 Cognomento

166 2175 435 2209 Macedonicam
475 2177 554 2220 ipse
590 2185 770 2221 nunquam
813 2184 882 2208 no-

163 2224 314 2257 minavit
359 2228 519 2269 quartam
560 2223 769 2269 legionem,
820 2222 883 2257 sed

164 2282 260 2305 nunc
284 2272 396 2306 refert
422 2272 466 2305 ab
493 2272 573 2306 aliis
600 2273 740 2306 tradita.
783 2271 883 2305 Dea:-

167 2325 258 2352 mam
284 2330 394 2353 cornu
404 2320 681 2354 Vitellianorum
702 2319 792 2354 illud
809 2324 884 2353 erat

167 2367 262 2413 quod
290 2367 467 2402 Etruriam
503 2379 628 2402 versus
667 2373 703 2402 et
738 2368 883 2401 Romam

167 2415 352 2460 spectabat
378 2417 545 2462 quodque
569 2416 668 2450 laevo
688 2416 885 2451 Flaviano-

167 2474 242 2498 rum
257 2466 461 2509 oppositum
489 2470 575 2500 erat.
604 2465 702 2499 Hanc
729 2464 774 2498 ob
798 2475 886 2498 cau-

167 2523 240 2547 sam
269 2524 410 2548 suorum
436 2524 456 2546 a
485 2513 607 2548 Tacito
634 2513 791 2548 additum
820 2518 886 2555 est,

168 2565 207 2594 ut
231 2571 316 2595 vere
342 2562 513 2596 adversus
540 2562 697 2596 Ernestii
724 2562 887 2596 haesita-

169 2610 304 2642 tionem
332 2615 453 2643 monet
484 2610 699 2645 Waltherus.

266 2658 421 2700 quintam
454 2664 486 2691 et
519 2660 674 2702 quintam
709 2659 888 2692 decumam

173 2723 216 2728 —-
250 2704 399 2738 mediam
434 2707 571 2738 aciem:
625 2706 715 2740 haec
753 2707 789 2739 in
830 2708 887 2740 via

172 2751 351 2785 Postumia
384 2752 502 2786 locum
541 2753 608 2787 sibi
645 2753 803 2799 delegit,
851 2760 889 2788 ut

172 2802 271 2843 patet
302 2810 345 2833 ex
376 2800 566 2844 prioribus.
627 2800 889 2836 Enumerantur

174 2851 291 2881 :tutem
320 2847 354 2880 h.
374 2847 397 2882 l.
425 2853 562 2892 septem
578 2849 810 2884 Germanicae
832 2850 888 2884 le-

174 2896 301 2940 giones
327 2906 462 2939 omnes,
489 2907 700 2942 quamquam
724 2909 768 2931 ex
783 2903 889 2942 quat-

176 2949 255 2977 tuor
291 2945 433 2979 nonnisi
467 2944 599 2979 vexilla
633 2944 804 2987 aderant,
845 2946 890 2980 de

175 3002 243 3037 qua
271 2991 417 3028 licentia
444 2994 615 3028 monitum
643 2991 687 3026 ad
704 2991 753 3026 Ἠ.
772 2993 890 3036 11113,

775 1540 989 1574 vicensimae
1016 1538 1082 1573 Ma.

815 1589 928 1623 cormi‘
957 1587 1024 1622 Ma.

632 1637 829 1671 exitiabiles
855 1635 930 1671 Ma:

434 1697 458 1719 ιι
481 1685 590 1731 yallm
618 1686 666 1720 G:
694 1685 748 1720 Ma
772 1686 819 1721 ad
843 1685 948 1729 gaba.

815 1735 870 1769 15.
899 1734 1061 1780 excipere
1087 1730 1163 1766 Ma:
1191 1731 1219 1765 G
1246 1740 1425 1776 excepere.

470 1309 671 1351 Sustinuit
699 1308 907 1350 labantem
935 1307 1069 1349 aciem
1096 1306 1305 1348 Antonius
1338 1303 1485 1347 accitis
1525 1314 1655 1357 prae-
1765 1358 1767 1360 Ι

409 1383 488 1434 Qui
530 1383 602 1425 ubi
646 1395 855 1438 excepere
894 1394 1098 1437 pugnam,
1143 1380 1300 1435 pellunt
1339 1379 1525 1431 hostem,
1566 1376 1713 1419 deints

1197 1539 1230 1573 2.
1274 1536 1571 1570 brittannie-arum
1596 1533 1662 1568 Ma.

1102 1587 1136 1622 5.
1162 1586 1315 1631 prelium
1342 1584 1408 1629 illa,
1482 1584 1515 1618 6.
1544 1594 1667 1616 rursus

984 1635 1012 1670 G
1039 1634 1229 1669 eaeiaeiabile.
1331 1633 1387 1668 10.
1414 1631 1559 1677 uryneb.
1588 1630 1667 1664 Ma:

1059 1686 1113 1719 14.
1154 1683 1328 1717 labentem
1355 1679 1431 1715 Ma:
1464 1683 1664 1715 correctum

951 1888 987 1917 et
1025 1886 1167 1927 praeter
1204 1880 1269 1915 has
1303 1879 1430 1914 Italica
1471 1889 1491 1912 e
1523 1876 1671 1923 Lugdu-

950 1931 1122 1966 nensibus
1158 1929 1330 1970 abducta3
1366 1939 1402 1962 v.
1441 1927 1484 1962 H.
1518 1926 1605 1961 155
1635 1930 1670 1959 et

950 1980 993 2015 61
1025 1984 1061 2013 et
1090 1979 1148 2021 64,
1172 1978 1202 2012 11
1230 1979 1274 2013 57
1301 1981 1337 2011 et
1361 1976 1410 2013 89
1438 1980 1474 2010 et
1504 1975 1598 2017 100,
1624 1973 1674 2008 111

955 2030 1013 2074 132
1031 2033 1066 2062 et
1092 2029 1151 2063 21.

1025 2077 1189 2122 Rapaces
1230 2079 1333 2118 atque
1361 2072 1500 2107 Italici.-
1539 2072 1672 2106 milites

952 2125 1099 2159 duarum
1143 2124 1328 2170 legionum
1371 2132 1463 2167 quae
1504 2121 1610 2155 modo
1654 2131 1674 2154 a

952 2174 1135 2208 Flavianis
1163 2174 1284 2206 victae
1312 2175 1424 2204 erant.
1463 2169 1526 2203 His
1552 2168 1673 2204 verbis

954 2222 996 2256 ad
1029 2233 1093 2256 sua
1118 2221 1260 2255 Tacitus
1294 2228 1480 2263 regressus
1514 2223 1593 2261 est,
1637 2217 1671 2251 h.

955 2282 985 2304 e.
1011 2270 1055 2304 ad
1077 2281 1119 2304 ea
1138 2280 1230 2314 quae
1244 2278 1450 2301 asseverare
1469 2267 1547 2300 sive
1572 2276 1674 2299 com-

955 2323 1055 2363 perta
1081 2317 1224 2351 tradere
1251 2320 1388 2360 posset.

1023 2367 1191 2412 provisu:
1223 2365 1256 2398 h.
1286 2375 1318 2398 e.
1347 2361 1520 2408 periculis
1547 2362 1674 2406 provi-

955 2411 1093 2449 dendis'
1110 2413 1351 2457 vitandisque.
1456 2421 1600 2457 puqnae
1625 2411 1674 2444 si-

955 2475 1061 2508 ιῳηηη
1087 2463 1159 2509 (die
1180 2458 1519 2505 Schlacht-Parole)
1535 2471 1546 2492 .·
1577 2458 1673 2493 conf.

956 2512 968 2545 l
997 2513 1016 2546 7
1048 2517 1083 2546 et
1109 2512 1151 2545 H.
1180 2510 1195 2544 1
1219 2511 1277 2546 25.

1041 2560 1213 2605 quaedam
1250 2559 1379 2603 siqua.-
1415 2556 1551 2590 vexilla
1587 2556 1674 2589 dicit

957 2610 1082 2654 cisque
1109 2607 1264 2654 aquilam
1292 2607 1402 2639 totius
1429 2604 1586 2650 legionis
1622 2604 1675 2636 si-

957 2667 1064 2703 gnum
1093 2667 1176 2690 mox
1206 2655 1367 2700 opponit.
1395 2653 1591 2686 Primorum
1614 2660 1675 2683 or-
1703 2653 1709 2666 *-

956 2706 1077 2739 diuum
1104 2706 1335 2739 centuriones
1363 2702 1397 2734 in
1436 2699 1584 2745 legione
1611 2699 1675 2732 tri-

959 2755 1070 2798 ginta,
1099 2754 1320 2796 totidemque
1349 2748 1600 2783 secundorum.
1631 2746 1676 2780 Ut
1706 2782 1709 2786 ,

957 2802 1148 2845 primorum
1178 2799 1340 2833 ordinum
1358 2797 1588 2830 centuriones
1608 2805 1675 2829 ve·

959 2849 1055 2882 xillis
1074 2849 1299 2888 adstiterunt,
1326 2845 1379 2878 sic
1398 2844 1570 2888 primipili
1586 2854 1676 2877 cen-

959 2898 1051 2929 turio
1096 2895 1239 2941 aquilae
1278 2897 1466 2938 praeerat,
1513 2893 1676 2938 quamvis

960 2946 1037 2987 ipse
1063 2943 1234 2989 aquilifer
1260 2952 1331 2977 non
1350 2945 1467 2983 esset3
1497 2951 1531 2975 v.
1548 2940 1675 2987 Veget.
