1768 3216
138 217 162 244 ι
187 207 230 244 0.
258 208 320 245 69.
678 205 815 241 LIBER
837 206 865 241 1.
919 205 1007 242 Cn.
1034 205 1196 241 64—66.
1599 203 1648 237 ¹71

137 337 218 381 que
255 329 525 381 pugnaretur.
587 326 638 366 Et
678 325 807 366 Galba
847 324 1007 367 reditus
1047 321 1389 382 Lugdunensium
1421 319 1650 362 occasione
1688 328 1691 330 ·

137 400 228 443 irae
259 401 302 442 in
331 400 476 442 liscum
506 404 690 442 verterat
700 414 711 451 ;
752 390 1089 441 multus‘OEo‘ri'tra
1131 399 1173 439 in
1204 397 1466 439 Viennenses
1498 394 1648 436 honor.

140 474 257 517 Unde
288 475 510 517 aemulatio
543 479 583 516 et
614 475 771 516 invidia
804 479 844 516 et
890 486 971 532 uno
1014 486 1136 515 amne
1178 471 1372 514 discretis
1417 482 1652 512 connexum

140 550 295 592 odium.
326 550 329 552 ’
356 550 487 606 Igitur
502 550 805 605 Lugdunenses
837 533 1084 591 extimulare
1115 547 1305 602 singulos
1337 545 1511 587 militum
1543 549 1583 587 et
1610 544 1654 586 in

140 624 404 667 eversionem
420 624 719 666 Viennensium
749 623 978 677 impellere,
1012 623 1228 664 obsessam
1261 621 1312 662 ab
1340 620 1420 662 illis
1444 619 1686 662 coloniams

140 711 283 752 suam,
326 698 490 741 adiutos
522 699 711 741 Vindicis
754 703 953 750 conatus,
997 697 1257 751 conscriptas
1298 708 1430 750 nuper
1460 695 1653 750 legiones

144 773 187 815 in
237 772 492 827 praesidium
546 772 702 814 Galbae
753 772 994 814 referendo.
1055 771 1106 812 Et
1145 771 1217 812 ubi
1258 782 1407 812 causas
1462 768 1656 811 odiorum

141 846 492 903 praetenderant,
526 847 854 902 magnitudinem
885 846 1069 900 praedae
1101 845 1394 887 ostendebant.
1454 843 1542 885 Nec
1574 843 1656 884 iam

140 924 305 964 secreta
336 920 588 972 exhortatio,
621 920 695 962 sed
727 920 920 974 publicae
950 931 1122 973 preces:
1156 919 1265 960 irent
1293 918 1470 970 ultores,
1504 917 1656 958 excin-

143 995 292 1038 derent
321 994 466 1052 sedem
489 994 648 1048 §allici
677 993 789 1036 belli.
852 993 1010 1036 Cuncta
1048 992 1135 1033 illic
1179 996 1351 1034 externa
1393 995 1434 1033 et
1464 990 1709 1032 hostiliazto

141 1081 190 1112 se
229 1068 438 1111 coloniam
477 1069 705 1111 Romanam
751 1072 792 1110 et
831 1072 990 1122 partem
1032 1067 1242 1109 exercitus
1285 1071 1325 1108 et
1361 1078 1657 1120 prosperarum

143 1143 501 1197 adversarumque
531 1155 671 1184 rerum
706 1142 864 1184 socios.
920 1142 964 1184 Si
995 1142 1161 1183 fortuna
1195 1146 1342 1182 contra
1373 1140 1508 1193 daret,
1539 1139 1656 1182 iratis

71 1220 196 1260 66ne
224 1217 572 1272 relinquerentur.
623 1216 696 1258 His
728 1220 769 1258 et
798 1216 983 1270 pluribus
1016 1217 1058 1257 in
1089 1215 1265 1257 eundem
1299 1215 1466 1256 modum
1497 1226 1657 1269 perpu—

141 1293 298 1346 lerant,
329 1297 373 1335 ut
404 1306 456 1334 ne
486 1292 614 1347 legati
646 1292 813 1346 quidem
845 1305 895 1334 ac
928 1291 1056 1333 duces
1087 1291 1264 1345 partium
1295 1290 1502 1345 restingui
1531 1301 1658 1344 posse

142 1367 403 1411 iracundiam
423 1367 633 1410 exercitus
654 1368 970 1419 arbitrarentur,
1002 1379 1094 1407 cum
1112 1366 1221 1408 haud
1244 1366 1383 1420 ignari
1403 1364 1658 1407 discriminis
1674 1382 1711 1412 ις,

144 1443 208 1485 sui
239 1443 516 1494 Viennenses,
549 1442 782 1484 velamenta
816 1446 855 1483 ct
887 1441 1037 1483 insulas
1070 1441 1373 1494 praeferentes,
1404 1440 1475 1481 ubi
1507 1450 1659 1494 agmen

833 1500 875 1505 vm
893 1499 929 1506 ,m
940 1496 1076 1508 »βψ-κλῇ*
1091 1508 1094 1509 ⁷
1160 1494 1309 1502 Μ,,-ῌ

143 1518 401 1570 incesserat,
442 1529 558 1559 arma
598 1529 737 1571 genua
778 1516 958 1571 vestigia
999 1515 1241 1570 prensando
1282 1514 1442 1556 flexere
1483 1514 1656 1555 militum

277 1666 312 1700 3.
355 1665 447 1699 unde
473 1670 580 1699 aucta
605 1676 694 1699 aem.
721 1667 816 1699 coni.
844 1665 996 1699 Iacobus
1022 1664 1155 1698 Lubec.
1253 1674 1424 1698 conexum
1451 1661 1517 1697 Ma.
1618 1662 1654 1697 8.

141 1713 384 1759 'magnitudine
412 1712 489 1747 Ma:
520 1718 722 1747 correctum
748 1715 843 1747 inest
869 1712 909 1747 G.
986 1713 1020 1748 9.
1050 1718 1161 1746 eoeort.
1191 1711 1256 1746 M³.
1337 1711 1424 1757 {ces
1451 1709 1516 1744 Ma.
1598 1711 1653 1745 12.

142 1761 321 1796 ‹straden-ee
344 1773 424 1796 cum
450 1761 513 1796 lin.
542 1772 650 1806 super
676 1761 746 1797 litt.
774 1773 805 1804 c,
833 1762 855 1794 i.
886 1772 916 1794 e.
947 1761 1173 1795 contraderet
1198 1759 1273 1794 Ma:
1303 1764 1503 1795 correctum
1531 1759 1565 1792 in
1580 1758 1655 1793 BG.

145 1811 202 1846 14.
229 1821 296 1844 nec
311 1810 384 1844 Mfl:
411 1811 567 1845 correxit
594 1810 620 1844 1.
635 1809 693 1844 Fr.
722 1809 936 1844 Gronovius.
965 1810 1012 1844 cf.
1040 1814 1162 1844 annot.
1190 1809 1235 1843 ad
1260 1811 1285 1844 4
1308 1810 1368 1845 35.
1426 1813 1546 1854 posset
1575 1807 1655 1842 Ma:

144 1858 172 1894 G
192 1869 307 1906 posse.
387 1860 441 1894 15.
469 1859 609 1920 iqrzaris
634 1858 710 1893 Ma:
739 1858 767 1893 G
791 1858 923 1904 iqnari.

143 2005 231 2040 steri
260 2014 384 2039 eorum
400 2003 557 2039 Gallicos
576 2013 695 2038 mores
722 2014 862 2038 assum-

143 2058 308 2099 pserant,
345 2064 387 2087 ac
413 2058 605 2097 propterea
632 2059 760 2087 cuncta
789 2052 865 2086 illic

143 2108 295 2136 externa
321 2107 353 2136 et
374 2101 518 2136 hostilia
536 2112 615 2135 esse
633 2102 769 2135 inimici
787 2101 864 2134 fre-

144 2155 265 2184 munt.-
307 2150 386 2185 Nou
420 2150 514 2184 bene
551 2150 694 2193 Lipsius
730 2160 774 2183 ex
809 2148 865 2183 his

145 2199 265 2233 verbis
301 2199 458 2233 coniecit
488 2198 714 2232 Viennenses
751 2197 866 2232 dona·
891 2193 905 2202 “

146 2252 201 2281 tos
238 2246 406 2281 colonico
440 2248 538 2289 iure,
583 2247 650 2280 etsi
690 2245 866 2280 militibus

146 2300 206 2329 aut
233 2296 374 2329 civibus
400 2295 570 2329 Romanis
597 2304 668 2327 non
689 2294 866 2328 deductis.

146 2343 235 2378 Nam
259 2344 319 2389 qui
347 2344 396 2377 ita
426 2342 674 2384 donabantur,
702 2343 746 2376 iis
773 2353 868 2376 non-

147 2392 216 2425 nisi
246 2391 387 2426 Latium
413 2392 492 2425 slve
517 2392 572 2424 ius
594 2390 689 2424 Latii
713 2400 868 2425 conces-

148 2449 226 2474 sum
253 2443 320 2474 est.
369 2439 407 2474 ld
433 2439 521 2474 iuris
548 2439 756 2484 iampridem
785 2444 867 2473 ante

147 2487 336 2522 Claudium
370 2498 494 2522 omnes
531 2487 669 2522 Galliae
697 2486 867 2522 Comatae

149 2536 315 2571 civitates
343 2542 531 2571 assecutae
567 2540 670 2571 erant
704 2536 770 2581 (cf.
800 2547 868 2570 an-

148 2589 222 2619 not.
249 2585 294 2619 ad
308 2586 353 2620 Xl
364 2587 456 2632 23J:
489 2586 627 2619 Vienna
654 2590 772 2619 autem
799 2586 868 2618 iam

149 2637 233 2668 ante
262 2632 450 2667 Claudium
485 2638 524 2666 ut
551 2634 694 2668 colonia
720 2637 867 2666 senato-

149 2691 227 2715 rum
268 2683 303 2715 iu
349 2681 436 2715 urbe
471 2683 526 2715 ius
567 2681 721 2723 habuit,
774 2680 868 2726 quod

150 2729 307 2764 ostendit
317 2729 458 2764 Claudii
470 2729 633 2764 Caesaris
644 2730 759 2763 oratio
771 2729 819 2763 Lu
825 2740 869 2775 g-

151 2777 237 2811 duni
274 2778 439 2813 marmori
476 2779 609 2812 incisa:
643 2777 870 2812 ‹vi-natissima

153 2831 233 2859 ecce
259 2825 564 2870 valentissimaquc
592 2825 733 2860 colonia
757 2825 866 2860 Vien-

151 2874 309 2908 namium
334 2885 437 2920 quam
472 2874 577 2919 lonyo
613 2874 684 2908 iam
719 2879 870 2920 tempore

152 2927 333 2956 senatores
360 2923 442 2958 kuic
457 2923 579 2958 curiae
602 2924 751 2967 confert.
779 2923 869 2965 Qui-

152 2969 221 3004 bus
262 2969 292 3005 si
332 2970 558 3019 adiungimus
604 2978 695 3017 quae
728 2969 869 3005 Tacitus

932 2003 1040 2049 paulo
1068 2008 1149 2048 post
1176 2013 1204 2036 c.
1233 2002 1281 2038 66
1308 2002 1352 2036 de
1382 2001 1525 2035 Vienna
1552 2001 1652 2045 dicit,
1718 2003 1728 2011 “

933 2058 1004 2086 tum
1040 2057 1192 2086 vetustas
1231 2051 1452 2096 dignitasque
1497 2049 1658 2084 coloniae

933 2101 1055 2143 valuit,
1084 2111 1161 2134 eam
1192 2099 1315 2133 urbem
1337 2109 1458 2133 veram
1477 2099 1657 2133 colornium

934 2149 1047 2183 fuisse
1075 2147 1169 2182 haud
1198 2148 1451 2182 dubitabimus.

1009 2218 1094 2264 Cap.
1123 2219 1182 2255 66.
1236 2218 1436 2253 velamenta
1464 2224 1497 2252 et
1521 2217 1658 2263 infulas

932 2269 1201 2314 praeferentes.-
1245 2267 1451 2301 velamenta
1487 2266 1658 2312 intellige

934 2326 1050 2350 ramos
1077 2315 1181 2350 oleae
1210 2315 1292 2349 lana
1318 2315 1512 2349 obvolutos
1528 2339 1538 2357 ,
1565 2324 1659 2359 quae

936 2365 1072 2400 Graece
1101 2367 1222 2411 στέφη
1264 2363 1323 2397 vel
1364 2367 1562 2411 στέμματα
1588 2371 1659 2396 vo-

936 2418 1072 2448 cantur.
1111 2413 1211 2455 Quae
1238 2422 1319 2446 cum
1342 2412 1506 2446 manibus
1533 2416 1659 2458 gesta-

936 2467 1082 2504 rentur,
1122 2461 1268 2495 Plautus
1295 2460 1470 2504 Amphitr.
1498 2459 1513 2493 1
1546 2462 1561 2494 1
1591 2461 1660 2496 104

936 2511 1120 2556 supplices
1166 2509 1292 2543 venire
1329 2509 1455 2543 velatis
1499 2508 1659 2543 ’nauibus

936 2561 1094 2604 scripsit.

994 2641 1097 2664 arma
1122 2639 1239 2675 mmm
1264 2629 1412 2675 vcstiyia
1434 2626 1657 2674 prensando.-

939 2679 1001 2713 alii
1027 2683 1129 2713 scuta
1156 2682 1192 2712 et
1218 2682 1364 2722 pectora
1392 2676 1568 2717 militum,
1597 2672 1658 2708 alii

939 2728 1108 2772 prostrati
1137 2736 1256 2773 genua
1289 2735 1424 2766 eorum,
1454 2723 1515 2757 alii
1543 2722 1659 2768 magis

941 2777 1048 2811 etitfln
1076 2775 1260 2820 supplices
1286 2774 1377 2806 imos
1411 2771 1522 2816 pedes
1548 2778 1659 2824 pren-

937 2828 1127 2858 saveruntz
1171 2822 1319 2865 cestiqia
1356 2820 1450 2854 enim
1477 2820 1564 2852 imus
1591 2826 1659 2863 pe-

942 2872 1023 2906 dum
1048 2875 1167 2916 partes
1194 2868 1378 2911 denotant,
1408 2872 1446 2901 ut
1468 2866 1562 2912 apud
1576 2867 1659 2901 Vir-

941 2919 1067 2964 gilium
1094 2918 1184 2952 Aen.
1216 2917 1244 2951 V
1262 2916 1355 2953 5662
1382 2916 1531 2962 vestigia
1551 2915 1661 2962 primi

939 2967 1022 3002 atha
1046 2965 1155 3013 pedis.
