1768 3216
140 224 189 257 88
725 210 1029 248 HISTORIARVM
1413 217 1446 242 a.
1473 216 1509 242 u.
1539 205 1626 243 822.

143 335 263 388 dique
293 345 403 375 arma
426 335 465 372 et
494 329 640 379 minae,
673 326 796 368 modo
829 326 869 366 in
902 324 1168 366 centuriones
1192 322 1478 376 tribunosque,
1499 321 1625 364 modo

142 409 183 449 in
213 411 395 450 senatum
426 403 688 453 universum,
731 400 948 455 lymphatis
990 410 1118 440 caeco
1160 409 1318 451 pavore
1359 395 1536 449 animis,
1585 399 1628 437 et

141 482 233 536 quia
276 479 478 521 neminem
517 489 641 518 unum
687 475 896 517 destinare
937 474 1023 515 irae
1062 476 1274 526 poterant,
1325 470 1536 512 licentiam
1583 469 1627 512 in

138 566 278 597 omnes
308 552 596 607 poscentibus,
642 551 775 592 donec
809 549 939 601 Otho,
973 552 1117 590 contra
1150 547 1278 588 decus
1310 545 1498 600 imperii,
1530 548 1624 587 toro

105 628 343 678 sinsistens,
373 626 565 680 precibus
597 629 637 665 et
665 624 846 665 lacrimis
879 635 1004 677 aegre
1037 621 1235 673 cohibuit,
1268 619 1625 674 redieruntquein

136 707 269 744 castra
301 701 417 742 inviti
446 711 580 753 neque
611 699 867 739 innocentes.
928 697 1098 738 Postera
1131 696 1197 737 die
1229 694 1340 736 velut
1371 698 1492 748 capta
1521 693 1626 736 urbe

137 776 301 818 clausae
333 775 491 827 domus,
524 786 640 815 rarus
670 785 745 826 per
774 773 862 813 vias
889 771 1077 825 populus,
1111 774 1268 812 maesta
1295 768 1625 824 plebs;.deiecti

137 851 178 891 in
208 855 357 892 terram
387 849 555 890 militum
576 848 732 903 vultus,
766 860 813 888 ac
843 846 932 900 plus
964 846 1152 887 tristitiae
1187 857 1310 899 quam
1330 843 1623 898 paenitentiae.

137 924 413 977 Manipulatim
444 923 623 965 adlocuti
654 927 747 964 sunt
775 921 956 962 Licinius
982 919 1181 961 Proculus
1214 924 1254 961 et
1287 919 1442 960 Plotius
1463 917 1624 960 Firmus

89 998 348 1053 10praesecti,
380 1011 431 1039 ex
459 1009 534 1039 suo
567 997 735 1051 quisque
767 996 935 1050 ingenio
969 995 1104 1036 mitius
1131 998 1201 1036 aut
1231 994 1457 1035 horridius.
1509 993 1624 1035 Finis

139 1073 340 1114 sermonis
380 1072 420 1113 in
458 1084 507 1114 eo
548 1076 590 1112 ut
626 1072 747 1125 quina
789 1071 898 1112 milia
944 1082 1151 1111 nummum
1196 1068 1373 1124 singulis
1426 1068 1624 1110 militibus

138 1149 459 1187 numerarentur.
518 1146 616 1186 Tum
649 1145 753 1186 Otho
786 1144 950 1199 ingredi
982 1148 1118 1186 castra
1150 1156 1289 1186 ausuS.
1342 1142 1480 1197 Atque
1512 1142 1625 1185 illum

137 1219 286 1260 tribuni
317 1219 657 1272 centurionesque
689 1219 1009 1270 circumsistunt,
1042 1218 1215 1260 abiectis
1248 1217 1418 1259 militiae
1444 1217 1628 1272 insigni-

69 1304 71 1307 ·
135 1293 210 1334 bus
242 1292 365 1333 otium
396 1297 436 1335 et
465 1293 633 1335 salutem
664 1289 913 1347 flagitantes,
974 1293 1112 1335 Sensit
1153 1292 1352 1334 invidiam
1393 1291 1541 1344 miles,
1586 1295 1628 1333 et

77 1368 383 1431 525compositus
423 1367 463 1408 in
502 1368 741 1421 obsequium
783 1371 976 1409 auctores
1018 1367 1238 1409 seditionis
1286 1367 1338 1408 ad
1380 1365 1626 1421 supplicium

135 1441 240 1482 ultro
270 1441 511 1495 postulabat.
574 1443 701 1494 Otho,
733 1454 978 1496 quamquam
1010 1442 1185 1484 turbidis
1217 1440 1343 1484 rebus
1375 1445 1415 1484 et
1445 1440 1696 1486 diversis83

136 1515 303 1557 militum
344 1517 514 1569 animis,
559 1530 649 1558 cum
696 1518 872 1571 optimus
905 1517 1079 1571 quisque
1122 1517 1352 1558 remedium
1392 1515 1625 1570 praesentis

115 1590 328 1633 'licentiae
355 1597 569 1646 posceret,
607 1592 754 1648 vulgus
786 1597 826 1635 et
854 1593 994 1647 plures
1026 1592 1302 1634 seditionibus
1334 1595 1375 1634 et
1405 1590 1626 1634 ambitioso

1453 1660 1533 1675 a*

268 1731 302 1767 4.
330 1738 404 1767 toro
431 1733 507 1768 Ma:
539 1735 637 1768 thoro
666 1734 704 1769 G.
780 1736 812 1770 5.
842 1735 969 1781 {ic-ibus
996 1733 1061 1769 Ma.
1145 1736 1179 1770 6.
1206 1734 1314 1769 uelud
1340 1734 1404 1768 Ma.
1479 1733 1515 1769 8.
1543 1733 1626 1768 volt·

138 1779 196 1814 Or.
268 1783 372 1825 penit.
399 1781 462 1816 Ma.
538 1783 571 1817 9.
601 1783 739 1816 licinius
767 1790 797 1816 et
821 1783 986 1829 proculus
1015 1782 1077 1825 Ma,
1104 1783 1231 1818 'canius
1259 1784 1393 1829 (prima
1423 1781 1565 1827 syllaba
1589 1783 1627 1816 in

138 1832 278 1910 {agema}
305 1829 520 1911 etOproculus
548 1831 592 1864 G:
623 1833 730 1865 tacite
759 1833 914 1866 correxit
939 1831 1144 1866 Rhenanus.
1249 1832 1303 1867 16.
1328 1830 1531 1878 postulamur
1559 1829 1626 1867 Ma.

190 1902 197 1910 .
223 1888 262 1909 υο
279 1888 312 1921 9.
372 1888 397 1911 r.

139 1990 322 2024 ruentibus
369 1993 602 2035 praetorianis
665 1994 841 2028 obsistens

141 2049 350 2084 causamque
374 2041 559 2075 armandae
586 2041 741 2075 cohortis
758 2054 843 2076 suae

142 2088 375 2130 expositurus.
426 2088 493 2122 Sed
520 2089 664 2134 leyt'onis
690 2092 726 2124 in
752 2091 842 2125 libro

912 1996 946 2028 in
986 2006 1024 2029 se
1070 1996 1240 2030 invidiam
1287 1997 1498 2032 contineant
1539 1996 1627 2033 illue

912 2044 1131 2078 tribunorum
1169 2051 1204 2079 et
1250 2047 1498 2080 centurionum
1540 2056 1628 2092 pre-

914 2103 994 2135 οὓς,
1050 2103 1154 2127 omne
1192 2105 1270 2128 cum
1303 2094 1478 2130 seditioso
1512 2094 1629 2130 milite

143 2134 338 2181 ἀρχετύπῳ
371 2137 532 2181 ascripsit
558 2138 703 2183 aliquis,
743 2141 843 2174 cuius

141 2183 356 2227 temporibus
385 2187 558 2230 praefecti
590 2198 651 2230 pro
695 2187 844 2223 ducibus

103 2271 106 2277 ¹
142 2231 321 2277 legionum
349 2233 457 2279 vulgo
483 2234 701 2269 dicebantur.

210 2291 318 2324 neque
334 2281 558 2316 innocentes:
584 2285 758 2329 sanguine
778 2286 844 2318 tri-

141 2327 225 2361 buni
256 2334 289 2362 et
314 2332 618 2365 severissimorum
647 2344 690 2366 ex
717 2338 844 2366 centu-

142 2375 298 2409 rionibus
338 2388 376 2411 se
414 2385 708 2423 cruentaverant,
755 2381 845 2415 alios

142 2423 427 2459 vulneraverant.
455 2427 589 2460 Nomen
615 2430 715 2462 inviti
731 2429 844 2463 deno-

142 2475 192 2503 tat
226 2472 424 2516 cupidinem
458 2476 653 2509 trucidandi
689 2483 843 2513 senatus.

210 2526 342 2554 maesta
364 2521 479 2566 plebs:
513 2534 547 2557 v.
577 2529 695 2559 annot.
734 2526 776 2560 ad
802 2527 844 2560 H.

141 2566 156 2599 Ι
184 2568 240 2602 35.

213 2616 368 2651 Licinius
384 2618 549 2653 Proculus
577 2626 606 2654 el
621 2620 749 2655 Plotius
766 2622 845 2655 Fir-

140 2674 213 2697 mus
234 2667 427 2710 praefecti:
453 2669 520 2711 ipsi
546 2670 736 2714 praecipua
763 2682 846 2716 gra-

143 2711 190 2742 tia
224 2718 338 2756 erant,
386 2715 557 2758 praefecti
593 2719 770 2761 praetorio
804 2719 846 2752 ab

142 2757 227 2800 ipsis
253 2761 424 2796 militibus
453 2763 559 2807 lecti3
588 2776 620 2799 v.
650 2777 726 2810 cap.
754 2767 812 2801 46.

212 2808 314 2842 otium
352 2816 383 2843 et
420 2811 590 2846 salutem.-
643 2815 844 2849 missionem

142 2861 163 2883 a
187 2854 335 2889 militiae
361 2860 575 2903 muneribus,
606 2873 649 2895 ne
675 2864 740 2907 ipsi
769 2875 846 2897 am-

143 2897 235 2940 plius
263 2905 558 2947 periclitarentur.
655 2913 761 2945 sensit
787 2913 845 2945 in-

143 2943 270 2984 vidiam
294 2951 410 2987 miles:
437 2958 546 2991 sensit
562 2957 663 2994 miles
680 2965 844 3005 quantam

915 2143 1163 2176 commercium
1193 2153 1326 2178 exuere
1354 2144 1588 2188 cupientium.

1000 2188 1084 2235 Cap.
1112 2191 1171 2226 83.
1227 2192 1409 2227 ambitioso
1450 2193 1597 2238 imperio
1616 2203 1629 2226 .·

913 2238 959 2272 ‘h.
990 2249 1020 2272 e.
1059 2240 1094 2272 in
1123 2249 1192 2284 quo
1232 2241 1399 2285 princeps
1431 2240 1629 2275 ambitione

916 2292 1087 2331 uteretur,
1109 2299 1200 2333 quae
1229 2294 1282 2323 est
1310 2291 1345 2324 in
1367 2289 1542 2335 captanda
1557 2291 1631 2324 mi-

915 2336 1014 2369 litum
1069 2336 1241 2382 vulgique
1286 2337 1545 2373 benevolentia
1592 2341 1629 2373 et

915 2385 1038 2429 gratia.
1102 2386 1293 2420 Suetonius
1334 2387 1428 2433 Aug.
1465 2386 1546 2422 42:
1588 2392 1627 2421 ue

913 2433 1086 2467 salubrem
1126 2435 1238 2479 mayi‘s
1272 2446 1375 2480 quam
1409 2435 1628 2470 ambitiosum

910 2482 1105 2526 principem
1130 2482 1262 2518 scires'.
1301 2484 1516 2518 Eanzsnus.
1571 2481 1627 2518 Cf.

915 2529 956 2563 H.
985 2530 1014 2563 ll
1045 2531 1109 2564 12:
1153 2532 1300 2566 Suedius
1327 2531 1489 2567 Clemens
1514 2531 1628 2566 ambi·
1652 2520 1659 2543 ⁴

915 2578 999 2611 tioso
1025 2579 1168 2624 imperio
1201 2580 1356 2626 reyebae.
1662 2592 1663 2595 ’

1002 2628 1162 2673 cupidine
1197 2630 1252 2662 vel
1287 2629 1389 2663 odio:
1433 2627 1630 2673 cupidinem

916 2674 1001 2708 dicit
1019 2677 1123 2709 animi
1140 2676 1308 2712 affectum
1331 2687 1401 2722 quo
1423 2677 1502 2722 quis
1522 2676 1628 2711 alteri

917 2724 1013 2766 cupit
1039 2730 1073 2757 et
1099 2724 1222 2769 favet,
1252 2727 1309 2760 cui
1335 2726 1541 2770 oppositum
1570 2730 1626 2760 est

917 2770 1049 2814 odium,
1084 2778 1121 2805 ut
1147 2773 1188 2808 11.
1215 2774 1228 2808 1
1258 2776 1275 2809 1
1317 2784 1418 2808 amor
1457 2773 1629 2809 etodium

917 2826 1184 2863 componuntur.
1212 2822 1287 2856 lloc
1313 2822 1424 2867 igitur
1451 2821 1544 2856 Otho
1571 2822 1629 2856 di·-

916 2868 989 2907 cit,
1035 2869 1174 2902 solitam
1222 2870 1424 2904 discordiae
1465 2870 1629 2905 militaris

916 2925 1054 2949 causam
1099 2928 1203 2960 esse,
1249 2929 1327 2952 cum
1374 2919 1524 2953 cundem
1566 2919 1630 2954 alii

914 2968 1055 3008 ament,
1092 2965 1153 3000 alii
1179 2967 1349 3010 oderint,
1392 2965 1500 3013 idque
1526 2967 1564 3003 in
1589 2977 1628 3003 se
