1768 3216
747 230 1059 268 Hts'romARvn
1444 243 1477 267 a.
1504 241 1541 271 tt-
1567 232 1659 271 822.

163 236 239 274 818

164 352 336 408 (quippe
368 364 529 395 omnem
560 349 759 402 pudorem
790 360 875 391 nox
906 348 1141 399 ademerat)
1181 352 1436 401 protractum
1473 362 1497 391 e
1537 342 1664 395 cubili
1690 364 1696 370 ·

165 428 423 470 interficiunt.
483 424 638 466 Eadem
670 423 710 464 in
740 423 939 466 Voculam
972 423 1246 476 parabantur,
1285 423 1368 469 nisi
1402 423 1548 470 servili
1577 423 1657 482 haf-

163 502 249 546 bitu
289 512 362 553 per
405 499 601 541 tenebras
640 498 858 552 ignoratus
907 498 1124 541 evasisset.
1189 497 1266 540 Ubi
1316 497 1465 543 sedato
1507 497 1664 552 impetu

161 578 291 617 metus
320 573 457 624 rediit,
490 572 757 615 centuriones
789 584 883 613 eum
913 571 1099 625 epistulis
1133 571 1183 614 ad
1217 571 1407 618 civitates
1438 571 1663 618 Galliarum

131 647 326 699 smisere,
360 646 512 690 auxilia
544 659 593 688 ac
623 646 828 700 stipendia
857 649 1065 688 oraturos.
1116 645 1211 699 Ipsi,
1243 649 1287 693 ut
1318 649 1382 687 est
1401 645 1549 702 vulgus
1569 646 1662 691 sine
1675 649 1732 688 37

157 725 325 763 rectore
362 732 563 773 praeceps
603 719 797 773 pavidum
836 732 1001 772 socors,
1055 719 1305 762 adventante
1342 719 1492 774 Civile,
1532 721 1661 776 raptis
1719 766 1725 773 ,

158 799 314 838 temere
343 794 469 836 armis
499 807 547 837 ac
578 790 714 835 statim
743 794 924 846 omissis,
958 794 999 834 in
1025 794 1166 848 sugam
1187 798 1416 841 vertuntur.
1472 794 1556 839 Res
1587 795 1661 842 ad..

157 881 308 911 versae
338 869 593 911 discordiam
623 881 840 925 peperere,
868 869 919 910 iis
952 869 1021 922 qui
1053 882 1076 910 e
1094 869 1311 923 superiore
1332 869 1520 912 exercitu
1543 873 1662 913 erant

161 955 328 986 causam
360 955 474 985 suam
507 942 844 984 dissociantibus.
911 942 1063 984 Vitellii
1094 947 1232 985 tamen
1264 943 1469 998 imagines
1509 943 1553 987 in
1583 954 1661 988 ‹ta-2·

110 1018 257 1063 sostris
289 1022 330 1059 et
356 1030 429 1072 per
459 1018 668 1071 proximas
700 1017 919 1072 Belgarum
957 1018 1145 1060 civitates
1176 1018 1388 1071 repositae
1406 1048 1418 1071 ‚
1451 1029 1548 1064 eum
1576 1017 1657 1062 iam

160 1092 348 1135 Vitellius
396 1093 637 1136 occidisset.
710 1093 815 1137 Dein
862 1093 1003 1134 mutati
1051 1093 1093 1137 in
1135 1093 1432 1147 paenitentiam
1483 1092 1659 1149 primani

158 1168 429 1221 quartanique
457 1171 495 1208 et
519 1167 892 1210 duoetvicesimani
911 1168 1109 1210 Voculam
1129 1171 1377 1222 sequuntur3
1411 1167 1519 1222 apud
1536 1179 1659 1222 quem

98 1263 127 1312 ¹.
156 1246 367 1296 resumpto
403 1241 649 1295 Vespasiani
681 1246 947 1285 sacramento
995 1242 1046 1284 ad
1092 1242 1356 1286 liberandum
1399 1241 1658 1310 Mogontiaci

0 1310 8 1371 ζ
156 1316 363 1374 obsidium
406 1316 677 1358 ducebantur.
747 1317 1041 1359 Discesserant
1083 1309 1366 1370 obsessores,
1405 1316 1559 1361 mixtus
1604 1329 1678 1364 est*

0 1364 108 1421 “3
106 1380 312 1434 isChattis
343 1391 494 1444 Usipiis
524 1390 730 1433 Mattiacis
762 1392 1000 1443 exercitus,
1045 1391 1235 1433 satietate
1266 1391 1449 1445 praedae
1478 1403 1563 1434 neo
1587 1402 1658 1441 me-

52 1442 71 1457 „
157 1465 332 1522 cruenti.
394 1465 438 1506 In
469 1465 537 1508 via
571 1465 783 1519 dispersos
816 1469 855 1507 et
886 1465 1053 1507 nescios
1080 1465 1199 1507 miles
1239 1470 1383 1507 noster
1429 1451 1655 1510 invaserat

68 1579 85 1615 l
162 1539 269 1589 Quin
302 1543 342 1580 et
372 1538 546 1616 loricam
577 1539 812 1593 vallumque
842 1551 917 1593 per
957 1539 1060 1582 fines
1102 1551 1201 1582 suos
1250 1539 1408 1582 Treviri
1450 1539 1657 1593 struxere,

1 1617 46 1631 11⁷·
68 1605 136 1631 Ἢ»
150 1607 198 1644 b

289 1677 325 1712 4.
354 1676 439 1722 eplis
467 1687 545 1712 cum
572 1676 635 1710 lin.
663 1675 728 1711 Ma.
806 1678 839 1712 5.
867 1676 986 1723 volgus
1016 1677 1074 1712 Or.
1168 1678 1201 1713 7.
1229 1683 1409 1712 vertentur
1433 1686 1612 1722 superscr.
1636 1687 1659 1712 v

153 1722 218 1758 Ma.
298 1726 352 1758 1-1.
379 1736 459 1770 pen.
488 1725 552 1759 Ma.
639 1726 694 1761 12.
724 1725 1059 1760 duoetvicensimani
1083 1725 1149 1760 Ma.
1255 1727 1309 1761 13.
1339 1725 1559 1772 Mogontiaci
1582 1723 1658 1760 Μ..

78 1805 83 1809 Χ
151 1773 375 1818 magonciam*
406 1772 445 1807 G.
547 1773 602 1808 14.
643 1775 770 1808 mixtus
791 1780 823 1808 et
850 1775 952 1809 caitis
978 1775 1051 1818 Ma,
1086 1775 1214 1810 mixtus
1241 1775 1351 1809 caetis
1378 1774 1428 1811 G:
1462 1775 1591 1811 maus
1615 1785 1660 1809 ea·

156 1821 267 1855 Cattis
293 1821 498 1855 Rhenanus.
602 1822 655 1856 15.
695 1821 806 1868 Usipis
833 1822 942 1856 GMd:
976 1823 1103 1869 Vsipiis
1131 1815 1360 1858 Puteolanus.
1435 1823 1660 1858 incruenlari

150 1871 212 1904 uia
246 1870 443 1915 adispersos
479 1875 570 1917 (non
616 1882 640 1904 α
682 1871 869 1916 dispersos)
905 1869 980 1914 Ma,
1022 1873 1258 1915 incruentati,
1296 1873 1348 1906 ita
1389 1871 1563 1918 dispersos
1604 1870 1657 1906 G.

153 1919 356 1954 emendavit
382 1918 533 1963 Lipsius.
622 1919 678 1954 17.
710 1919 850 1954 Treveri
878 1919 937 1954 Or.

940 2060 1118 2093 exercitus
1146 2059 1271 2104 legio,
1303 2060 1415 2102 prima
1458 2063 1492 2093 et
1517 2059 1656 2095 vicesi-

939 2118 1006 2150 ma,
1036 2119 1055 2141 a
1081 2107 1221 2141 Vitellii
1248 2106 1398 2141 ducibus
1425 2112 1501 2142 tota
1525 2109 1560 2142 in
1583 2110 1656 2143 lta-

939 2156 1023 2190 liam
1052 2155 1204 2190 abducta
1232 2160 1307 2189 erat
1334 2156 1396 2201 (H.
1424 2156 1437 2190 1
1465 2156 1556 2202 61),
1594 2168 1657 2192 re-

941 2204 1046 2238 ducta
1070 2204 1212 2238 demum
1241 2215 1261 2238 a
1285 2202 1654 2252 Ceriale(tl.1V70).

1009 2253 1167 2298 primani
1208 2254 1440 2298 qum-Ianique
1474 2259 1507 2287 et
1532 2253 1656 2288 duoet-

939 2301 1173 2335 vicesimam':
1218 2311 1262 2335 ex
1297 2301 1352 2335 his
1380 2302 1531 2345 primani
1556 2302 1655 2337 infe-

939 2350 1045 2383 rioris
1074 2349 1254 2384 exercitus
1283 2355 1396 2394 erant,
1425 2355 1508 2391 ante
1534 2351 1571 2392 jn
1590 2361 1654 2386 ca-

938 2399 1021 2432 stris
1047 2398 1320 2442 Bonnensibus,
1357 2399 1468 2432 ceteri
1496 2410 1516 2433 e
1541 2409 1654 2444 supe-

152 2066 279 2091 versus
306 2056 536 2100 Novaesium,
570 2068 640 2091 non
667 2059 793 2103 procul
824 2059 867 2093 ab

152 2105 284 2149 oppido
313 2105 485 2140 Voculam
515 2107 781 2152 regredientem
809 2108 869 2141 of-

152 2153 284 2196 fendit,
330 2155 490 2199 equestri
536 2165 656 2201 pugna
698 2166 868 2200 prospere

153 2203 315 2236 certavit.
372 2202 449 2236 Non
487 2213 572 2237 vere
614 2203 868 2239 Doederlinius

152 2261 231 2284 cum
244 2250 445 2285 Gutmanno
470 2251 620 2286 Voculae
646 2263 775 2287 nomen
804 2264 870 2290 ex-

157 2298 288 2334 cidisse
324 2300 493 2333 coniecit.
557 2301 705 2335 Romani
746 2301 869 2336 militis

150 2348 306 2382 secunda
345 2349 462 2382 statim
504 2355 698 2383 memorata
731 2350 869 2394 proelia

149 2401 230 2430 sunt
253 2396 296 2430 de
321 2397 448 2441 quibus
478 2397 628 2431 relatum
646 2410 676 2433 c.
689 2400 737 2433 33
754 2403 789 2432 et
807 2399 866 2441 34,

152 2443 302 2478 adversa
319 2456 410 2490 quae
427 2445 620 2480 subsecuta
647 2452 740 2489 sunt,
758 2448 867 2481 amis-

151 2503 192 2528 sa
204 2493 364 2527 Gelduba
394 2498 429 2527 et
455 2494 632 2538 proelium
659 2495 754 2530 haud
781 2506 866 2540 pro-

151 2541 208 2575 cul
250 2541 430 2576 Novaesio
479 2553 690 2588 prosperum
743 2543 863 2579 Civili.

148 2589 310 2624 Narratio
337 2590 459 2625 brevis
486 2596 560 2635 est,
598 2591 662 2626 sed
695 2602 766 2626 non
794 2593 862 2626 ob-

147 2648 261 2673 scura.

222 2687 306 2732 Gap.
334 2689 394 2723 37.
436 2689 474 2722 in
500 2691 624 2735 fuyam
647 2695 858 2724 vertuntur:

149 2737 289 2770 omissis
315 2736 485 2771 Novaesii
520 2738 646 2772 castris
674 2737 860 2774 Coloniam

147 2783 464 2828 Agrippinensium
492 2791 527 2820 et
554 2786 637 2821 inde
654 2782 859 2833 Mogontia-

149 2841 227 2866 cum
253 2834 428 2876 petivere.

240 2881 284 2914 iis
321 2883 378 2925 qui
422 2894 439 2915 e
481 2885 662 2928 superiore
703 2885 861 2919 exercitu

149 2934 278 2962 erant.-
319 2929 426 2964 electi
471 2931 778 2969 duoetvicesimae
823 2938 860 2968 et

150 2981 293 3021 quartae
331 2977 545 3024 legionum:
592 2981 733 3028 reliqua
780 2982 859 3019 eius

937 2447 1044 2482 riore.
1092 2447 1145 2481 De
1173 2457 1259 2481 vera
1287 2448 1466 2491 scriptura
1492 2447 1651 2482 duoetvi-

937 2496 1107 2532 cesimam'
1126 2495 1172 2528 cf.
1185 2499 1306 2528 annot.
1335 2495 1378 2533 ad
1396 2495 1438 2531 H.
1458 2494 1473 2533 Ι
1494 2495 1551 2539 18,
1569 2496 1599 2533 V
1619 2498 1651 2536 1.

1008 2545 1091 2588 quin
1118 2549 1148 2577 ee
1175 2542 1324 2580 loricam
1346 2543 1568 2588 vallumque.-
1594 2543 1652 2579 his

936 2592 1128 2637 exequitur
1175 2602 1293 2626 rerum
1341 2596 1504 2630 narrator
1558 2602 1651 2638 quae

933 2650 1039 2685 porro
1066 2640 1109 2673 ad
1138 2639 1338 2686 augendam
1363 2651 1439 2678 rem
1454 2640 1649 2679 amanam

879 2691 885 2696 ’
933 2701 952 2724 a
981 2689 1091 2723 sociis
1127 2693 1256 2733 coepta
1295 2693 1331 2725 et
1368 2688 1463 2728 facta
1499 2689 1648 2727 fuerint.

934 2737 1075 2772 Vallum
1101 2747 1172 2770 non
1198 2737 1325 2782 procul
1350 2737 1393 2771 ab
1412 2736 1544 2782 oppido
1559 2737 1650 2775 Bin-

931 2788 991 2832 gio
1021 2791 1056 2820 et
1081 2785 1181 2820 Nava
1205 2785 1353 2820 flumine
1389 2787 1649 2825 structurum·-

931 2834 1033 2870 detur
1058 2834 1171 2869 fuisse
1186 2860 1196 2878 ‚
1224 2844 1294 2880 quo
1325 2839 1490 2871 arcerent
1515 2844 1537 2873 a
1561 2834 1648 2870 fini..

928 2883 995 2919 bus
1021 2884 1094 2917 suis
1120 2883 1410 2918 transrhenanos.
1441 2883 1576 2922 Lucina
1592 2888 1648 2919 est
1686 2920 1688 2924 ,

929 2933 1045 2977 ipsum
1084 2932 1220 2967 vallum
1241 2943 1250 2966 t
1303 2931 1400 2967 conf.
1441 2936 1562 2971 annot.
1602 2931 1648 2971 ad
