1768 3216
66 202 70 204 *
97 231 119 261 ι,
139 219 184 265 Ζ(ι.
211 220 273 259 69.
547 217 684 254 Lmen
707 218 768 255 111.
820 217 909 254 οη.
936 214 1095 253 41-44.
1527 213 1600 249 aas

27 339 194 391 430118,
232 338 276 380 in
308 337 439 380 verba
476 337 567 379 eius
607 337 823 392 adegerat.
885 333 1155 387 concitisque
1198 332 1390 376 omnibus
1421 331 1492 386 qui
1522 342 1608 393 ex·
1629 327 1768 399 SM?

97 413 302 458 auctorati
339 426 363 456 a
395 413 562 455 Vitellio
599 411 754 455 bellum
796 414 946 465 sponte
984 409 1223 463 sumebant,
1267 407 1600 451 Foroiuliensem

95 466 324 542 m,
355 488 536 532 claustra
566 487 709 539 maris,
739 485 954 540 praesidio
990 484 1196 536 tuebatur,
1229 495 1280 525 eo
1308 483 1482 539 gravior
1520 494 1599 524 au-

98 568 191 606 ctor
219 563 332 618 quod
360 563 531 606 Paulino
560 562 695 618 patria
726 562 876 604 Forum
908 560 1000 602 Iulii
1031 564 1072 602 et
1099 559 1235 602 honos
1278 558 1386 615 apud
1430 561 1604 612 praeto-

98 639 287 697 rianos„
310 650 486 693 quorum
528 637 739 692 quondam
783 637 973 678 tribunus
1024 635 1174 677 fuerat.
1234 633 1401 688 Ipsique
1450 633 1659 701 paganis!
1694 662 1697 666 -
1731 651 1744 702 l

97 714 247 757 favore
274 712 516 768 municipali
547 716 588 754 et
617 712 782 770 futurae
826 710 1022 775 >9tggntjj-ie
1063 722 1138 765 spe
1170 709 1317 751 iuvare
1345 712 1486 763 partes
1524 707 1605 749 ad-
1610 689 1768 770 &aad

98 788 349 832 nitebantur.
411 788 529 839 Quae
575 787 648 829 ubi
686 774 845 841 'paratu
881 773 907 828 tt
909 798 997 827 rma
1038 789 1080 826 et
1118 788 1239 827 aucta
1280 795 1452 825 rumore
1496 782 1605 837 apud
1619 785 1729 841 {rm
1766 815 1768 822 Α

96 863 240 906 varios
268 861 586 905 Vitellianorum
616 860 778 903 animos
808 859 1108 911 increbruere‚
1143 858 1294 900 Fabius
1325 858 1479 900 Valens
1512 869 1605 899 cum
1640 849 1706 903 ἳίς
1722 882 1768 902 ,Π

97 941 293 993 quattuor
318 937 653 992 speculatoribus
674 940 715 977 et
732 936 865 977 tribus
889 934 1051 986 amicis,
1077 933 1249 975 totidem
1272 931 1604 985 centurionibuS‚

96 1012 312 1074 adqnaves
338 1011 604 1068 regi-editum
633 1011 794 1053 Maturo
828 1009 1067 1063 ceterisque
1095 1020 1319 1050 remanere
1343 1012 1385 1049 et
1407 1007 1450 1049 in
1475 1007 1659 1051 verbam

97 1087 345 1144 Vespasiani
390 1086 506 1142 adigi
549 1086 787 1132 volentibus
836 1085 926 1127 suit.
988 1067 1187 1127 Ceterum
1229 1087 1274 1124 ut
1320 1095 1437 1125 mare
1481 1082 1606 1124 tutius

99 1163 263 1206 Valenti
292 1174 415 1217 quam
440 1131 938 1214 limum
969 1159 1096 1202 futuri
1123 1159 1368 1215 ambiguus,
1406 1163 1447 1199 et
1473 1159 1607 1213 magis

101 1239 200 1293 quid
244 1239 398 1280 vitaret
440 1249 563 1292 quam
609 1237 675 1279 cui
718 1237 868 1279 fideret
910 1240 1079 1288 certus,
1133 1234 1312 1277 adversa
1363 1238 1609 1290 tempestate

101 1313 363 1358 Stoechadas
391 1313 717 1356 Massiliensium
745 1312 904 1354 insulas
935 1311 1136 1354 adfertur.
1185 1310 1246 1354 Ibi
1278 1322 1372 1352 eum
1399 1310 1554 1352 missae
1585 1323 1609 1351 a

99 1388 270 1432 Paulino
299 1388 553 1432 Liburnicae
584 1399 850 1443 oppressere.

231 1465 359 1518 Capto
390 1463 568 1506 Valente
595 1468 744 1505 cuncta
777 1462 829 1504 ad
862 1461 1039 1505 victoris
1071 1473 1173 1516 opes
1216 1471 1448 1511 conversa,
1490 1458 1608 1500 initio

98 1550 178 1598 pgr
191 1538 433 1593 Hispaniam
462 1551 486 1580 a
512 1538 645 1592 prima
675 1537 895 1580 Adiutrice
924 1537 1097 1592 legione
1128 1539 1237 1587 orto,
1271 1547 1378 1589 quae
1408 1534 1610 1576 memoria
1743 1525 1752 1593 ‚⁵

100 1611 279 1655 Othonis
322 1612 489 1655 infensa
530 1612 696 1654 Vitellio
742 1612 948 1654 decimam
989 1622 1155 1665 quoque
1199 1623 1249 1651 ac
1279 1613 1437 1651 sextam
1468 1609 1606 1650 traxit.

98 1688 187 1731 Nec
219 1686 378 1730 Galliae
410 1687 726 1729 cunctabantur.
788 1686 840 1728 Et
869 1686 1125 1728 Britanniam
1164 1685 1263 1726 olim
1310 1684 1466 1727 inditus
1509 1695 1611 1741 erga

1624 1397 1663 1427 15

30 1468 87 1508 44

742 1843 778 1877 3.
806 1841 967 1876 claustr-d
993 1841 1060 1877 Ma.
1138 1842 1222 1876 voci
1251 1841 1362 1876 maris
1386 1852 1406 1875 a
1431 1842 1613 1876 recentis-

100 1893 191 1926 sima
216 1901 324 1925 manu
348 1900 524 1936 supemcr.
555 1892 629 1926 iam
654 1892 692 1925 in
715 1889 782 1925 Ma.
884 1891 919 1926 4.
949 1890 1020 1925 Iuli
1043 1889 1121 1925 Ma:
1147 1891 1227 1925 iulii
1255 1890 1295 1926 G.
1406 1891 1439 1925 7.
1469 1890 1530 1925 ubi
1556 1890 1612 1925 G:

100 1939 156 1975 Ma
182 1940 231 1974 ui.
330 1939 367 1975 8.
395 1940 624 1975 increbruere
649 1938 730 1974 Ma:
755 1939 965 1974 increbuere
986 1940 1219 1974 Puteolanus.
1303 1939 1337 1974 9.
1367 1939 1507 1973 totidem
1534 1938 1612 1973 Ma:

101 1989 308 2033 totidemque
334 1987 363 2023 G
391 1993 427 2022 et
452 1988 527 2024 alii.
630 1989 686 2024 10.
718 1994 881 2023 maturae
907 1988 973 2032 Ma,
1003 1994 1140 2023 mature
1166 1987 1195 2022 G
1221 1991 1258 2023 et
1283 1987 1372 2022 alii:
1413 1992 1612 2022 correctum

100 2039 138 2072 in
162 2037 194 2072 A
220 2042 257 2072 et
281 2047 303 2072 a
327 2036 462 2082 Lipsio.
540 2039 596 2074 17.
629 2037 797 2083 hispania
822 2037 870 2070 ad
885 2036 956 2072 Ma:
993 2037 1022 2072 G
1047 2037 1217 2084 hispanici
1235 2048 1277 2071 a.
1343 2037 1399 2072 19.
1427 2036 1520 2071 triu.
1547 2035 1612 2071 Ma.

102 2086 184 2120 otim
222 2086 354 2121 inditus
387 2085 524 2120 editor:
564 2085 618 2122 Ma
650 2087 782 2122 inditus
808 2088 901 2133 (non
926 2087 1122 2133 indictus),
1162 2086 1189 2121 G
1215 2086 1386 2134 inclytus,
1424 2085 1612 2122 Ernestius

106 2135 263 2170 coniecit
284 2135 422 2170 insitus.

239 1843 271 1877 1.
298 1824 469 1876 exauctor
492 1843 566 1877 rati
588 1841 654 1876 Ma.

104 2278 223 2324 quibus
248 2278 374 2313 bellum
395 2279 588 2314 volentibus
603 2286 691 2315 erat.
718 2280 823 2316 159:
892 2283 1008 2327 fertur
1034 2280 1174 2315 Tacitus
1214 2281 1402 2324 expressit.
1471 2279 1613 2314 Frustra

102 2333 139 2361 ut
167 2326 353 2373 quibusque
380 2327 505 2362 bellum
529 2328 648 2363 invitis
677 2335 738 2363 aut
758 2341 823 2364 cu-

101 2375 275 2422 pientibus
294 2381 384 2411 erat.
412 2376 602 2411 Sallustius
629 2377 707 2424 lug.
731 2379 821 2414 100:

102 2425 153 2459 uti
179 2424 344 2460 militibus
372 2431 588 2471 exaequatus
607 2437 685 2460 eum
709 2427 821 2472 impe-

102 2478 225 2508 ratore
259 2473 358 2510 labos
382 2473 574 2509 volentibus
601 2481 700 2509 esset.
766 2475 821 2510 De

104 2523 448 2606 cgggssaggnctura
470 2522 660 2557 verborum
687 2524 820 2558 dictum

103 2579 122 2603 a
319 2598 326 2604 .

174 2641 326 2676 adversa
367 2649 566 2689 tempestate
603 2644 823 2678 Stoechadas

107 2688 382 2724 Massiliensium
398 2691 532 2726 insulas
548 2692 728 2736 adfertur.-
749 2692 823 2726 Va-

103 2735 182 2770 lens
206 2739 331 2783 procul
371 2750 394 2772 a
419 2740 522 2773 litore
556 2740 601 2774 ob
637 2739 822 2774 Paulinum

104 2783 286 2819 Flavianis
322 2787 480 2831 partibus
523 2788 700 2822 addictum
737 2788 821 2823 vehi

104 2834 296 2877 cupiebat:
335 2836 398 2869 sed
435 2841 558 2870 contra
597 2836 818 2871 voluntatem

102 2882 196 2916 idem
225 2893 337 2928 prope
366 2885 408 2918 ad
435 2886 656 2929 provinciam
680 2885 819 2920 Narbo-

101 2941 250 2966 nensem
275 2933 488 2976 Secundam,
514 2934 576 2968 ubi
598 2933 817 2968 Stoechades

101 2979 254 3025 insulae,
279 2981 442 3017 admotus
470 2987 548 3017 est:
578 2981 646 3016 hoc
664 2991 728 3027 per
750 2982 819 3018 ad-

892 2329 1081 2364 Ernestius
1110 2329 1268 2364 coniecit
1295 2329 1465 2373 defertur.

966 2399 1052 2444 Cap.
1081 2399 1140 2435 44.
1169 2411 1192 2433 a
1215 2403 1334 2447 prima
1349 2399 1534 2435 Adiutrice
1558 2399 1614 2433 le..

891 2449 1017 2493 gione:
1043 2449 1132 2483 haec
1159 2454 1197 2482 ut
1223 2460 1313 2494 pace
1339 2450 1547 2484 mitesceret
1577 2449 1613 2481 in

891 2497 1097 2542 Hispaniam
1123 2499 1230 2533 missa
1258 2504 1355 2541 erat3
1385 2509 1419 2532 v.
1447 2496 1611 2532 H.1167.

965 2545 1048 2581 olim
1071 2547 1203 2581 inditus
1239 2559 1327 2594 erga
1362 2547 1613 2593 Vespasianum

891 2595 1018 2638 favor.-
1044 2606 1109 2640 per
1135 2607 1174 2630 se
1201 2602 1340 2630 constat
1367 2606 1453 2640 crya
1478 2594 1611 2639 Vespa-

893 2643 1031 2677 sianum
1053 2647 1179 2689 favor,
1218 2645 1252 2679 h.
1282 2657 1313 2679 e.
1341 2645 1443 2678 favor
1472 2643 1611 2685 Vespa-v

893 2693 986 2725 siani
1022 2694 1115 2737 apud
1160 2693 1309 2727 militem
1353 2691 1610 2735 Britannicum,

892 2745 931 2772 ut
957 2752 1045 2786 crya
1071 2741 1223 2785 pendeat
1259 2752 1279 2774 e
1315 2741 1459 2773 nomine
1495 2740 1609 2783 furor,

893 2799 963 2821 non
993 2800 1037 2822 ex
1065 2789 1219 2822 inditus:
1256 2799 1337 2822 nam
1374 2788 1497 2821 indere
1525 2797 1612 2832 erga

892 2837 1044 2880 aliquem
1068 2836 1203 2880 aliquid
1218 2836 1343 2870 Latine
1369 2846 1440 2869 non
1466 2835 1610 2869 dicitur.

891 2886 961 2918 tam
998 2885 1128 2919 inditus
1163 2884 1258 2918 nude
1304 2885 1504 2919 consistere
1543 2894 1609 2918 ne-

890 2934 985 2977 quit,
1012 2933 1076 2967 sod
1105 2932 1175 2966 hoc
1201 2932 1322 2967 dicere
1349 2937 1511 2967 narrator
1541 2942 1610 2967 vo-

890 2981 967 3023 luit,
996 2981 1064 3016 iam
1081 2979 1217 3027 pridem
1236 2981 1338 3019 illum
1354 2982 1515 3018 favorem
1527 2981 1609 3017 Bri-
