1768 3216
211 229 259 262 43
797 218 1103 256 HISTORIARVM
1485 227 1517 252 a.
1545 225 1582 252 ιι.
1608 215 1702 256 832ω

211 343 268 384 ris
310 340 432 382 suerit
477 340 588 382 cuius
630 350 754 380 causa
795 340 895 379 erat.
954 336 1064 379 Ante
1108 335 1254 378 aedem
1296 334 1381 376 divi
1430 332 1522 376 Iulii
1569 333 1701 379 iacuit
1756 343 1758 346 ’

210 418 339 471 primo
373 416 454 456 ictu
485 415 525 455 in
554 396 768 467 poplitem,
811 424 908 453 mox
938 412 988 454 ab
1021 411 1123 452 Iulio
1156 410 1262 452 Caro
1294 409 1528 465 legionario
1567 407 1698 452 milite

211 491 252 531 in
282 494 492 542 utrumque
524 488 628 529 latus
659 487 1032 529 transverberatus.
1095 485 1304 540 Insignem
1351 484 1420 526 illa
1462 483 1532 527 die
1558 483 1694 528 vimm
1706 488 1768 532 48

209 562 488 616 Sempronium
527 562 709 603 Densum
751 565 863 603 aetas
904 565 1045 602 nostra
1085 560 1199 602 vidit.
1261 558 1458 601 Centurio
1499 558 1534 601 is
1564 571 1696 614 prae-

176 637 335 679 storiae
376 636 581 689 cohortis,
623 650 645 678 a
687 635 812 678 Galba
855 635 1070 676 custodiae
1108 634 1268 676 Pisonis
1307 634 1496 688 additus,
1545 634 1694 678 stricto

203 711 382 765 pugione
414 722 639 752 occurrens
679 710 844 752 armatis
884 714 924 750 et
961 709 1099 751 scelus
1143 709 1426 763 exprobrans,
1474 721 1525 752 ac
1564 709 1692 752 modo

203 797 325 826 manu
367 785 489 826 modo
527 797 633 826 voce
678 784 878 826 vertendo
923 784 964 824 in
1013 796 1060 825 se
1099 795 1400 837 percussores,
1443 795 1693 839 quamquam

203 859 415 901 vulnerato
445 859 582 901 Pisoni
612 858 806 913 effugium
838 858 961 900 dedit.
1021 858 1113 899 Piso
1153 858 1194 899 in
1226 858 1374 901 aedem
1403 859 1558 902 Vestae
1586 871 1692 915 per-

204 933 332 986 vasit,
382 938 658 988 exceptusque
689 933 975 975 misericordia
1004 933 1158 987 publici
1189 934 1302 976 servi
1335 938 1376 975 et
1410 934 1690 978 contubernio

156 1019 193 1049 ω
206 1009 291 1050 eius
323 1009 506 1061 abditus,
550 1021 632 1050 non
665 1009 870 1063 religione
901 1021 979 1050 nec
1011 1009 1280 1051 caerimoniis
1309 1009 1384 1052 sed
1416 1009 1575 1056 latebra
1605 1010 1689 1054 im-

203 1084 362 1125 minens
393 1083 558 1124 exitium
588 1083 815 1135 differebat,
849 1095 939 1124 cum
975 1084 1186 1126 advenere
1217 1085 1345 1127 missu
1378 1084 1573 1138 Othonis,
1604 1097 1690 1145 132-

203 1157 454 1214 ssliQtjffliss
486 1157 654 1199 caedem
687 1158 774 1199 eius
806 1157 1016 1211 ardentes,
1050 1158 1255 1213 Sulpicius
1277 1160 1422 1202 Florus
1456 1172 1480 1201 e
1518 1159 1690 1204 Britan-

202 1211 599 1284 nicis‘cohortibus,
651 1243 780 1286 nuper
809 1245 830 1274 a
863 1231 989 1274 Galba
1022 1233 1189 1294 civitate
1221 1234 1423 1289 donatus,
1463 1238 1505 1277 et
1534 1234 1689 1279 Statius

336 1381 369 1415 2.
398 1380 493 1413 cario
518 1379 622 1413 Gna,
651 1381 756 1415 tacite
784 1383 938 1416 correxit
966 1382 1172 1427 Rhenanus,
1200 1393 1271 1417 non
1300 1383 1511 1428 Beroaldus,
1538 1387 1578 1418 ut
1603 1394 1688 1419 nar-

203 1431 257 1460 rat
283 1427 492 1462 Waltherus.
579 1431 611 1462 4.
640 1429 693 1463 his
722 1429 790 1463 Ma:
819 1430 846 1464 G
871 1432 910 1465 is.
1009 1433 1042 1467 5.
1070 1444 1093 1466 a
1120 1433 1253 1467 Galbae
1284 1433 1477 1468 custodian
1503 1443 1526 1467 a
1553 1431 1688 1468 Pisonis

202 1474 275 1509 Ma:
303 1478 454 1510 correxit
479 1476 628 1521 Lipsius.
680 1479 853 1513 custodiae
877 1486 947 1515 tum
971 1482 1068 1516 coni.
1096 1481 1361 1516 Doederlinius.
1424 1481 1460 1518 8.
1487 1481 1583 1518 vulis.
1610 1481 1685 1526 Μ’,

202 1534 271 1557 non
296 1524 386 1559 voln.
464 1525 547 1559 eade
573 1524 643 1559 Ma:
672 1527 698 1561 G
724 1528 853 1563 aedem.
932 1530 987 1565 10.
1019 1541 1090 1564 cer.
1117 1528 1182 1564 Ma.
1253 1531 1308 1566 11.
1334 1530 1442 1565 missu
1467 1529 1563 1575 Gna,
1590 1532 1687 1567 iussu

202 1571 239 1606 B.
292 1574 345 1608 12.
372 1573 463 1609 brice.
491 1572 551 1608 Ma.
628 1576 682 1610 13.
712 1575 822 1611 Galba
851 1576 925 1612 Ma:
956 1589 980 1612 a
1003 1578 1111 1625 yalba
1137 1578 1175 1613 G.

200 1721 268 1757 guo
295 1713 393 1746 vocis
430 1714 547 1761 (quod)
583 1716 738 1759 pondere
776 1717 900 1762 prohi-
965 1721 1084 1766 parcit
1121 1719 1268 1755 imbellis
1303 1721 1467 1756 iuventae
1496 1711 1716 1769 poplitibus}

199 1759 275 1793 beri
302 1762 423 1804 potuit.
464 1762 586 1808 Neque
617 1765 700 1799 alibi
729 1767 900 1801 eiusmodi
970 1769 1129 1804 timidone
1162 1776 1271 1816 teryo.
1708 1775 1711 1785 ²

202 1807 390 1842 ablativum
429 1811 585 1844 iunctum
621 1814 712 1856 apud
745 1814 900 1849 Tacitum

202 1856 322 1890 inveni
350 1868 425 1891 cum
444 1859 561 1893 verbis
589 1863 743 1904 confiteri
763 1868 798 1897 et
814 1875 902 1909 pro-

199 1904 292 1947 fiteri
317 1910 351 1938 et
375 1907 492 1951 fateri.
545 1908 602 1942 Sic
630 1911 734 1943 etiam
763 1912 902 1946 Plutar-

205 1951 289 1985 chus
330 1954 363 1986 in
405 1955 565 1999 exemplo
610 1967 672 1990 suo
709 1958 818 1993 Taciti
847 1961 903 1993 vl-

204 1999 304 2033 detur
328 2001 480 2047 legisse,
518 2006 574 2048 qui
610 2006 644 2038 in
685 2006 793 2041 Galba
827 2009 902 2043 27.-

204 2048 467 2096 ἀπεσφάττετο
490 2051 528 2087 δὲ
553 2053 775 2094 καὶΟὐίιίος
810 2056 904 2104 ὁμο-

203 2099 327 2142 λογῶν
340 2095 524 2139 κοινωνὸς
545 2106 742 2148 γεγονέναι
763 2108 824 2147 τῆς
842 2106 904 2141 ἐπὶ

211 2142 276 2181 τὸν
303 2147 447 2191 Γάλβαν
474 2155 715 2197 συνωμοσίας
747 2155 903 2199 (confes-

203 2206 259 2228 sus
285 2196 528 2230 conscientiam
556 2200 833 2248 coniurationis).

274 2243 369 2276 cuius
397 2256 504 2279 causa
523 2253 619 2281 erat:
657 2249 732 2293 ipse
760 2250 902 2284 Galbam

204 2295 437 2336 contemptum
466 2299 500 2327 et
524 2295 674 2330 invisum
691 2298 902 2343 reddiderat,

204 2349 283 2383 spes
309 2339 456 2374 Othonis
483 2343 642 2388 foverat3
689 2347 782 2382 conf.
822 2359 852 2382 c.
880 2348 902 2383 6

205 2392 240 2420 et
269 2388 320 2422 13.

278 2441 357 2469 ante
385 2437 502 2471 aedem
528 2440 598 2473 divi
628 2441 734 2475 Iulii.-
772 2453 814 2476 ea
838 2454 902 2478 ae-

205 2481 265 2516 des
292 2485 327 2517 in
361 2484 438 2518 soro
465 2487 642 2531 Romano,
681 2489 740 2522 ubi
776 2501 902 2536 corpus

202 2529 283 2565 Iulii
309 2530 468 2568 Caesaris
507 2542 764 2571 concrematum
800 2545 901 2583 erat3

202 2588 237 2613 v.
264 2579 331 2613 Dio
358 2581 480 2616 XLVII
508 2583 563 2626 18,
590 2585 632 2618 LI
663 2586 715 2620 19.
766 2588 902 2632 Appia-

201 2637 266 2660 nus
295 2627 398 2663 Civil.
430 2630 461 2664 11
491 2631 567 2666 148.
603 2632 748 2667 Ovidius
763 2635 900 2671 Metam.

201 2674 264 2709 XV
279 2676 362 2719 841,
388 2688 431 2711 ex
447 2678 557 2713 Ponto
584 2681 615 2715 ll
637 2682 731 2716 285.
766 2683 904 2718 Becker

147 2761 153 2769 .‚
199 2723 241 2757 A.
269 2724 309 2759 R.
348 2730 373 2759 t.
400 2725 414 2759 I
449 2738 481 2772 p.
508 2729 577 2764 335
604 2740 655 2775 sq.
791 2735 903 2777 primo

200 2771 270 2804 ictu
294 2773 331 2806 in
353 2775 534 2820 poplitem.-
562 2778 597 2811 in
623 2778 793 2822 poplitem
820 2781 902 2815 vul-

155 2828 157 2838 ¹
201 2826 365 2854 nen-antur
391 2824 512 2868 ignavi
540 2830 574 2859 et
600 2827 802 2872 fugientes,
827 2829 902 2863 for-

160 2906 162 2909 ι
202 2870 255 2900 tes
280 2874 313 2901 et
339 2870 486 2906 audaces
505 2873 653 2908 adversa
677 2876 825 2910 vulnera
845 2878 903 2912 fe-

201 2920 292 2949 runt.
308 2917 468 2953 Horatius
483 2920 594 2957 Carm.
614 2922 660 2957 Ill
679 2925 701 2958 2
720 2925 784 2960 14:
810 2937 903 2961 mors

204 2968 236 2997 et
259 2965 418 3010 suqacem
436 2973 652 3015 persequitur
678 2973 808 3019 virum,
836 2986 903 3011 nec

1043 1839 1127 1884 Cap.
1155 1841 1214 1876 43.
1258 1841 1431 1887 insiynem
1455 1840 1522 1876 itta
1546 1840 1602 1877 die
1626 1843 1684 1877 vi-

970 1899 1047 1921 rum
1066 1890 1307 1934 Sempronium
1323 1892 1478 1925 Densum
1496 1896 1596 1926 aetas
1615 1902 1685 1925 no-

971 1942 1046 1969 stra
1074 1937 1178 1971 vidit.-
1225 1938 1370 1972 laudant
1409 1938 1562 1974 eundem
1595 1938 1685 1974 Plu-

971 1984 1113 2019 tar-chus
1138 1986 1172 2019 in
1188 1986 1294 2021 Galba
1322 1998 1352 2023 c.
1365 1988 1410 2024 27
1439 1992 1475 2022 et
1492 1986 1563 2023 Dio
1588 1988 1683 2034 apud

971 2032 1189 2077 Xiphilinum
1213 2035 1321 2070 Lxlv
1347 2036 1382 2080 6,
1409 2036 1473 2071 sed
1497 2036 1552 2071 illi
1579 2036 1684 2072 Sem-

972 2083 1133 2125 pronium
1166 2082 1309 2128 Galbae,
1337 2095 1408 2119 non
1433 2085 1588 2130 Pisonis,
1615 2096 1683 2121 cu-

971 2129 1107 2165 stodem
1124 2136 1158 2165 et
1174 2131 1398 2169 defensorem
1418 2133 1569 2171 faciunt.
1595 2133 1684 2169 Plu-

972 2179 1115 2213 tarchus
1140 2190 1209 2214 non
1245 2184 1359 2216 minus
1387 2194 1491 2229 quam
1528 2182 1588 2221 hic
1613 2193 1683 2218 no-

971 2232 1044 2262 ster
1068 2228 1177 2263 Densi
1206 2230 1343 2266 facinus
1370 2231 1683 2275 admiratusscri-

970 2276 1022 2310 bit
1061 2278 1105 2314 δν
1138 2280 1263 2327 μόνον
1306 2279 1406 2325 ἥλιος
1446 2280 1599 2318 ἐπεῖδεν
1640 2283 1682 2319 ev

969 2326 1135 2373 μυριάσι
1153 2331 1356 2369 τοσαύταις
1383 2329 1494 2370 ἄξιον
1512 2329 1582 2375 τῆξ
1597 2332 1682 2369 Ρω-

968 2379 1097 2422 μαίων
1127 2377 1344 2425 ἡγεμονίας.
1392 2378 1534 2413 Tacitus
1558 2382 1682 2424 aptum

972 2427 1006 2456 et
1033 2434 1176 2468 gravem
1206 2428 1390 2461 transitum
1418 2426 1461 2462 ad
1487 2437 1682 2474 successo-

970 2481 1043 2505 rem
1081 2473 1217 2517 imperii
1254 2476 1404 2522 eiusque
1439 2480 1574 2510 sortem
1612 2476 1681 2510 iam

970 2521 1174 2555 narrandam
1211 2522 1265 2557 his
1300 2525 1411 2560 illatis
1451 2523 1680 2570 adipiscitum

971 2569 1073 2603 simul
1101 2570 1316 2616 significavit
1350 2573 1547 2620 insignium
1581 2574 1682 2608 viro-

971 2627 1044 2650 rum
1070 2629 1230 2664 magnam
1258 2627 1342 2656 tunc
1369 2622 1481 2656 fuisse
1509 2621 1679 2667 inopiam.

1041 2700 1110 2722 non
1137 2690 1307 2736 reliyione
1332 2704 1399 2727 nec
1426 2694 1679 2728 caerimoniis.-

972 2734 1005 2769 h.
1023 2747 1053 2770 e.
1082 2748 1151 2772 non
1174 2740 1351 2787 religione
1369 2743 1678 2777 caerimoniarum.

1042 2789 1246 2822 nominatim
1278 2792 1317 2824 in
1343 2790 1485 2825 caedem
1513 2791 1586 2825 eius
1614 2802 1680 2825 ar-

972 2831 1107 2867 dentes.-
1147 2835 1271 2871 Florus
1307 2844 1342 2872 et
1369 2839 1509 2874 Murcus
1543 2839 1681 2874 Pisonis
1729 2873 1732 2875 Α

972 2882 1114 2916 caedem
1134 2885 1487 2922 sibidemandandam
1503 2889 1547 2923 ab
1564 2888 1681 2923 Otho-

970 2938 1015 2962 ne
1040 2933 1304 2974 postulaverant
1330 2939 1415 2971 novi
1431 2938 1604 2982 principis
1623 2937 1681 2972 sa-

970 2986 1092 3013 vorem
1127 2982 1348 3020 ambientes:
1395 2986 1465 3022 hoc
1501 2990 1556 3023 est
1590 2985 1682 3022 illud
