1768 3216
751 203 1028 242 ntsromGVS.

147 309 287 346 vincire
312 311 466 357 pollices
491 317 678 353 societatis
703 322 871 356 sancien-

197 369 264 405 dae
290 382 396 407 causa
429 375 472 409 12
499 375 558 411 47.

147 429 331 467 Vindelici
355 434 512 479 populus
539 438 562 471 2
592 438 647 473 17.

143 489 348 528 vindemiae
373 495 602 531 simulacrum
630 499 671 532 11
698 499 758 534 31.

140 550 280 586 Vindex
305 563 340 588 v.
367 554 479 589 lulius
509 557 659 593 Vindex.

143 611 304 647 vindicta
327 616 532 654 manumissi
565 617 608 651 13
634 618 691 653 27.

143 670 361 707 Vindonissa
388 675 607 724 (Windisch)
634 678 800 723 oppidum
838 680 864 714 ll

193 731 218 766 4
241 732 286 768 61
315 739 352 768 et
381 735 439 770 70.

143 791 319 827 Vinianus
343 794 483 830 Annius
512 798 555 832 15
581 798 640 834 28.

144 852 357 889 Vinicianus
379 854 497 890 Pollio
526 857 549 892 6
580 859 635 893 19.

141 910 187 947 u.
215 912 382 949 Vinicius
407 915 538 951 Tiberii
564 928 744 964 progener
768 919 791 954 6
823 922 864 955 15

190 976 230 1006 et
252 972 314 1009 45.

144 1031 306 1067 Vinicius
331 1033 479 1069 Rufinus
510 1038 553 1071 14
577 1036 637 1071 40.

140 1089 177 1125 Τ.
216 1091 341 1126 Vinius
377 1093 502 1128 consul
540 1095 569 1129 H
601 1098 614 1129 1
649 1097 663 1130 1
694 1101 729 1130 et
759 1098 796 1130 11
826 1102 861 1131 et

173 1150 251 1202 ‚13.
279 1150 493 1187 deterrimus
520 1153 722 1188 mortalium
750 1155 778 1188 H
799 1156 867 1191 16.

188 1212 266 1245 eius
294 1211 339 1246 de
365 1211 476 1247 Galba
501 1215 681 1248 sententia
708 1214 738 1248 H
758 1217 775 1249 1
802 1216 861 1251 32.

188 1270 365 1305 occiditur
391 1272 418 1306 H
454 1275 467 1307 1
497 1273 556 1309 42.
611 1276 685 1308 vita
723 1275 801 1309 eius
826 1279 862 1308 et

186 1340 305 1366 mores
331 1331 362 1366 Η
395 1334 409 1366 1
441 1334 487 1368 37
519 1339 555 1367 et
580 1333 641 1369 48.
666 1339 862 1369 testamen-

187 1395 262 1425 tum
287 1392 434 1426 inritum
460 1393 490 1427 H
522 1396 536 1427 1
566 1393 626 1429 48.

142 1450 314 1495 Vipsania
354 1451 537 1498 Agrippae
578 1453 651 1488 filia
672 1480 681 1496 ,
730 1454 862 1488 Tiberii

189 1520 292 1554 uxor,
319 1516 432 1546 mater
457 1512 563 1547 Drusi
592 1516 607 1547 1
632 1513 687 1548 12.
714 1515 863 1547 moritur

186 1570 209 1604 3
240 1570 293 1605 19.
531 1576 534 1579 ’

140 1631 311 1676 Vipsania
339 1632 497 1676 porticus
534 1633 563 1667 H
596 1636 614 1668 1
641 1634 701 1668 31.

139 1691 330 1736 Vipsanius
377 1693 514 1727 Laenas
576 1693 761 1728 damnatur
815 1694 859 1728 13

184 1751 244 1786 30.

137 1810 182 1845 Μ.
212 1810 405 1856 Vipsanius
432 1813 592 1858 Agrippa
626 1824 661 1847 v.
690 1793 883 1859 Agrippas

137 1870 331 1915 Vipstanus
356 1871 581 1916 Apronianus
607 1872 798 1917 proconsul
825 1872 855 1907 Η

187 1932 204 1965 1
235 1931 294 1967 76.

137 1991 331 2036 Vipstanus
372 1991 494 2026 Gallus
527 1997 671 2037 praetor
709 1993 859 2027 moritur

182 2051 206 2086 2
234 2052 293 2086 51.

144 2111 340 2156 Vipstanus
363 2111 516 2146 Messala
547 2112 709 2146 tribunus
737 2112 763 2146 H
791 2112 813 2146 3
837 2113 860 2147 9

183 2176 219 2206 et
244 2171 297 2206 18.
325 2172 557 2207 Saturninum
581 2172 753 2206 militibus
779 2174 855 2206 eri-

186 2232 240 2276 pit
266 2232 293 2265 H
318 2233 341 2267 3
369 2233 424 2265 11.
454 2232 625 2267 historiae
650 2234 804 2277 scriptor
830 2232 858 2266 H

180 2292 205 2326 3
234 2292 280 2328 25
313 2296 348 2326 et
374 2291 433 2325 28.
487 2293 568 2336 pius
602 2303 689 2338 erga
712 2292 856 2326 fratrem

182 2355 218 2386 et
243 2350 418 2397 eloquens
444 2351 474 2385 H
501 2352 523 2387 4
550 2351 609 2385 42.
637 2352 714 2385 eius
734 2352 855 2395 opinio

181 2409 226 2445 de
252 2415 431 2445 oratorum
453 2414 615 2444 veterum
638 2411 853 2454 praestantia

182 2470 211 2506 0
241 2471 284 2506 14
308 2476 345 2505 et
376 2471 415 2504 15
443 2475 478 2504 et
503 2471 658 2506 25—35.

135 2531 174 2565 C.
206 2531 396 2575 Vipstanus
425 2529 549 2564 consul
580 2529 624 2563 14
655 2531 684 2563 1.

132 2590 170 2625 Ι..
202 2591 394 2635 Vipstanus
420 2590 544 2624 consul
576 2592 614 2623 11
646 2589 703 2622 23.

134 2651 189 2684 vir
220 2651 336 2684 virum
362 2650 453 2695 legit
480 2651 515 2683 in
543 2649 685 2683 delectu
705 2647 847 2682 militari

182 2711 211 2745 H
242 2712 255 2745 1
291 2709 346 2744 18.

134 2769 277 2804 Virdius
304 2769 472 2804 Geminus
501 2769 527 2802 ll
556 2767 579 2801 3
606 2766 665 2801 48.

134 2829 309 2877 Virgilius
347 2827 375 2864 Ο
413 2830 456 2863 12
483 2832 518 2861 et
547 2827 590 2862 13
617 2832 653 2861 et
677 2827 736 2863 20.
780 2826 851 2861 Lu-

179 2890 292 2926 cretio
318 2889 536 2935 postpositus
564 2887 592 2923 0
621 2887 681 2925 23.

175 2977 301 3009 'tacitus
323 2974 376 3007 Ν.

1563 214 1640 252 88³7

921 324 1026 370 virgo
1052 325 1261 361 triumvirali
1288 328 1466 374 supplicio
1484 340 1557 366 non
1573 333 1638 367 ad-

967 384 1085 418 ficitur
1110 386 1132 420 5
1159 385 1193 421 9.

926 443 1098 479 Visellius
1127 446 1237 480 Varro
1265 446 1521 494 legatus341.
1548 461 1639 486 con-

964 503 1020 538 sul
1048 504 1072 538 4
1101 506 1157 540 17.
1213 506 1252 541 C.
1278 507 1405 543 Silium
1444 515 1589 546 accusat
1612 512 1638 548 4

964 562 1019 598 19.

915 621 1057 656 Vistilia
1083 625 1195 668 stupri
1222 624 1404 661 licentiam
1424 630 1517 673 apud
1531 629 1634 665 aedi-

963 681 1016 716 les
1044 683 1167 730 vulgat
1190 685 1213 718 2
1241 686 1300 720 85.

921 742 1085 789 Visurgis
1118 743 1153 778 fl.
1192 745 1348 794 (Weser)
1378 749 1400 782 2
1432 748 1476 792 9,
1519 751 1559 784 11
1592 749 1634 785 16

965 806 1001 836 et
1030 804 1083 838 17.

918 862 1063 897 Vitellia
1088 862 1245 899 Petronii
1269 875 1392 899 socrus
1420 866 1444 900 3
1467 866 1527 902 49.
1576 880 1578 882 ’

917 921 1099 956 Vitelliani
1118 924 1266 958 vincunt
1285 925 1313 958 H
1341 927 1363 961 2
1389 925 1448 959 41.
1476 927 1630 961 vincun-

960 986 1016 1014 tur
1046 981 1075 1015 H
1103 983 1124 1016 2
1154 983 1208 1025 14,
1237 984 1260 1018 3
1289 985 1343 1019 15.
1373 986 1409 1018 in
1435 984 1625 1021 Flavianas

964 1045 1083 1084 partes
1123 1046 1307 1076 transeunt
1332 1044 1362 1077 H
1388 1044 1411 1078 3
1436 1044 1483 1079 63
1510 1050 1546 1079 et
1570 1046 1630 1081 69.

960 1109 1082 1133 eorum
1129 1102 1240 1135 virtus
1284 1106 1319 1136 et
1364 1105 1564 1138 constantia
1602 1105 1633 1139 H

966 1158 989 1192 4
1015 1160 1050 1194 2.

915 1216 1083 1251 Vitellius
1111 1218 1321 1253 Saturninus
1346 1220 1376 1254 H
1405 1223 1419 1255 1
1450 1222 1508 1256 82.

912 1276 954 1310 A.
988 1276 1156 1311 Vitellius
1171 1278 1296 1312 consul
1314 1281 1355 1313 11
1376 1279 1432 1313 23.
1461 1279 1628 1323 pavidum

961 1337 1038 1370 eius
1074 1338 1257 1383 ingenium
1300 1339 1342 1373 14
1374 1338 1433 1372 49.
1483 1339 1628 1379 Africae

954 1396 1147 1440 proconsul
1175 1396 1239 1431 H1
1267 1398 1324 1440 70,
1351 1398 1373 1431 2
1400 1397 1457 1432 97.
1485 1397 1625 1444 legatus

959 1456 996 1489 in
1023 1455 1244 1490 Germaniam
1268 1456 1420 1489 mittitur
1446 1457 1472 1490 ll
1498 1459 1511 1491 1
1545 1458 1568 1492 9
1593 1462 1629 1491 et

958 1515 1016 1550 52.
1047 1514 1206 1549 defectio
1236 1516 1313 1548 eius
1339 1525 1381 1548 ac
1407 1520 1522 1549 motus
1548 1515 1577 1550 H
1608 1520 1625 1550 1

955 1574 1012 1608 51.
1070 1574 1163 1618 apud
1197 1584 1343 1609 severos
1375 1574 1518 1608 humilis
1545 1576 1574 1608 H
1605 1577 1624 1608 1

956 1635 1014 1668 52.
1059 1635 1253 1679 imperator
1278 1635 1520 1669 consalutatur
1546 1634 1575 1668 11
1606 1636 1623 1668 1

956 1695 1014 1729 57.
1072 1699 1194 1739 torpor
1235 1695 1311 1728 eius
1346 1706 1388 1729 ac
1419 1694 1522 1728 luxus
1548 1694 1576 1728 ll
1607 1695 1624 1727 1

954 1753 1022 1796 62,
1050 1755 1071 1788 2
1099 1755 1142 1788 31
1173 1759 1208 1788 et
1232 1754 1302 1797 62,
1336 1755 1359 1788 3
1384 1755 1430 1789 36
1455 1759 1490 1788 et
1515 1755 1562 1789 63
1590 1758 1626 1788 et

958 1813 1017 1848 86.
1067 1814 1203 1859 ingenii
1239 1813 1418 1848 mobilitas
1451 1814 1479 1847 ll
1513 1815 1535 1849 2
1566 1813 1623 1848 57.

954 1883 1032 1906 cum
1059 1872 1201 1907 Othone
1224 1877 1447 1917 comparatur
1468 1872 1536 1907 112
1562 1873 1623 1907 31.

951 1932 995 1966 ad
1027 1932 1162 1967 bellum
1188 1933 1426 1978 proficiscitur
1450 1932 1480 1966 H
1513 1934 1536 1967 2
1563 1932 1621 1974 57.

955 1994 1048 2026 curis
1086 1993 1254 2039 gravibus
1290 1994 1404 2037 impar
1443 1992 1473 2026 Η
1506 1993 1527 2026 2
1563 1991 1622 2027 59.

947 2052 1157 2098 Lugdunum
1182 2053 1283 2087 venit
1320 2058 1355 2087 et
1394 2052 1506 2086 filium
1535 2051 1624 2086 Ger-

955 2113 1085 2146 manici
1104 2113 1248 2147 nomine
1262 2111 1419 2157 appellat
1434 2112 1519 2146 ibid.
1539 2122 1624 2145 cae-

952 2183 1011 2206 sos
1049 2173 1148 2207 cives
1183 2172 1297 2206 laetus
1335 2172 1433 2205 videt
1459 2171 1487 2204 H
1514 2173 1535 2205 2
1564 2171 1618 2205 70.

955 2232 1144 2266 multitudo
1178 2242 1257 2264 eum
1294 2236 1417 2265 secuta
1453 2230 1480 2263 ll
1514 2231 1535 2264 2
1560 2230 1620 2264 87.

955 2292 1099 2326 Romam
1128 2290 1325 2336 ingreditur
1352 2290 1379 2323 H
1407 2291 1429 2325 2
1458 2289 1516 2324 88.
1542 2289 1620 2322 Au-

954 2351 1047 2395 gusti
1074 2359 1202 2383 nomen
1229 2348 1345 2383 diss'ert
1364 2348 1391 2381 ll
1420 2349 1441 2380 2
1467 2347 1525 2382 62.
1555 2346 1621 2381 ad-

951 2409 1057 2442 sumit
1083 2408 1112 2442 H
1139 2410 1160 2442 2
1186 2407 1244 2442 90.
1278 2406 1518 2452 inexplebiles
1543 2406 1620 2440 eius

953 2468 1121 2502 libidines
1151 2469 1180 2502 ll
1206 2469 1229 2503 2
1255 2467 1313 2502 95.
1347 2466 1552 2501 consulatus
1584 2467 1620 2499 in

949 2527 1081 2561 multos
1107 2537 1218 2561 annos
1239 2526 1405 2568 destinat,
1434 2526 1619 2569 imperium

947 2587 1081 2622 lacerat
1116 2586 1145 2620 ll
1185 2588 1207 2621 3
1245 2586 1302 2621 55.
1353 2585 1539 2618 Caesarem
1578 2594 1618 2617 se

948 2647 1018 2681 dici
1057 2646 1133 2680 vult
1169 2646 1246 2680 113
1280 2645 1338 2680 58.
1396 2643 1618 2677 conditiones

947 2708 1015 2751 ipsi
1039 2706 1180 2740 oblatae
1206 2704 1234 2738 ll
1258 2704 1281 2738 3
1308 2703 1354 2738 63
1378 2708 1412 2737 ct
1438 2703 1496 2738 66.
1538 2712 1617 2736 cum

950 2765 1073 2800 Flavio
1100 2764 1230 2799 Sabino
1256 2764 1447 2808 paciscitur
1474 2762 1538 2797 113
1557 2762 1615 2797 65.

949 2826 1075 2859 surdae
1092 2825 1204 2869 ipsius
1224 2833 1327 2857 aures
1346 2821 1388 2856 ad
1405 2822 1510 2856 fortia
1528 2831 1618 2856 cou-

950 2885 1032 2922 silia
1058 2885 1086 2919 ll
1111 2885 1134 2921 3
1160 2883 1218 2921 67.
1252 2882 1388 2918 Palatio
1415 2882 1509 2927 exit,
1534 2880 1616 2920 dein

1294 2958 1348 3001 22
