1768 3216
176 257 250 292 284
751 257 813 294 DE
840 257 1068 295 ORAToRlB
1076 260 1129 296 VS

177 377 330 419 sulatus
358 386 514 417 vocare
550 375 654 418 ultro
695 377 964 430 videbantur;
1010 378 1054 419 hi
1096 389 1148 420 ne
1185 378 1334 432 privati
1375 377 1542 432 quidem
1582 379 1673 422 sine

175 454 376 505 potestate
409 456 526 492 erant
546 483 557 503 ‚
600 462 692 493 cum
725 457 764 494 et
793 453 987 506 populum
1017 458 1058 494 et
1090 456 1278 495 senatum
1313 453 1492 495 consilio
1523 457 1565 495 et
1591 466 1674 496 ιιι-

174 526 365 567 ctoritate
396 530 605 580 regerent.
646 528 754 577 Quin
782 528 904 569 immo
936 528 1015 570 sibi
1044 532 1340 582 persuaserant
1358 528 1565 570 neminem
1581 529 1672 571 sine

136 615 139 629 ³
173 600 407 654 eloquentia
439 605 508 642 aut
537 602 710 656 adsequi
741 615 866 657 posse
898 604 939 644 in
972 604 1138 645 civitate
1171 608 1239 646 aut
1266 604 1371 646 tueri
1401 603 1695 658 conspicuum<

124 659 157 742 ‘le
173 678 212 716 et
243 675 491 717 eminentem
522 676 673 718 locum.
715 676 802 718 Nec
829 677 988 729 mirum,
1023 690 1116 719 cum
1151 678 1274 719 etiarn
1308 678 1427 720 inviti
1459 678 1511 720 ad
1533 690 1669 732 popu-

121 744 131 795 l
170 746 250 790 lum
283 750 635 803 producerentur3
667 764 759 794 cum
790 764 933 806 parum
966 757 1077 795 esset
1108 754 1150 794 in
1181 757 1327 795 senatu
1359 753 1542 795 breviter
1559 765 1666 795 cen-

136 842 138 845 ·
168 836 278 876 sere,
311 825 391 866 nisi
427 826 495 879 qui
525 826 696 881 ingenio
731 831 770 868 et
801 828 1039 881 eloquentia
1070 829 1320 871 sententiam
1349 840 1466 870 suam
1496 832 1668 870 tueren—

171 902 256 950 tur3
305 911 397 940 cum
430 900 471 941 in
503 901 681 955 aliquam
714 902 914 944 invidiam
957 907 1025 944 aut
1066 903 1222 945 crimen
1262 904 1401 945 vocati
1444 915 1519 945 sua
1559 914 1667 945 voce

138 1027 139 1030 Ἰ
167 973 503 1029 respondendum
536 975 762 1028 haberent3
819 989 911 1019 cum
945 978 1179 1020 testimonia
1212 989 1376 1032 quoque
1417 978 1459 1019 in
1499 977 1666 1021 iudiciis

115 1058 154 1114 ῳ
168 1060 252 1090 non
284 1049 478 1091 absentes
511 1063 590 1092 nec
623 1063 698 1104 per
725 1052 916 1094 tabellam
950 1052 1064 1105 dare,
1099 1053 1172 1094 sed
1199 1065 1340 1094 coram
1364 1057 1405 1094 et
1423 1056 1666 1106 praesentes

167 1123 310 1165 dicere
342 1129 606 1179 cogerentur.
647 1127 704 1168 lta
735 1127 786 1168 ad
819 1140 978 1169 summa
1010 1128 1274 1182 eloquentiae
1303 1129 1491 1181 praemia
1514 1139 1665 1183 magna

131 1242 137 1261 ‚
165 1197 288 1260 etiam
322 1200 554 1241 necessitas
586 1200 847 1252 accedebat;
879 1206 919 1242 et
951 1201 1159 1255 quomodo
1183 1202 1382 1243 disertum
1401 1201 1661 1256 habe-ripul-

127 1293 130 1315 ὲ
166 1272 308 1313 chrum
341 1276 380 1313 et
420 1273 677 1327 gloriosum,
720 1275 782 1316 sic
822 1279 966 1317 contra
1010 1280 1162 1317 mutum
1200 1281 1240 1318 et
1282 1276 1491 1332 elinguem
1529 1275 1665 1318 videri

165 1346 353 1388 deforme
385 1347 626 1390 habebatur.
688 1349 800 1404 Ergo
834 1362 916 1390 non
949 1351 1081 1392 minus
1120 1351 1274 1392 rubore
1316 1363 1436 1405 quam
1467 1351 1662 1406 praemiis
1677 1362 1734 1402 3⁷

113 1408 149 1464 ¹¹5
164 1421 499 1474 simulabantur,
534 1435 587 1464 ne
621 1423 911 1465 clientulorum
943 1425 1038 1466 loco
1070 1426 1205 1479 potius
1241 1438 1363 1480 quam
1392 1430 1660 1480 patronorum

163 1501 480 1538 numerarentur
496 1512 506 1549 3
539 1498 799 1557 nestra-ditae
832 1513 854 1541 a
880 1500 1105 1558 maioribus
1129 1499 1662 1561 necessitudinesafifflaligs

156 1572 413 1633 transirent3
464 1585 516 1614 ne
548 1577 753 1627 tamquam
785 1562 1013 1616 inerteset
1052 1587 1136 1616 non
1163 1559 1392 1617 'suffecturi
1432 1575 1661 1617 honoribus

163 1650 231 1687 aut
261 1658 343 1687 non
375 1647 645 1702 impetrarent
678 1653 746 1690 aut
773 1649 1014 1704 impetratos
1054 1650 1159 1691 male
1200 1655 1427 1692 tuerentur.
1506 1650 1660 1692 Nescio

162 1732 214 1763 an
244 1721 438 1763 venerint
468 1721 510 1763 in
542 1735 686 1765 manus
718 1728 881 1767 vestras
911 1724 1015 1766 haec
1050 1728 1191 1767 vetera
1211 1757 1222 1778 ‚
1267 1737 1373 1778 quae
1405 1728 1445 1766 et
1474 1724 1518 1766 in
1549 1724 1661 1766 anti-

236 1902 267 1935 1.
293 1901 429 1945 quidem
456 1900 501 1934 P:
528 1900 555 1934 F
580 1901 715 1945 quidem
741 1913 771 1946 q.
803 1907 896 1936 teste
924 1902 1111 1937 Schrautio
1139 1903 1291 1948 (quidem
1319 1902 1410 1947 quod
1441 1901 1525 1937 inde
1551 1901 1663 1942 refert

160 1949 400 2005 Waltherus).

158 2009 236 2040 apsi.

160 2045 196 2087 P,
224 2045 285 2079 sed
313 2057 371 2078 ere
395 2048 431 2078 in
459 2045 575 2079 litura.

158 2191 287 2224 ceteris
314 2190 358 2223 P:
387 2191 542 2223 correxit
566 2190 761 2224 Acidalius.

158 2287 286 2321 bantur
312 2287 387 2321 FP:
414 2287 568 2320 correxit
598 2287 802 2321 Rhenanus.

157 2335 309 2381 Lipsius,

219 2513 265 2544 ad
281 2511 734 2556 populumproducerentur
750 2524 758 2544 .·
776 2511 872 2545 ‘vel-

158 2566 197 2594 ut
221 2571 241 2593 a
277 2560 448 2601 tribunis,
485 2566 523 2592 ut
561 2560 720 2593 dicerent
753 2560 797 2594 de
834 2571 872 2593 re

158 2619 249 2655 quae
261 2613 428 2654 ageretur
450 2607 492 2641 ad
518 2608 707 2651 populuum
727 2610 872 2652 utApu-

158 2659 250 2692 leius
277 2656 443 2701 produxit
472 2654 682 2689 Ciceronem
725 2657 871 2690 consule

158 2706 335 2747 Antonio,·
364 2715 432 2750 qno
463 2709 622 2748 tempore
637 2704 871 2748 Philippicam

160 2754 207 2788 VI
235 2753 347 2787 dixit'.
373 2753 587 2787 ERNESTNJS.

230 2806 268 2836 in
293 2803 455 2837 iudiciis:
500 2801 702 2846 corruptela
725 2801 871 2846 publicis

160 2863 203 2884 ex
233 2851 345 2885 forma
372 2855 552 2884 contracta
586 2851 714 2884 iudicis
739 2850 871 2895 (iud-i-

160 2901 232 2942 cis,
265 2899 450 2945 publ-icis)
490 2899 644 2932 emersit.
703 2899 795 2932 Ante
828 2898 872 2931 de

161 2949 258 2982 curia
284 2953 319 2981 et
343 2953 486 2982 senatus
514 2948 679 2990 consilio,
708 2957 802 2980 nunc
829 2946 885 2980 de*

161 2996 238 3030 foro
267 3000 301 3029 et
328 2996 469 3030 iudiciis
496 3000 565 3029 tam
593 2996 740 3040 privatis
769 3005 872 3040 quam

461 1951 495 1984 3.
526 1953 703 1996 reqerent]
735 1957 899 1996 coyerenl
926 1951 962 1986 P.

335 1999 367 2031 7.
395 1998 454 2041 qut
480 2017 524 2023 —
551 2004 732 2032 tuerentur
759 1998 810 2032 P:
841 2000 866 2033 F
893 2001 967 2043 quis
995 2022 1038 2027 —
1067 2006 1233 2034 lueretur.

678 2048 874 2081 testimonia
900 2048 949 2080 P:
976 2048 1003 2081 F
1030 2050 1237 2082 testimonio.

158 2093 183 2126 P
211 2098 247 2126 et
273 2094 405 2127 ceteri:
431 2093 570 2127 indiciis
597 2096 751 2128 correxit
782 2096 1021 2129 Heumannus.

163 2143 218 2175 11.
246 2152 377 2187 magna
404 2146 439 2175 et
466 2142 655 2175 accedebat
681 2153 738 2175 om
766 2143 803 2186 F,
833 2154 903 2176 non
932 2143 966 2177 P.

374 2334 428 2371 19.
456 2336 494 2370 in
521 2341 603 2371 ante
630 2336 738 2382 antiq.
766 2346 822 2370 om
852 2336 886 2370 Ρ.

1276 1951 1343 1985 sibi
1366 1950 1420 1985 P:
1449 1952 1561 1986 cet-eri
1593 1951 1659 1985 sibi

1388 2000 1422 2035 9.
1450 1999 1662 2046 respondere

1330 2049 1486 2096 iudiciis]
1512 2047 1661 2094 publicis

1166 2097 1218 2131 10.
1259 2096 1410 2130 absentis
1435 2095 1486 2139 F,
1521 2107 1591 2130 non
1621 2096 1656 2130 P.

1080 2145 1132 2178 12.
1162 2144 1344 2189 quomodo]
1375 2145 1555 2178 commoda
1581 2154 1659 2178 cum

1040 1952 1108 1985 imo
1139 1951 1174 1986 P.

840 2193 894 2226 13.
922 2193 973 2225 sic
998 2191 1181 2225 Acidalius
1210 2195 1299 2237 (non
1328 2193 1467 2227 demum
1496 2191 1656 2227 Schurz-

157 2237 303 2282 fleisch,
330 2243 368 2272 nt
395 2243 538 2272 narrant
569 2239 775 2273 Waltherus
803 2245 838 2273 et
863 2240 1069 2286 Bekkerus)

1084 2252 1092 2273 :
1121 2240 1263 2274 codices
1291 2241 1361 2275 sed.
1426 2242 1480 2276 15.
1508 2241 1660 2286 stipula-

944 2289 997 2323 17.
1027 2290 1234 2323 transissent
1258 2288 1334 2323 FP:
1369 2290 1477 2324 tacite
1504 2291 1661 2324 correxit

951 2338 1173 2381 antiquorum
1201 2338 1245 2370 P:
1274 2343 1474 2372 correctum
1501 2339 1595 2373 inest
1620 2334 1658 2372 F.

943 2512 1096 2556 publicis
1133 2513 1241 2546 verba
1277 2512 1374 2545 liunt.

942 2566 1059 2604 aptum
1096 2565 1165 2593 tam
1194 2561 1329 2594 Cuiacii
1368 2560 1507 2594 iudiciis
1539 2561 1658 2607 publi-

942 2611 1003 2651 cis,
1031 2609 1125 2653 quod
1152 2610 1313 2652 recipere
1333 2619 1400 2642 non
1419 2609 1542 2643 debuit
1553 2609 1658 2644 Orel-

944 2658 1022 2698 lius,
1050 2668 1151 2702 quam
1178 2657 1327 2702 public-is
1352 2657 1504 2700 iudiciis,
1534 2657 1656 2692 aflod.

941 2707 1111 2751 Agricola
1156 2717 1338 2750 perperam
1380 2706 1583 2750 suppletum
1624 2711 1659 2740 et

942 2755 1124 2798 probatum
1152 2766 1171 2788 a
1198 2754 1327 2798 Lipsio.

1438 2512 1561 2558 ltaque
1588 2521 1657 2546 non

1011 2861 1076 2893 per
1103 2848 1293 2882 tabellam:
1333 2848 1496 2883 tabellam
1533 2849 1658 2893 accipe

943 2897 1129 2930 codicillos
1181 2897 1390 2942 obsignatos
1444 2898 1477 2930 in
1522 2896 1657 2930 iudicio

942 2946 1154 2988 aperiendos
1181 2951 1216 2979 et
1242 2945 1456 2979 recitandos.
1481 2943 1553 2979 Eos
1574 2946 1658 2978 mit-

942 2997 1017 3027 tere
1033 2994 1097 3028 suh
1111 2993 1321 3029 Caesaribus
1343 3003 1552 3029 concessum
1571 2997 1655 3028 erat.
