1768 3216
815 246 902 284 Cn.
932 249 963 283 1.
1617 251 1641 283 8

141 362 411 409 septentrionem
434 374 554 397 versus
575 363 730 409 proximi
753 369 882 408 septem
896 363 1017 410 populi
1040 364 1099 415 qui
1123 364 1162 397 in
1187 374 1365 398 commune
1377 364 1542 407 Ermum,
1567 365 1594 400 i.
1609 376 1640 401 e.

148 421 294 457 Terram
316 424 485 465 matrem,
513 422 651 466 colunt3
679 424 751 457 eius
776 424 862 457 deae
887 423 1082 458 vehiculum
1107 425 1319 472 (naviyium)
1332 430 1424 460 veste
1450 431 1643 460 contectum

141 481 180 516 in
190 481 310 516 insula
320 482 455 517 Oceani
467 484 558 530 (40).
575 483 632 516 Ad
648 483 851 518 Danubium
868 483 1190 518 Hermundurorum
1204 485 1328 519 civitas
1340 485 1457 519 amica
1472 486 1643 527 Romanis

144 541 236 588 (41).
287 541 393 576 Iutta
420 543 689 576 Hermunduros
718 542 860 585 Varisti‚
888 543 969 577 dein
988 543 1214 578 Marcomani
1239 550 1271 578 et
1297 544 1412 587 Quadi
1431 546 1522 593 (42),
1547 550 1642 578 retro

144 599 334 646 noea'ynt]
362 601 494 644 Gotini,
518 601 590 645 osi,
618 602 716 636 Buri.
773 602 875 637 Ultra
901 604 1102 637 continuum
1125 604 1293 637 montium
1317 604 1447 649 iugum,
1473 613 1538 648 quo
1549 604 1643 638 Sue-

141 649 202 694 eia
235 661 433 704 scinditur,
470 661 660 707 Lyqiorum
692 673 838 706 nomen,
877 668 976 697 trans
1012 663 1140 708 Lyyios
1176 663 1349 698 Gotbones
1375 663 1472 709 reqio
1497 664 1645 709 imperio

141 720 288 755 subiecti
314 722 404 770 (43).
457 722 628 756 Suionum
652 723 810 756 civitates
834 723 909 768 ipso
934 724 974 757 in
1001 723 1142 757 Oceano
1167 729 1313 770 praeter
1346 725 1443 758 viros
1475 735 1643 769 armaque

145 780 315 816 elassibus
339 781 471 815 valent.
529 781 622 816 Unus
645 783 834 828 imperitat,
860 782 967 816 nullis
990 784 1063 816 iam
1088 783 1366 831 exceptionibus3
1392 795 1496 817 arma
1521 782 1644 818 clausa

141 841 203 875 sub
229 841 380 884 custode,
411 847 444 875 et
469 842 604 886 quidem
633 854 745 885 servo,
773 843 814 876 ob
840 843 975 888 reqiam
997 842 1182 877 utilitatem
1209 845 1299 891 (44).
1357 844 1468 878 Trans
1488 844 1643 879 Suionas

141 899 241 935 aliud
263 912 374 944 mare,
398 903 539 947 piqrum
565 908 598 936 et
620 913 730 948 prope
754 903 942 937 immotum.
995 903 1051 937 Ibi
1076 904 1231 948 cingitur
1254 903 1497 948 clauditurque
1522 910 1641 938 terra-

139 971 219 994 rum
255 961 363 994 orbis.
413 961 548 995 Dea-tro
594 962 737 996 Suevici
775 963 886 996 maris
920 963 1022 997 litore
1055 963 1255 998 Aestiorum
1287 970 1407 1009 gentes
1448 963 1639 998 alluuntur.

139 1020 331 1055 Sue-einum
355 1021 450 1055 inter
471 1021 564 1056 rada
590 1027 623 1055 et
648 1022 687 1055 in
712 1021 815 1056 litore
843 1022 987 1068 legunt3
1014 1022 1055 1057 de
1080 1023 1154 1057 eius
1177 1028 1311 1058 natura
1337 1029 1369 1058 et
1395 1025 1543 1070 oriyine.
1597 1023 1642 1059 In

136 1071 208 1124 fine
231 1080 381 1115 Sueviae
414 1082 574 1125 Sitones,
616 1082 712 1128 apud
747 1093 829 1127 quos
861 1084 996 1127 femina
1028 1083 1229 1118 dominatur
1262 1085 1353 1132 (45).
1406 1084 1638 1119 Peucinorum

146 1139 419 1186 Venetos-umque
446 1147 479 1175 et
500 1142 698 1176 Fennorum
721 1143 884 1176 nationes
915 1143 1100 1177 Germanis
1127 1154 1176 1177 an
1201 1143 1379 1178 Sarmatis
1402 1144 1634 1180 ascribendae

140 1200 212 1234 sint
237 1200 387 1235 dubium.
442 1201 571 1235 Fennis
595 1203 687 1236 mira
711 1203 859 1247 feritas,
886 1203 993 1248 foeda
1018 1209 1233 1249 paupertas,
1258 1204 1320 1238 sed
1354 1216 1428 1239 rem
1464 1205 1641 1250 difficilem

140 1262 292 1295 assecuti
317 1266 408 1304 sunt,
437 1266 475 1295 ut
499 1261 583 1307 ipsis
608 1273 653 1296 ne
678 1268 756 1296 voto
783 1262 918 1307 quidem
944 1274 1029 1309 opus
1054 1264 1100 1297 sit
1124 1265 1216 1311 (46).

102 1450 126 1488 1
277 1442 500 1484 Germania
533 1443 668 1485 omnis
700 1457 722 1485 a
757 1444 884 1486 Gallis
913 1446 1136 1499 Raetisque
1167 1450 1207 1488 et
1238 1446 1459 1488 Pannoniis
1493 1447 1639 1489 Rheno

141 1519 182 1557 et
209 1515 400 1558 Danuvio
432 1516 694 1571 fluminibus,
737 1532 759 1560 a
790 1519 988 1561 Sarmatis
1019 1520 1231 1574 Dacisque
1261 1525 1400 1562 mutuo
1432 1526 1543 1564 metu
1573 1527 1642 1564 aut

139 1590 350 1632 montibus
379 1596 608 1645 separatur.
670 1581 820 1635 Cetera
862 1594 1056 1636 Oceanus
1097 1595 1245 1647 ambit,
1291 1596 1399 1637 latos
1445 1596 1560 1637 sinus
1601 1601 1642 1638 et

140 1664 368 1707 insularum
399 1665 600 1708 immensa
630 1667 762 1720 spatia
784 1667 1081 1721 complectens,
1111 1681 1243 1722 nuper
1266 1670 1446 1724 cognitis
1468 1670 1641 1723 quibus-

278 1806 533 1841 CORNELII.
574 1807 745 1842 TACITI.
785 1808 855 1842 DE
896 1808 1116 1843 ORIGINE.
1156 1808 1277 1843 SITU.
1328 1809 1543 1845 MORIBUS
1575 1811 1649 1853 Ac,

143 1852 357 1889 POPULIS.
395 1855 747 1891 GERMANORUM
775 1855 941 1890 LIBER.
984 1857 1179 1891 INCIPIT.
1214 1857 1250 1890 P.
1313 1860 1344 1892 1.
1386 1859 1575 1904 rhetiisque
1601 1859 1638 1903 P,

140 1901 202 1935 alii
231 1902 446 1948 rhaetiisque
471 1908 532 1937 aut
556 1905 741 1949 retiisque:
777 1905 925 1939 Rhaetis
950 1910 1098 1939 auctore
1127 1905 1284 1939 Cellario
1311 1906 1462 1952 (Geogr.
1493 1907 1578 1942 Ant.
1613 1907 1638 1942 l.

143 1951 178 1985 2.
209 1961 241 1984 c.
267 1951 311 1997 8)
338 1950 548 1995 Erue-atius,
593 1953 687 1998 quod
714 1963 845 1987 nomen
870 1954 1004 1986 rectius
1032 1953 1199 1987 scribitur
1227 1955 1362 1989 Raetis.
1494 1957 1528 1991 2.
1572 1956 1640 1989 da-

139 1997 245 2033 nubio
272 2004 308 2033 et
333 1999 440 2044 paulo
467 2004 548 2044 post
574 2000 758 2035 Danubius
790 1999 815 2034 P
850 2012 928 2035 cum
958 2002 1154 2047 plerisque.
1271 2009 1384 2046 metuo
1411 2014 1589 2048 superscr.
1618 2015 1639 2037 υ

139 2044 178 2081 P.
280 2048 316 2083 3.
345 2053 486 2083 coetera
514 2053 550 2083 et
575 2050 627 2083 sic
653 2050 787 2095 ubique
810 2050 847 2084 P.

217 2178 302 2223 Cap.
318 2181 348 2214 1.
377 2180 571 2215 Germania
596 2182 729 2215 omnis.-
762 2180 855 2216 Gae-

141 2237 199 2262 sar
242 2227 371 2261 Gallici
412 2228 500 2262 belli
549 2229 735 2272 historiam
773 2230 854 2263 dum

143 2275 270 2318 incipit
297 2275 416 2309 Gallia
444 2282 493 2310 est
528 2279 638 2311 omnis
672 2278 786 2312 divisa
817 2278 855 2311 in

926 2182 970 2215 de
997 2182 1126 2227 quibus
1164 2182 1323 2226 loquitur
1363 2179 1398 2215 h.
1425 2180 1449 2215 l.
1486 2180 1639 2225 Tacitus,

925 2235 1007 2263 sunt
1043 2231 1234 2274 Carpatici.
1301 2230 1537 2263 Sarmatarum
1577 2241 1642 2275 per

924 2277 1103 2321 Europam
1143 2278 1246 2311 sedes
1284 2279 1377 2311 inter
1403 2278 1577 2311 Vistulam
1604 2283 1640 2311 et

141 2329 263 2368 partes
284 2324 361 2366 tris,
389 2325 592 2358 universam
613 2325 751 2359 Galliae
777 2330 855 2359 ter·
924 2325 1080 2359 Tanaim.
1141 2324 1245 2358 Conf.
1280 2324 1506 2359 Ptolemaeus
1544 2325 1592 2359 111
1622 2329 1638 2360 1

143 2380 219 2404 ram
240 2372 450 2415 provinciae
461 2371 600 2406 Galliae
615 2372 724 2406 tacite
737 2383 854 2417 oppo-
925 2374 961 2415 §.
990 2374 1012 2406 2
1040 2377 1076 2406 et
1106 2373 1160 2408 10.

144 2418 859 2514 ἓῗζὺΡθέ-ἑηάῗοὲῗίὶωἰίἓῖἳὲἓᾶἳῗὶῃί’ἐξ
1001 2442 1090 2476 latos
1115 2444 1212 2477 sinus
1234 2462 1289 2470 -ν
1307 2443 1535 2488 complectens
1552 2455 1564 2477 .·
1588 2444 1641 2478 si-

928 2501 994 2524 nus
1033 2491 1119 2525 dicit
1166 2496 1337 2526 terrarum
1379 2491 1460 2526 loca
1495 2491 1639 2526 Oceano

147 2515 335 2550 Germania
372 2517 517 2560 proprie
552 2516 668 2558 dicta,
705 2526 777 2550 non
814 2516 858 2551 de

146 2562 283 2598 duabus
298 2563 497 2598 Germaniis
514 2564 751 2599 Romanorum
771 2575 858 2609 pro-

145 2612 277 2646 vinciis
301 2613 339 2645 in
364 2612 499 2647 Gallica
525 2614 603 2657 ripa
627 2613 743 2647 Rheni
769 2614 859 2647 sitis.

219 2687 336 2716 mnae-ao
363 2688 455 2716 metu
482 2688 543 2716 aut
570 2684 763 2718 montibus:
800 2683 860 2717 ubi

150 2735 289 2764 montes
323 2740 395 2763 non
430 2735 575 2773 assunt,
615 2742 733 2776 neque
772 2732 862 2766 Ger-

148 2779 244 2812 mani
270 2789 389 2823 neque
415 2779 595 2812 Sarmatae
622 2780 770 2814 traditos
795 2791 862 2814 an-

148 2827 299 2871 tiquitus
325 2826 415 2860 fines
441 2827 563 2872 egredi
593 2827 747 2871 audent,
783 2839 862 2862 ine-

150 2880 293 2909 tuentes
320 2886 367 2909 ne
392 2875 490 2909 bello
519 2875 777 2910 conflictentur.
829 2877 861 2910 ts

152 2928 206 2957 est
233 2929 370 2957 mictuus
402 2929 534 2965 melus,
571 2923 787 2968 Thucydidis
819 2924 857 2959 τὸ

150 2972 363 3011 ἀντίπαλον
388 2971 474 3013 δέος
499 2971 567 3017 (111
595 2974 671 3019 11).
723 2973 862 3008 Montes

930 2538 1079 2573 finitima
1118 2541 1154 2573 in
1199 2551 1353 2585 eumque
1394 2542 1641 2584 procurrentia

930 2587 1253 2634 (Landerstreisen)
1290 2593 1326 2622 et
1361 2588 1533 2632 intelligit
1566 2593 1641 2622 ter-

930 2646 986 2669 ras
1020 2636 1199 2670 Danorum
1233 2638 1382 2680 imperio
1421 2647 1515 2670 nunc
1551 2635 1640 2669 sub-

930 2685 1056 2727 iectas,
1077 2685 1285 2718 nominatim
1296 2684 1465 2726 Holstein‚
1496 2683 1640 2717 Schles-

930 2734 1019 2777 iniq,
1065 2732 1225 2766 Jutland.
1285 2732 1421 2765 insulas
1466 2732 1640 2776 cogitavit

930 2780 1103 2822 Dmncas,
1150 2780 1278 2824 quibus
1318 2789 1448 2813 nomen
1474 2779 1639 2822 Seeland,

934 2829 1073 2870 Fauen,
1114 2829 1220 2862 etiam
1247 2827 1400 2862 Suediae
1430 2831 1465 2861 et
1500 2826 1640 2861 Nerva..

933 2877 1015 2921 giae
1041 2881 1152 2909 terras
1179 2886 1264 2920 quas
1298 2875 1432 2909 insulas
1459 2885 1539 2909 esse
1565 2876 1642 2910 Ro-

931 2924 1026 2957 mani
1063 2922 1302 2958 crediderunt.
1364 2922 1467 2957 conf.
1503 2934 1533 2958 c.
1568 2923 1641 2960 29:

930 2973 1027 3007 sinus
1059 2972 1198 3018 imperii
1233 2971 1287 3017 (h.
1316 2983 1349 3007 e.
1377 2976 1537 3008 extrema
1560 2982 1642 3017 pars
