1768 3216
175 223 249 260 810

232 341 321 388 gitio
351 339 427 374 eius
454 339 489 372 in
504 338 637 374 milites
654 340 683 374 H
714 341 727 373 1
751 338 808 373 24.
831 339 902 373 im-

230 404 373 445 perator
401 409 438 432 sa
459 403 577 433 utatur
607 399 634 433 H
670 402 684 433 1
714 399 773 434 27.
806 398 905 433 mili-

231 466 285 495 tes
320 459 525 505 adloquitur
570 460 596 492 ΙΙ
641 462 655 493 1
690 459 735 494 37
773 464 809 494 et
844 459 904 493 83.

225 521 365 556 Pisonis
401 519 512 554 caede
547 519 701 554 laetatur
736 520 767 554 H
801 521 812 553 1
844 517 903 554 44.

227 581 366 615 scelera
405 579 597 625 prohibere
628 591 698 614 non
726 585 845 625 potest
872 581 902 614 H

229 643 246 676 1
275 641 334 676 45.
380 642 588 675 vacationes
630 652 674 675 ex
710 640 796 675 fisco
838 651 902 675 suo

228 701 403 736 militibus
430 701 593 741 solvitjt
628 703 644 736 1
671 701 731 737 46.
783 701 902 736 hono-

226 772 284 796 res
312 762 346 796 ei
382 772 401 796 a
427 766 553 796 senatu
587 761 721 796 decreti
751 762 778 796 H
813 762 905 797 147.

229 821 434 866 voluptates
461 833 503 856 ac
532 822 618 856 vitia
644 821 845 856 dissimulat
872 823 899 856 Η

230 883 243 915 1
280 882 338 916 71.
376 882 554 926 epistulae
586 882 680 916 inter
715 883 828 926 ipsum
859 893 901 916 ac

227 941 412 990 Vitellium
458 943 485 975 H
528 941 630 976 174.
684 942 823 988 legatos
862 941 904 975 ad

231 1002 461 1037 Germanicos
494 1003 673 1037 exercitus
710 1003 819 1037 mittit
854 1002 902 1036 ib.

223 1063 430 1097 consulatus
487 1062 648 1107 aliasque
704 1061 899 1108 dignitates

221 1122 363 1157 mandat
401 1123 426 1156 H
457 1127 474 1160 1
507 1123 563 1158 77.
611 1122 801 1156 militarem
836 1127 895 1156 tn-

219 1183 368 1217 multum
395 1182 561 1227 precibus
586 1182 686 1216 sedat
727 1182 753 1215 11
787 1183 802 1215 1
831 1182 890 1216 82.

218 1243 367 1278 Galliam
390 1243 658 1277 Narbonensem
684 1241 892 1287 adgreditur

216 1304 247 1337 11
280 1304 293 1335 1
322 1302 381 1346 87,
408 1304 429 1336 2
461 1303 514 1336 14.
559 1302 602 1336 ab
630 1302 717 1336 urbe
746 1302 893 1346 profici-

217 1363 327 1396 scitur
357 1363 380 1396 H
417 1364 431 1395 1
461 1362 519 1398 90.
550 1362 706 1396 Orientis
726 1362 891 1408 legiones

218 1432 282 1468 pro
312 1432 354 1456 eo
381 1423 499 1456 iurant
526 1422 554 1456 11
581 1422 602 1456 2
631 1423 665 1458 6.
694 1422 895 1467 proficisci-

218 1487 274 1515 tur
300 1481 343 1515 ad
372 1481 506 1516 bellum
528 1483 552 1515 H
586 1484 606 1515 2
641 1484 693 1517 11.
724 1493 803 1516 cum
827 1482 891 1516 Vi-

214 1541 316 1576 tellio
357 1546 582 1586 comparatur
624 1543 650 1576 H
688 1542 710 1575 2
744 1542 803 1576 31.
847 1542 891 1576 de

218 1601 317 1636 bello
338 1600 518 1635 consultat
545 1602 592 1636 ib.
616 1612 748 1646 pronus
767 1602 809 1636 ad
832 1601 898 1636 de-

219 1662 423 1697 certandum
455 1663 480 1696 H
512 1663 532 1697 2
560 1662 617 1697 33.
661 1662 769 1697 duces
807 1673 891 1696 suos

218 1723 398 1769 segnitiae
427 1723 567 1756 incusat
591 1723 616 1756 H
646 1723 668 1757 2
694 1721 754 1758 40.
784 1734 891 1757 exer-

217 1783 308 1817 citus
335 1783 412 1817 eius
448 1793 469 1816 a
498 1781 693 1817 Vitelliano
736 1783 897 1817 funditur

220 1843 247 1877 H
279 1845 298 1878 2
326 1842 384 1877 43.
434 1843 522 1876 mori
551 1842 706 1877 destinat
732 1844 760 1878 H
788 1845 810 1878 2
835 1843 894 1879 46.

216 1903 329 1936 oratio
359 1903 437 1936 eius
463 1906 546 1936 ante
571 1908 719 1936 mortem
740 1904 768 1937 H
789 1904 808 1937 2
827 1904 885 1938 47.

214 1972 253 1995 se
279 1962 356 2005 ipse
396 1962 565 1995 interficit
602 1962 630 1996 11
669 1964 690 1997 2
719 1962 778 1998 49.
817 1964 891 1997 vita

214 2022 292 2055 eius
328 2026 363 2054 et
404 2031 522 2056 mores
561 2023 588 2057 H
619 2023 640 2057 2
668 2023 725 2059 50.
779 2023 890 2058 breve

214 2080 401 2125 imperium
431 2081 458 2115 0
490 2082 543 2115 17.

167 2137 285 2174 Ovidii
311 2140 436 2174 Medea
463 2140 490 2174 Ο
524 2142 576 2175 12.

166 2198 323 2233 Oxiones
356 2199 567 2234 Germaniae
596 2211 677 2245 pop.
705 2202 732 2235 G
758 2201 816 2237 46.

163 2319 329 2353 Pacarius
355 2319 524 2354 Decimus
551 2332 584 2355 v.
614 2321 795 2356 Decimus.

162 2378 311 2413 Paccius
338 2379 529 2414 Africanus
560 2382 585 2414 H
614 2382 638 2414 4
663 2380 722 2416 41.

163 2437 312 2472 Paccius
351 2438 481 2473 Orfitus
529 2441 571 2474 13
609 2440 668 2475 36.
722 2441 892 2485 primipili

213 2499 375 2530 centurio
407 2499 449 2532 13
479 2499 533 2541 16,
565 2501 606 2534 15
637 2502 694 2535 12.

163 2557 332 2591 Pacensis
362 2568 396 2592 v.
423 2557 611 2593 Aemilius.

120 2650 123 2652 .
161 2616 385 2651 Paconianus
421 2618 563 2652 Sextius
590 2630 623 2654 v.
656 2620 811 2655 Sextius.

157 2676 334 2711 Paeonius
367 2678 587 2724 Agrippinus
618 2679 660 2715 16
685 2680 731 2715 28
759 2686 794 2714 et
820 2682 878 2716 33.

161 2736 206 2771 Μ.
236 2736 411 2772 Paconius
438 2738 580 2784 legatus
607 2741 630 2773 3
656 2740 713 2775 67.

159 2795 312 2835 Pacorus
336 2797 517 2831 Medorum
543 2809 606 2833 rex
637 2800 679 2835 15
710 2800 742 2835 2.
772 2800 883 2836 Volo-

213 2857 310 2902 gesis
349 2856 459 2892 frater
497 2858 538 2892 15
580 2859 634 2898 14.
688 2860 732 2900 ad
762 2859 884 2901 Medos

207 2916 405 2964 digreditur
433 2919 476 2955 15
506 2918 566 2957 31.

851 220 992 256 INDEX

952 338 1109 373 Pacorus
1135 337 1344 373 Parthorum
1375 348 1440 373 rex
1466 338 1548 374 11⁴5
1572 337 1608 375 9.
1652 337 1681 371 G

1006 398 1065 433 37.

956 458 1134 493 Pacuvius
1160 458 1302 505 legatus
1328 458 1350 493 2
1377 457 1434 494 79.

954 519 1131 553 Pacuvius
1160 522 1265 563 poeta
1291 519 1319 554 Ο
1350 518 1396 554 20
1422 522 1460 553 et
1485 519 1544 552 21.

952 579 1066 614 Padus
1093 579 1128 614 fl.
1157 580 1237 626 (Po)
1266 581 1294 614 H
1327 581 1343 613 1
1376 578 1433 622 70,
1460 580 1482 615 2
1513 579 1552 613 11
1574 582 1614 614 et>
1634 578 1674 614 17

1003 645 1038 675 et
1064 641 1110 675 22
1138 645 1173 674 ct
1198 640 1246 675 32
1271 644 1306 674 et
1333 639 1381 674 34
1407 644 1442 675 et
1466 639 1526 683 40,
1554 639 1576 674 3
1601 640 1661 675 52.

952 701 1130 746 paenulae
1157 701 1357 735 oratoribus
1383 700 1556 736 adversae
1573 698 1601 735 Ο
1619 699 1678 735 39.

957 762 1103 796 Paetina
1134 772 1168 795 v.
1196 760 1314 796 Aelia.

953 821 1083 856 Paetus
1115 825 1304 855 accusator
1333 821 1375 855 13
1402 820 1460 855 23.

951 882 1079 916 Paetus
1101 880 1324 916 Caesennius
1343 881 1536 916 Armeniae
1553 884 1673 917 rector

1008 943 1050 976 15
1078 940 1112 976 6.
1153 943 1359 976 inconstans
1388 942 1430 976 15
1461 943 1516 977 10.
1557 940 1674 976 Parthi

1001 1013 1081 1036 eum
1099 1001 1355 1047 adgrediuntur
1376 1001 1417 1035 15
1440 1001 1495 1036 11.
1523 999 1675 1035 militiae

997 1062 1118 1095 munia
1157 1060 1291 1095 deserit
1324 1059 1410 1094 ibid.
1459 1059 1671 1095 Parthorum

993 1123 1090 1168 regis
1135 1120 1355 1166 colloquium
1397 1120 1487 1166 petit
1531 1121 1572 1155 15
1615 1112 1671 1155 14.

991 1182 1216 1216 conditiones
1245 1191 1264 1214 a
1298 1180 1436 1214 Parthis
1463 1180 1596 1225 accipit
1614 1179 1664 1215 ib.

992 1252 1070 1276 cum
1113 1239 1318 1275 Corbulone
1358 1239 1578 1286 colloquitur
1626 1240 1668 1276 15

997 1302 1050 1337 17.
1106 1312 1169 1346 per
1208 1300 1471 1346 Cappadociam
1506 1299 1671 1335 hibernat

991 1362 1039 1399 ib.
1069 1362 1212 1395 facetiis
1241 1371 1322 1395 eum
1351 1359 1444 1395 Nero
1472 1361 1670 1395 insectatur

998 1423 1040 1457 15
1071 1423 1124 1457 15.

943 1482 1072 1516 Paetus
1097 1481 1252 1516 Thrasea
1278 1491 1312 1515 V.
1343 1480 1509 1515 Thrasea.

942 1542 1072 1587 pagani
1099 1541 1127 1575 H
1163 1543 1176 1575 1
1205 1541 1264 1583 53,
1291 1541 1313 1573 2
1346 1538 1400 1583 14,
1427 1540 1450 1575 3
1477 1539 1525 1575 24
1552 1543 1588 1574 et
1621 1539 1668 1574 43

998 1607 1034 1636 et
1061 1603 1118 1645 77,
1145 1601 1169 1635 4
1199 1602 1257 1637 20.

943 1662 1086 1709 Pagyda
1110 1662 1257 1698 Africae
1283 1663 1318 1698 fl.
1345 1664 1368 1698 3
1392 1663 1451 1699 20.

941 1723 1149 1758 Palamedes
1167 1723 1366 1758 litterarum
1384 1723 1516 1759 formas
1534 1723 1668 1768 reperit

997 1784 1038 1818 11
1068 1785 1123 1817 14.

947 1843 1128 1878 Palatinus
1154 1855 1254 1878 mons
1283 1845 1326 1879 12
1353 1845 1414 1887 24,
1443 1845 1486 1879 15
1511 1844 1570 1881 38.

938 1903 1112 1937 Palatium
1147 1905 1162 1938 1
1197 1905 1252 1947 13,
1278 1904 1300 1938 2
1328 1904 1376 1939 34
1402 1909 1438 1939 et
1465 1904 1510 1939 37
1542 1908 1579 1939 et
1603 1904 1664 1948 40,

994 1964 1036 1998 15
1061 1962 1123 1998 39.
1179 1964 1206 1997 H
1243 1965 1258 1996 1
1291 1963 1333 1998 17
1362 1968 1398 1999 et
1422 1963 1468 1999 39
1495 1969 1531 1998 et
1554 1964 1614 2008 47,
1641 1964 1664 1999 3

990 2023 1038 2059 68
1065 2028 1101 2058 et
1127 2023 1171 2059 70
1199 2029 1234 2058 et
1259 2024 1322 2059 85.

936 2083 1051 2118 Pallas
1083 2084 1223 2119 Claudii
1252 2084 1402 2118 libertus
1425 2085 1466 2119 11
1487 2084 1533 2119 29
1550 2089 1586 2119 et
1602 2085 1661 2120 38.

986 2143 1261 2189 flagrantissima
1303 2144 1397 2188 apud
1434 2155 1513 2179 eum
1549 2145 1662 2191 gratia

990 2205 1031 2238 11
1061 2204 1119 2238 29.
1146 2204 1380 2249 Agrippinam
1407 2204 1549 2240 extollit
1567 2205 1610 2240 12
1625 2206 1660 2240 2.

986 2263 1215 2308 adoptionem
1255 2263 1402 2299 Domitii
1440 2264 1588 2300 festinat
1617 2266 1661 2300 12

987 2323 1045 2358 25.
1074 2324 1262 2367 praetoriis
1288 2324 1490 2370 insignibus
1511 2324 1662 2359 donatur

1000 2383 1039 2416 12
1073 2383 1132 2418 53.
1181 2383 1404 2429 Agrippinae
1437 2383 1576 2419 adulter
1617 2386 1660 2419 12

993 2442 1051 2486 65,
1082 2444 1124 2477 14
1148 2445 1181 2479 2.
1226 2442 1380 2487 publicis
1407 2444 1613 2479 muneribus
1640 2456 1660 2478 a

988 2502 1130 2536 Nerone
1156 2503 1368 2537 demovetur
1399 2503 1441 2540 13
1470 2505 1525 2538 14.
1550 2515 1660 2539 accu-

984 2567 1079 2596 satur
1108 2562 1150 2596 13
1177 2563 1236 2597 23.
1265 2563 1438 2607 superbus
1467 2563 1551 2598 ibid.
1590 2575 1657 2598 ne-

985 2627 1085 2656 catur
1111 2623 1155 2658 14
1181 2623 1238 2657 65.

931 2682 1071 2727 palmae
1099 2693 1271 2727 procerae
1297 2685 1334 2717 in
1362 2683 1494 2720 Iudaea
1519 2685 1547 2719 H
1573 2687 1596 2720 5
1621 2686 1654 2722 6.

935 2742 1130 2786 Palpellius
1151 2744 1269 2777 Hister
1285 2743 1489 2779 Pannoniae
1507 2755 1653 2789 praeses

986 2802 1028 2835 12
1054 2802 1111 2837 29.
1139 2813 1173 2838 v.
1201 2808 1320 2837 annot.

934 2861 1141 2900 Pammenes
1168 2862 1369 2898 Chaldaeus
1401 2864 1444 2899 16
1472 2865 1526 2900 14.

935 2921 1147 2970 Pamphylia
1171 2923 1193 2960 2
1221 2924 1277 2962 79.
1306 2926 1335 2960 n
1362 2925 1386 2962 2
1410 2925 1444 2964 9.
