1768 3216
173 228 247 262 860
760 221 1071 258 msronlARVM
1453 234 1485 259 a.
1511 230 1548 258 u.
1574 221 1658 260 823.

142 355 217 395 sac
248 342 423 384 Nervios
464 341 505 381 in
544 338 666 380 fidem
705 342 903 392 acceptos
944 338 1077 392 copiis
1125 337 1212 379 suis
1252 337 1467 392 adiunxit,
1506 339 1660 394 ingens

63 399 119 469 iss,
165 429 315 469 rerum,
343 414 543 469 perculsis
576 412 787 455 civitatum
819 413 967 455 animis
997 413 1064 455 vel
1094 416 1244 467 sponte
1275 413 1584 457 inclinantibus.

187 471 202 475 „
298 490 459 530 Interea
489 487 613 529 Iulius
639 487 818 530 Sabinus
849 487 1048 541 proiectis
1081 487 1285 554 1⁶er
1298 487 1476 530 Romani
1507 492 1729 531 monn—67

163 563 310 605 mentis
344 563 566 621 Caesaiem
599 575 647 603 se
678 561 849 604 salutari
879 561 1007 614 iubet,
1038 541 1660 617 ηιεςηείιηᾳυῖεἷῖἷοόηῖίῖω

132 620 417 692 spopularium
449 620 609 679 turbam
641 637 683 677 in
715 637 932 690 Sequanos
964 637 1085 691 rapit,
1116 637 1419 680 conterminam
1447 637 1661 680 civitatem

163 718 203 754 et
232 713 352 755 nobis
380 712 515 755 fidam.
559 711 648 754 Nec
666 712 853 766 Sequani
882 712 1171 755 detractavere
1202 717 1430 756 certamen.
1479 713 1661 756 Fortuna

161 788 402 829 melioribus
434 780 588 829 adfuit:
621 775 705 830 susi
735 787 964 843 Lingones.
1025 788 1205 831 Sabinus
1236 788 1472 831 festinatum
1501 792 1662 831 temere

159 863 361 917 proelium
401 863 491 916 pari
531 862 758 904 formidine
801 862 999 905 deseruit.
1064 863 1196 917 thue
1240 863 1389 905 samam
1422 863 1555 906 exitii
1596 864 1661 906 sui

160 937 318 979 faceret
337 968 348 989 ,
380 937 519 979 villam
551 937 594 978 in
623 949 744 991 quam
775 937 1018 992 perfugerat
1048 938 1276 991 cremavit,
1310 938 1394 980 illic
1425 938 1660 981 voluntaria

108 1026 147 1056 ιο
161 1016 291 1053 morte
319 1012 514 1054 interisse
546 1012 743 1055 creditus.
791 1012 872 1055 Sed
906 1012 1056 1066 quihus
1087 1013 1244 1054 artibus
1263 1012 1662 1067 latebrisquevitam

159 1099 234 1141 pei
264 1098 415 1129 novem
446 1099 544 1129 mox
572 1099 708 1130 annos
737 1075 984 1140 traduxerit,
1016 1087 1139 1129 simul
1170 1087 1401 1129 amicorum
1431 1087 1522 1130 eius
1552 1100 1661 1130 con-

159 1162 349 1204 stantiam
395 1166 436 1203 et
472 1162 640 1217 insigne
669 1162 912 1215 Epponinae
951 1162 1096 1204 uxoris
1129 1162 1392 1216 exemplum,
1439 1174 1516 1204 suo
1558 1161 1656 1205 loco

157 1237 396 1279 reddemus.
468 1237 755 1291 Sequanorum
801 1249 1003 1291 prospera
1044 1237 1137 1279 acie
1179 1236 1278 1278 belli
1317 1237 1495 1291 impetus
1531 1238 1658 1279 stetit.

13 1356 28 1360 ,,
104 1312 424 1369 R„esipiscere
460 1312 660 1366 paulatim
702 1312 926 1364 civitates,
971 1312 1117 1365 fasque
1147 1316 1187 1354 et
1228 1311 1400 1354 foedera
1430 1311 1660 1366 respicere,

7 1427 12 1430 .
38 1369 58 1447 ‚⁶
101 1401 138 1431 ιε
138 1371 415 1441 principibus
443 1387 609 1439 Remis,
650 1387 721 1440 qui
751 1399 827 1440 per
857 1386 1012 1428 Gallias
1045 1386 1217 1428 edixere
1255 1390 1299 1428 ut
1330 1386 1470 1428 missis
1508 1385 1660 1441 legatis

160 1461 203 1503 in
232 1473 452 1504 commune
485 1461 783 1513 consultarent,
814 1460 984 1502 libertas
1017 1473 1069 1502 an
1101 1472 1182 1514 pax
1210 1460 1408 1514 placeret.

295 1536 350 1577 At
377 1537 536 1579 Romae
567 1540 717 1578 cuncta
747 1535 790 1577 in
816 1535 1000 1578 deterius
1023 1535 1163 1577 audita
1182 1535 1416 1578 Mucianum
1435 1533 1730 1590 angebant‚68

296 1708 328 1742 1.
356 1707 539 1741 adiuncxit
566 1706 631 1741 lm.
683 1708 717 1743 2.
743 1706 912 1753 perculsit
937 1705 1011 1750 Ma,
1040 1708 1145 1741 etiam
1175 1706 1215 1750 G,
1243 1705 1307 1746 sed
1334 1706 1503 1741 extremis
1529 1688 1660 1741 litteris

161 1756 198 1789 iu
224 1766 357 1797 rasura,
385 1761 423 1790 ut
449 1755 556 1790 suerit
579 1755 765 1801 perculsis.
830 1756 864 1790 3.
893 1755 988 1800 saed.
1020 1755 1085 1790 Ma.
1161 1756 1318 1790 romanis
1344 1754 1422 1790 Ma:
1446 1755 1479 1790 G
1504 1756 1658 1791 rammi.

156 1805 189 1838 5.
218 1805 321 1838 turba
347 1802 411 1839 Ma.
486 1805 520 1840 6.
549 1804 696 1839 detract.
725 1803 799 1838 Μ3ε
832 1804 972 1839 detrect.
1002 1803 1041 1838 G.
1113 1804 1147 1839 8.
1171 1804 1348 1850 praelium
1371 1801 1453 1839 Ma:
1481 1803 1605 1839 bellum
1631 1802 1659 1838 G

157 1857 191 1886 et
217 1852 454 1888 Oxonienses.
531 1853 565 1887 9.
591 1852 682 1887 uilla
707 1852 781 1886 Ma.
810 1853 838 1887 G
861 1853 966 1887 uillci‘.
1058 1854 1112 1888 14.
1141 1853 1236 1897 faed.
1268 1851 1334 1887 Ma.

938 2003 1074 2049 quibus
1101 2003 1258 2038 foederis
1285 2003 1510 2039 conditiones
1527 2003 1658 2038 inscri-

942 2057 1025 2096 ptae
1052 2057 1163 2086 erant.
1288 2052 1482 2087 Caesarem
1505 2052 1659 2088 sauciari

217 2004 341 2049 ingens
367 2015 503 2038 rerum:
534 2005 716 2050 genitivus
743 2005 779 2038 in
808 2004 875 2038 hac

158 2052 343 2086 locutione
369 2053 516 2095 indicat,
544 2053 639 2086 unde
665 2053 872 2098 magnitudo

162 2100 290 2135 Civilis
316 2102 470 2145 spectari
499 2101 628 2136 debeat
656 2104 771 2146 (grass
805 2112 873 2135 von

157 2150 277 2184 Seiten
303 2150 365 2183 der
393 2149 551 2195 Macltt),
589 2148 768 2184 ablativus
795 2160 873 2183 ma·-

158 2200 283 2232 teriam
307 2198 562 2243 magnitudinis
584 2197 741 2232 ostendit
759 2202 873 2244 (qi-oss

158 2259 205 2280 an
233 2247 383 2291 Macltt).
436 2246 489 2280 Cf.
518 2247 532 2280 1
558 2247 627 2282 69:
654 2247 714 2281 sed
737 2247 873 2291 semina

155 2297 279 2341 ivryens
301 2296 412 2329 animi
438 2297 552 2340 (qv-oss
578 2307 645 2329 von
670 2295 789 2329 Seiten
816 2295 874 2328 des

159 2344 303 2389 Muth’s)
338 2345 460 2377 munia
486 2344 586 2378 dwooe's
619 2356 684 2389 per
717 2355 774 2377 eos
801 2344 874 2377 dies

157 2393 282 2427 induit.
322 2393 395 2426 Alii
423 2393 616 2437 scriptores
644 2397 724 2437 post
749 2393 874 2437 ingens

158 2441 334 2485 genitivo,
360 2446 530 2486 quantum
546 2442 636 2483 scio,
665 2451 735 2474 non
762 2446 873 2475 utun-

158 2495 225 2524 tur.
275 2489 398 2523 Simile
426 2495 479 2523 est
505 2489 599 2534 quod
624 2489 718 2523 infra
746 2500 777 2523 c.
799 2488 872 2524 v84:

159 2538 217 2582 qui
250 2549 369 2571 versus
405 2538 516 2572 animi
554 2543 640 2583 (von
667 2538 787 2572 seiten
814 2537 872 2571 des

161 2586 343 2621 Gemnthes
367 2589 502 2630 unstdt)
531 2585 630 2619 modo
656 2596 783 2619 numen
803 2597 873 2630 pa-

159 2646 299 2669 vescere
315 2660 324 2677 ,
366 2634 464 2668 modo
509 2634 611 2668 minis
651 2634 873 2667 adversantis

156 2683 277 2730 populi
301 2683 441 2717 terreri.
474 2682 623 2716 Nomine
645 2693 763 2716 rerum
787 2692 872 2725 opes

160 2734 328 2777 viresque
357 2730 732 2776 comprehenduntur,
762 2735 801 2763 ut
829 2730 871 2764 H.

161 2781 189 2814 ll
216 2784 261 2815 4:
295 2781 386 2814 Titus
404 2801 446 2806 —
469 2779 642 2825 suspensis
664 2779 871 2825 provincia·

161 2841 238 2862 rum
269 2835 299 2862 et
334 2829 547 2862 exercituum
591 2828 718 2862 animis
750 2828 874 2873 ingens

162 2889 278 2910 rerum
300 2878 431 2920 fiducia
457 2877 616 2912 accessit.

235 2924 319 2969 Cap.
348 2925 405 2960 67.
430 2925 598 2972 proiectis
622 2925 776 2970 foedet-is
798 2924 873 2959 Ro-

164 2974 260 3009 mani
287 2975 538 3009 monumentis.-
580 2979 662 3010 sunt
687 2973 874 3009 columnae

943 2112 978 2134 se
1004 2101 1120 2135 iubet.-
1148 2102 1225 2145 ipse
1251 2100 1371 2135 divum
1397 2100 1525 2134 Iulium
1548 2110 1658 2145 proa-

943 2159 1026 2183 vum
1066 2160 1167 2183 suum
1208 2149 1321 2183 fuisse
1362 2148 1538 2195 gloriatus
1576 2154 1656 2183 est:

943 2210 973 2232 c.
1003 2198 1061 2232 55.

1033 2251 1064 2280 et
1104 2247 1243 2292 insigne
1280 2245 1494 2292 Epponinae
1536 2246 1659 2280 uxoris

943 2295 1134 2340 exemplum
1153 2307 1165 2328 .-
1217 2294 1313 2340 quod
1357 2294 1540 2328 intercidit
1578 2304 1656 2328 cum

942 2343 1124 2388 plerisque
1151 2343 1251 2377 libris
1277 2343 1512 2377 Historiarum
1532 2342 1657 2385 Taciti,

943 2391 977 2425 id
1012 2397 1131 2426 narrat
1157 2391 1224 2426 Dio
1263 2391 1360 2425 Cass.
1400 2391 1494 2436 apud
1519 2389 1655 2435 Xiphil.

943 2439 1087 2475 LXVI-3
1114 2445 1150 2474 et
1167 2440 1221 2482 16,
1248 2439 1461 2474 Plutarchus
1486 2441 1523 2473 in
1545 2439 1657 2473 Ama-

942 2490 1034 2521 torio
1061 2499 1091 2521 c.
1119 2489 1176 2524 25.
1205 2488 1274 2522 Dio
1302 2490 1532 2524 Πεπονίλαν
1557 2487 1654 2522 illam

943 2536 1110 2569 feminam
1122 2536 1332 2578 nominavit,
1346 2534 1556 2569 Plutarchus
1567 2535 1657 2580 Ἐμ-

942 2585 1077 2627 πονήν.
1137 2584 1288 2618 Sabinus
1324 2589 1360 2617 et
1397 2584 1530 2618 coniux
1555 2582 1656 2617 fidis-

942 2633 1031 2666 sima
1059 2632 1124 2668 sub
1151 2632 1256 2667 finem
1277 2633 1498 2677 principatus
1515 2632 1656 2676 Vespa-

943 2682 1033 2714 siani
1081 2680 1297 2726 deprehensi
1340 2686 1422 2716 sunt
1461 2685 1497 2715 et
1540 2684 1656 2714 morte

943 2729 1094 2763 multati.

1017 2777 1102 2822 Cap.
1118 2778 1176 2813 68.
1213 2778 1374 2814 Petilium
1391 2777 1566 2812 Cerialem
1589 2776 1655 2810 de-

945 2825 1108 2870 leqerat:
1153 2828 1267 2873 magis
1302 2826 1372 2860 hoc
1404 2825 1474 2861 fide
1508 2825 1655 2871 dignum

945 2879 998 2908 est
1025 2885 1128 2920 quam
1154 2875 1249 2920 quod
1274 2875 1380 2909 tradit
1404 2873 1579 2918 Iosephus
1612 2873 1653 2907 Β.

944 2922 1020 2956 Iud.
1050 2923 1114 2957 V11
1140 2923 1164 2959 4
1189 2925 1225 2966 §-
1252 2924 1299 2967 2,
1327 2922 1504 2958 Cerialem
1526 2932 1550 2956 a
1579 2922 1655 2957 Ve-

944 2973 1109 3018 spasiano
1149 2969 1334 3008 co’nsulem
1373 2971 1591 3009 declaratum
1614 2975 1658 3005 ,et
