1768 3216
162 205 210 241 96

747 205 1011 242 AGRICOLAE

160 320 255 374 lam,
289 322 531 375 integreque
562 332 611 361 ac
638 325 807 364 strenue
833 329 1058 377 versatum,
1090 324 1318 367 vicesimae
1344 322 1505 380 legioni
1534 326 1652 369 tarde

161 395 212 437 ad
244 398 546 437 sacramentum
576 398 868 451 transgressae
896 399 1166 453 praeposuit,
1197 400 1270 441 ubi
1301 399 1515 462 dQSBL
1532 400 1652 442 sedi-

159 468 266 509 tiose
297 480 425 522 agere
459 469 728 512 narrabatur:
769 472 918 526 quippe
957 472 1107 528 legatis
1155 484 1320 527 quoque
1364 473 1652 516 consularibus

157 541 284 583 nimia
319 554 368 583 ac
401 542 675 586 formidolosa
708 549 819 598 erat,
866 558 945 587 nec
975 546 1400 602 legatus'praetorius
1435 547 1488 589 ad
1531 547 1654 589 cohi-

123 614 335 656 ⁵bendum
365 619 528 670 potens,
561 618 761 661 incertum
782 628 858 662 suo
891 633 943 662 an
974 620 1148 662 militum
1179 621 1363 676 ingenio.
1405 621 1464 662 Ita
1479 631 1655 663 succes·-

156 700 229 730 sor
257 689 378 730 simul
412 693 452 732 et
481 690 591 734 ultor
621 691 801 746 electus,
841 694 1055 736 rarissima
1088 694 1379 736 moderatione
1406 694 1548 736 maluit
1585 695 1654 736 vi-

155 762 246 804 deri
288 764 500 806 invenisse
543 765 676 809 bonos
721 779 842 821 quam
885 768 1050 811 fecisse.

157 836 253 879 niae
281 838 442 880 Vettius
469 839 663 894 Bolanus,
694 841 898 895 placidius
931 854 1052 896 quam
1081 843 1214 886 feroci
1236 843 1454 897 provincia
1483 842 1652 898 dignum

156 916 231 953 est.

293 913 560 967 Temperavit
591 915 794 970 Agricola
825 917 907 958 vim
938 930 1054 959 suam
1090 919 1367 971 ardoremque
1398 917 1655 971 compescuit

95 995 133 1025 ιο
154 996 208 1026 ne
252 986 532 1041 incresceret,
576 990 733 1043 peritus
778 991 952 1045 obsequi
993 992 1262 1046 eruditusque
1300 991 1416 1033 utilia
1465 992 1650 1033 honestis

152 1060 345 1102 miscere.

153 1133 298 1176 rialem
352 1137 525 1188 accepit.

626 1204 668 1215 ‘s-

297 1287 331 1321 2.
358 1288 539 1332 proposuit
564 1289 622 1323 A:
646 1290 676 1323 Γ
701 1291 916 1335 praeposuit.

754 1338 906 1373 Vetanus
931 1341 969 1374 Γ.

152 1333 187 1368 8.
224 1333 359 1368 Vectius
385 1337 433 1369 1':
459 1338 495 1371 Δ
529 1335 669 1371 Vettius.

155 1383 210 1416 11.
241 1381 439 1417 Peretilium
467 1384 648 1419 Cerealem
672 1385 903 1421 Puteolanus.

153 1546 338 1580 admodum
363 1548 535 1592 infantem
565 1549 614 1583 lv
643 1551 697 1584 13.
829 1563 872 1585 em

149 1600 303 1640 paterna
345 1597 493 1639 fortuna
527 1603 660 1632 lantum
695 1598 873 1634 licentiam

151 1649 366 1688 usurpante:
413 1645 458 1678 cf.
503 1645 543 1678 Η.
586 1646 635 1679 lv
678 1649 701 1682 2
739 1652 774 1681 et
811 1649 870 1684 39.

154 1691 347 1726 Suetonius
374 1692 505 1727 Domit.
538 1695 568 1728 1.
599 1693 667 1728 Dio
693 1697 788 1740 apud
806 1696 872 1730 Xi-

153 1738 240 1784 phil.
271 1740 375 1774 LXVI
402 1742 435 1775 2.

225 1811 409 1845 vicesimae
439 1811 570 1857 leqioni
584 1834 628 1839 —
645 1816 865 1860 praeposuit:

153 1858 189 1891 in
207 1858 390 1893 Britannia
409 1865 493 1894 tunc
509 1866 676 1905 quattuor
694 1862 872 1908 legiones,

153 1907 307 1940 secunda
339 1909 401 1952 (Η.
429 1907 473 1942 111
506 1911 596 1954 44),
630 1922 726 1944 nona
766 1913 871 1957 (Agr.

155 1954 213 1990 26.
241 1955 320 1988 XIV
346 1957 392 1990 32
417 1961 452 1989 et
479 1957 542 2000 38)
559 1983 568 1999 ,
610 1960 874 2002 quartadecima

157 2002 216 2046 (H.
245 2002 275 2035 11
301 2003 347 2037 66
377 2008 412 2036 et
441 2005 485 2038 67
516 2009 551 2037 et
577 2005 668 2050 86),
705 2008 871 2040 vicesima

157 2049 217 2094 (H.
250 2050 368 2095 160).
425 2051 478 2084 Ex
514 2051 568 2085 his
603 2053 680 2087 sola
716 2056 873 2088 secunda

157 2098 411 2142 Vespasianum
469 2101 665 2144 principem
711 2109 872 2147 prompte

156 2147 323 2191 accepit:
351 2147 393 2180 H.
420 2146 468 2181 111
495 2148 561 2183 44..

243 2217 302 2250 ubi
342 2218 502 2251 decessor
543 2240 587 2246 --
624 2220 870 2255 narrabatur:

157 2264 226 2298 fuit
251 2265 402 2299 Roscius
430 2266 586 2310 Caelius,
617 2267 661 2302 de
688 2279 757 2314 quo
784 2269 826 2304 Η.
857 2269 871 2303 Ῑ

156 2314 214 2348 60.
248 2313 344 2347 Idem
371 2324 451 2347 mox
479 2316 576 2349 audit
606 2316 740 2361 leqaeus
763 2329 871 2363 prae-

158 2363 277 2396 torius.
365 2363 489 2407 leyalis
515 2375 644 2409 quoque
671 2366 871 2399 consulari—

158 2410 237 2443 bus:
264 2410 350 2445 dicit
375 2410 589 2446 'Trebellium
617 2413 807 2447 Maximum
838 2420 874 2448 et

159 2458 315 2491 Vettium
344 2458 530 2501 Bolanum,
558 2460 602 2494 de
630 2461 757 2505 quibus
787 2473 820 2496 v.
841 2473 871 2496 c.

160 2506 204 2540 16
232 2511 267 2539 et
292 2507 333 2540 H.
361 2507 373 2540 1
401 2507 459 2549 60,
486 2507 515 2540 11
541 2508 598 2543 65.

229 2574 314 2621 Cap.
342 2576 367 2611 8
421 2584 590 2623 praeerat
623 2585 705 2613 tunc
724 2580 871 2613 Britan-

155 2625 238 2658 niae
274 2626 400 2659 Vettius
435 2626 608 2660 Bolanus.-
647 2629 774 2661 missus
819 2632 873 2661 est

157 2682 177 2704 a
207 2672 354 2706 Vitellio
383 2683 401 2707 a
430 2673 477 2708 69
502 2694 547 2707 =
573 2674 656 2709 822.
701 2675 872 2720 Agricola

157 2730 177 2752 a
203 2720 365 2754 Muciano
389 2723 516 2755 missus
543 2733 573 2755 a.
604 2724 649 2758 70
674 2723 812 2757 demum
835 2724 870 2756 in

155 2766 373 2803 Britanniam
400 2772 577 2814 pervenit.
687 2782 789 2815 quam
813 2773 870 2816 fe-

156 2816 233 2849 roci
254 2819 441 2862 provincia
466 2819 607 2864 dignum
633 2824 705 2862 est3
741 2830 870 2865 graece

160 2866 439 2899 convertendum
468 2865 490 2911 ἢ
520 2866 656 2914 ἀγρίας
682 2869 872 2916 ἐπαρχίας

159 2911 266 2954 ἄξιόν
293 2916 394 2959 ἐστι,
431 2925 503 2949 non
541 2918 608 2960 τῆς
641 2916 782 2964 ἀγρίας
809 2917 867 2953 ἐπ.

430 1061 551 1103 Brevi
591 1063 743 1105 deinde
785 1064 1007 1119 Britannia
1041 1066 1304 1108 consularem
1342 1065 1527 1108 Petilium
1569 1064 1651 1107 Ce-

610 1137 850 1180 Habuerunt
898 1140 1071 1182 virtutes
1117 1141 1291 1194 spatium
1350 1139 1646 1195 exemplorum.

1076 1181 1767 1304 'QUWVQQ

1047 1291 1081 1326 6.
1109 1291 1224 1325 ulctor
1251 1294 1287 1326 Γ.
1411 1291 1443 1326 7.
1473 1291 1581 1325 denos
1605 1291 1650 1327 Δ.
1678 1287 1682 1290 ’

1060 1340 1272 1385 prouinciae
1294 1339 1421 1373 vitium
1447 1339 1648 1374 Puteolani.

939 1550 1060 1585 Facile
1109 1551 1220 1596 igitur
1263 1550 1461 1585 carebimus
1498 1549 1654 1584 Acidalii

941 1600 1148 1633 coniectura
1178 1605 1281 1642 esset,
1293 1620 1299 1622 >
1312 1598 1524 1633 Ernestiana
1550 1604 1628 1632 erat
1642 1610 1652 1632 .-

938 1648 1116 1681 sententia
1145 1648 1239 1681 enim
1269 1647 1312 1681 ad
1349 1647 1568 1692 provinciam
1596 1646 1655 1680 fe-

937 1706 1058 1730 rocem
1093 1706 1352 1741 quamcumque
1389 1694 1655 1730 accommodata

941 1749 1005 1778 est.

1014 1814 1243 1859 ardoremque
1278 1815 1486 1859 compescuit
1523 1825 1567 1847 ne
1594 1813 1655 1847 in-

940 1869 1134 1899 cresceret:
1187 1873 1323 1896 comma
1361 1867 1443 1896 ante
1485 1873 1529 1895 ne
1571 1861 1654 1906 poni

939 1911 1085 1944 solitum
1113 1910 1252 1953 delevi,
1291 1916 1329 1944 ut
1359 1910 1507 1944 verbum
1533 1909 1655 1944 inere-

938 1965 1050 1992 sceret
1067 1959 1275 2004 iungeretur
1291 1969 1368 1992 cum
1383 1958 1533 1999 ardore3
1560 1957 1655 1992 The-

938 2007 1082 2040 odisce:
1113 2007 1220 2040 ‹Ia-mit
1243 2008 1293 2039 sie
1316 2006 1393 2050 (die
1421 2005 1521 2052 Glut)
1559 2005 1657 2039 nieht

938 2054 1208 2099 etnporschluye.
1260 2053 1358 2096 Alii,
1387 2059 1425 2087 ut
1450 2052 1655 2087 Waltherus

940 2107 974 2135 et
1001 2102 1202 2144 Dronkius,
1242 2100 1389 2135 verbum
1429 2101 1472 2134 ad
1497 2101 1655 2147 Agrico-

939 2150 1006 2183 lam
1030 2150 1166 2184 referre
1184 2149 1332 2192 malunt,
1361 2149 1424 2183 sed
1443 2150 1495 2183 sic
1521 2148 1655 2183 obscu-

937 2199 1050 2232 ritatis
1076 2203 1195 2232 notam
1215 2198 1355 2231 Tacitus
1386 2207 1456 2231 non
1484 2197 1654 2243 effugiet3

942 2258 1059 2292 neque
1087 2246 1251 2290 exempla
1278 2257 1298 2280 a
1319 2245 1503 2280 Walthero
1521 2256 1565 2280 ex
1579 2245 1654 2280 Pli-

939 2296 999 2328 nio
1028 2300 1062 2329 et
1087 2295 1258 2330 Suetonio
1286 2294 1423 2338 prolata
1464 2293 1656 2328 ostendunt

938 2344 1141 2377 increscere
1189 2343 1311 2386 valere
1353 2354 1457 2388 super
1505 2341 1656 2388 aliquem

940 2404 1137 2437 assurgere.

986 2469 989 2471 ’
1014 2461 1110 2494 brevi
1131 2481 1176 2487 —
1202 2461 1362 2494 Petilium
1389 2460 1563 2494 Cerialem
1589 2471 1655 2494 ae-
1724 2483 1726 2485 -

942 2509 1051 2553 cepit.-
1094 2508 1139 2542 cf.
1169 2508 1243 2541 lnd.
1283 2508 1365 2542 hist.
1408 2513 1443 2541 et
1468 2508 1536 2541 Dio
1563 2507 1655 2552 apud

940 2555 1074 2600 Xiphil.
1101 2556 1192 2589 LXV
1223 2556 1278 2590 18.
1360 2555 1556 2590 habuerunt
1577 2557 1655 2589 vir-

939 2610 1025 2638 tutes
1051 2606 1198 2649 spatium
1219 2604 1479 2649 exemplorum.-
1506 2603 1655 2638 verbum

940 2654 975 2685 in
1004 2653 1180 2696 principio
1217 2653 1372 2696 positum
1407 2663 1481 2686 rem
1516 2661 1656 2686 memo-

941 2705 1017 2734 ratu
1044 2700 1186 2746 dignam
1214 2701 1359 2744 profert.
1407 2700 1479 2734 Nos
1506 2700 1656 2734 dicimus

941 2749 986 2781 cla
1012 2748 1132 2782 hatten
1159 2754 1226 2782 cet.
1285 2748 1459 2793 Exempla
1486 2748 1573 2782 dicit
1597 2748 1656 2782 fa-

940 2798 1062 2829 cinora
1105 2808 1195 2842 quae
1242 2797 1322 2830 aliis
1367 2796 1531 2840 exemplo
1575 2805 1655 2830 esse

941 2849 1115 2888 poterant.

1023 2915 1160 2951 labores
1201 2914 1301 2950 modo
1342 2919 1374 2949 et
1425 2914 1654 2950 discrimina.-

1111 769 1306 811 Praeerat
1348 773 1447 810 tunc
1486 767 1694 810 Britan-8

1725 1179 1745 1187 ‚-

1738 1187 1768 1234 [4
