1768 3216
744 179 831 213 cn.
857 179 1015 216 37-38.

1566 179 1638 213 237

142 302 229 345 ‘que
251 304 414 347 pugnas
442 293 521 335 sibi
552 294 641 348 ipsa
667 295 957 349 desumpserit,
991 298 1104 338 tanto
1136 295 1257 337 altior
1284 299 1326 337 et
1355 295 1565 337 excelsior
1597 299 1638 336 et

145 365 229 408 illis
258 367 473 411 nobilitata
503 369 813 412 discriminibus
843 371 884 412 in
912 383 987 412 ore
1017 371 1230 413 bominum
1261 371 1359 426 agit,
1396 382 1570 424 quorum
1587 382 1636 412 ea

76 445 291 488 asnatura
322 447 387 485 est
424 459 450 486 ια
490 460 515 488 *
558 461 584 488 *
627 449 673 485 ut
702 458 851 487 secura
878 446 1019 487 velint.

1079 445 1262 488 Transeo
1294 446 1345 488 ad
1381 446 1555 488 formam
1596 449 1637 486 et

145 518 489 579 consuetudinem
519 524 705 561 veterum
735 520 997 571 iudiciorum,
1027 532 1133 574 quae
1164 521 1242 562 etsi
1269 533 1378 561 nunc
1409 519 1543 573 aptior
1575 522 1639 561 est

145 593 324 645 veritati,
354 593 632 648 eloquentiam
662 598 799 636 tamen
837 595 934 636 illud
968 595 1101 636 sorum
1135 595 1268 649 magis
1299 594 1554 646 exercebat,
1594 593 1669 635 ins

145 677 227 720 quo
261 679 383 709 nemo
415 668 522 710 intra
552 669 823 722 paucissimas
854 669 978 711 horas
1009 682 1210 723 perorare
1246 669 1476 724 cogebatur
1505 671 1546 708 et
1581 667 1639 708 li-

145 740 273 784 berae
299 743 761 796 comperendinationes
789 748 920 795 erant,
954 748 992 784 et
1013 743 1179 785 modum
1212 743 1381 785 dicendi
1411 742 1491 784 sibi
1522 742 1640 796 quis-

147 827 230 871 que
243 817 447 871 sumebat,
469 821 511 858 et
533 830 727 860 numerus
746 830 882 872 neque
903 818 1062 859 dierum
1080 831 1214 872 neque
1230 822 1499 872 patronorum
1517 816 1641 858 linie-

145 889 280 941 batur.
314 890 473 932 Primus
504 891 609 933 haec
632 893 754 933 tertio
777 892 993 934 consulatu
1011 892 1175 934 Gnaeus
1195 892 1411 945 Pompeius
1433 890 1639 942 astrinxit,

146 963 422 1019 imposuitque
450 965 579 1007 veluti
607 966 751 1008 frenos
780 965 1072 1019 eloquentiae,
1104 966 1160 1006 ita
1193 970 1332 1006 tamen
1362 970 1407 1006 ut
1433 965 1571 1006 omnia
1600 964 1641 1004 in
1659 981 1697 1008 ιο

147 1039 259 1093 for0,
289 1041 428 1082 omnia
459 1040 637 1096 legibus,
669 1041 807 1083 omnia
840 1040 945 1094 apud
973 1043 1189 1094 praetores
1217 1044 1463 1094 gererentur
1472 1052 1483 1089 ;
1536 1038 1643 1092 apud

149 1124 254 1168 quos
285 1119 439 1169 quanto
474 1116 632 1158 maiora
658 1116 829 1171 negotia
862 1115 958 1156 olim
996 1115 1188 1156 exerceri
1223 1114 1345 1156 solita
1384 1114 1489 1167 sint,
1535 1112 1645 1167 quod

228 1281 262 1315 2.
289 1280 483 1315 nobilitatis
509 1280 634 1314 ultimo
662 1282 676 1314 i
702 1290 877 1324 superscr.
905 1292 924 1312 v
951 1279 987 1322 P,
1018 1279 1219 1313 nobilitatus
1244 1278 1293 1312 F:
1324 1278 1477 1312 correxit
1493 1277 1645 1320 Lipsius.

152 1329 187 1364 3.
217 1328 335 1363 hiatus
361 1330 465 1374 signa
490 1334 571 1362 sunt
598 1329 641 1362 ab
669 1329 830 1362 editore:
872 1327 1053 1362 intercidit
1091 1338 1216 1361 versus
1244 1327 1295 1360 sic
1322 1326 1398 1360 fere
1426 1324 1646 1369 explendus:

150 1383 190 1412 ut
215 1377 306 1411 alios
328 1377 548 1423 periclitari,
585 1377 674 1411 alios
696 1377 865 1422 periculis
890 1377 1042 1418 iactari,
1081 1376 1148 1409 sibi
1171 1382 1209 1410 ut
1233 1386 1359 1409 secura
1382 1373 1501 1408 velint.
1610 1372 1645 1408 4.

135 1427 271 1473 *aptior
294 1432 345 1460 est
368 1427 420 1459 ita
445 1429 510 1460 erit
538 1426 745 1470 eloquentia.
782 1432 896 1459 tamen
924 1426 980 1469 (in
1006 1423 1033 1457 F
1060 1429 1156 1458 tanto
1183 1434 1246 1468 pro
1272 1426 1406 1469 tamen)
1421 1421 1497 1455 FP:
1524 1431 1648 1456 corre-
1670 1460 1674 1464 ,

155 1475 208 1508 xit
233 1475 322 1509 nod.
349 1474 530 1520 Agricola.

157 1523 299 1557 dicendi
323 1527 468 1557 veteres
498 1523 686 1557 editiones.

158 1573 387 1616 superposito
413 1573 450 1606 in
477 1571 547 1605 fine
576 1583 595 1604 o
622 1571 658 1605 P.

156 1699 247 1735 anda
273 1705 390 1734 autem
411 1699 574 1734 Rhenani
604 1699 811 1733 coniectura
835 1704 870 1732 ut

156 1761 283 1783 secura
307 1748 439 1791 nolint,
479 1749 564 1782 item
591 1747 785 1793 Agricolae
812 1748 871 1780 in-

157 1797 348 1841 terpolatio
371 1802 408 1830 ut
434 1796 539 1830 dubia
564 1796 721 1837 laudent,
746 1806 872 1829 secura

156 1846 289 1880 nolint.-
316 1857 396 1880 nam
424 1845 532 1879 velint
558 1843 648 1878 nulli
675 1845 871 1888 suspicioni

158 1895 352 1928 obnoxium
383 1899 448 1928 est.
485 1892 619 1927 Eodem
646 1893 757 1938 igitur
782 1892 871 1925 vitio

158 1943 297 1977 laborat
321 1942 474 1976 Acidalii
512 1943 696 1975 inventum
730 1946 768 1974 ut
806 1940 873 1974 du—

159 1992 219 2026 bia
243 1991 400 2034 laudent,
425 2001 551 2025 secura
576 1989 712 2023 malint.

230 2061 318 2107 Cap.
335 2061 396 2098 38.
434 2062 551 2107 aptior
575 2066 624 2095 est
647 2060 808 2094 veritati:
838 2056 872 2091 h.

160 2122 192 2145 o.
219 2116 258 2144 ut
285 2121 408 2145 verum
445 2109 664 2154 exploretur.
726 2107 764 2141 ln
793 2116 874 2140 cor-

159 2165 262 2204 rupta
288 2161 463 2203 scriptura
488 2161 541 2192 ita
567 2159 633 2191 aeit
660 2155 874 2200 explendum

162 2213 215 2241 est
241 2209 293 2241 ita
325 2209 417 2240 uerit
449 2213 486 2249 (u
511 2207 645 2240 interiit
681 2209 761 2248 post
794 2205 874 2248 ita),

162 2255 255 2300 unde
284 2255 413 2289 litteris
447 2255 483 2287 in
520 2254 679 2287 ordinem
709 2252 876 2294 repositis

161 2309 290 2348 sponte
327 2304 402 2337 exit
437 2302 606 2342 veritati,
649 2305 687 2332 ut
721 2299 875 2332 coniecit

161 2351 345 2398 Agricola.
395 2349 465 2384 Sed
492 2361 534 2382 ez
560 2349 627 2382 hac
653 2349 765 2392 prima
793 2356 876 2379 cor-

162 2400 302 2446 ruptela
325 2403 454 2444 sponte
481 2401 673 2431 consecuta
699 2400 752 2429 est
770 2403 875 2436 nova,

162 2449 360 2494 eloquentia
383 2457 447 2492 pro
474 2446 716 2490 eloquentiam.

234 2520 332 2553 intra
366 2517 598 2564 paucissimas
642 2515 772 2548 horas.-
817 2525 876 2547 re-

164 2569 271 2612 spicit
293 2568 347 2600 sui
374 2566 544 2610 temporis
569 2562 875 2602 consuetudinem,

165 2626 233 2661 qua
262 2626 305 2649 ex
333 2615 551 2658 praescripto
578 2611 670 2656 legis
690 2611 877 2654 Pompeiae

165 2675 196 2698 a.
213 2665 283 2699 702
302 2663 397 2696 latae
419 2665 605 2695 accusator
623 2658 771 2701 duabus,
796 2668 878 2691 reus

166 2712 278 2746 tribus
322 2711 418 2744 horis
460 2718 627 2754 perorare
670 2706 877 2753 cogebatur.

97 2783 109 2793 .
165 2760 234 2795 Dio
271 2759 328 2793 XL
354 2760 427 2794 52:
458 2758 601 2805 χρόνον
639 2768 678 2792 τε
721 2757 773 2802 τῷ
807 2755 879 2802 μὲν

167 2808 342 2845 διώκοντι
372 2807 438 2842 δύο
467 2806 589 2850 ὥρας,
626 2805 678 2852 τῷ
712 2804 751 2839 δὲ
782 2803 879 2850 (μύ-

166 2870 276 2906 γοντι
324 2863 422 2901 τρεῖς
466 2855 651 2890 δι’ὐοσθαι
695 2853 877 2888 ἐκέλευσε.

169 2905 296 2941 Cicero
322 2906 358 2938 in
386 2904 495 2937 Bruto
535 2914 564 2936 c.
593 2901 665 2936 94:
704 2911 780 2934 cum
806 2899 879 2945 lege

610 1475 645 1509 6.
671 1473 779 1508 horas
804 1474 906 1507 deest
931 1473 967 1514 P,
993 1472 1101 1506 horas
1127 1487 1151 1516 ς
1179 1472 1218 1507 F.

762 1522 796 1557 9.
824 1522 913 1555 llaec
941 1521 990 1554 F:
1018 1521 1077 1554 liic
1101 1520 1138 1555 P.

1331 1473 1364 1506 7.
1396 1470 1542 1504 dicendo
1569 1469 1645 1503 FPt

1215 1522 1279 1555 Gn.
1306 1520 1342 1553 P.
1439 1520 1495 1554 12.
1517 1523 1650 1563 quanta

939 1697 1105 1742 Pompeia
1130 1696 1238 1729 ternis
1264 1695 1359 1729 horis
1391 1693 1439 1727 ad
1469 1692 1651 1727 dicendum

941 1746 1030 1779 datis
1056 1745 1103 1778 ad
1128 1755 1253 1777 causas
1276 1741 1472 1777 simillimas
1495 1742 1589 1774 inter
1614 1752 1650 1774 se

941 1815 985 1820 —
1011 1793 1232 1827 veniebamus
1259 1790 1420 1835 quotidie.
1450 1789 1552 1823 conr.
1576 1787 1651 1822 Pli-

940 1844 1020 1875 nius
1044 1841 1156 1885 Epist,
1189 1841 1233 1874 vt
1263 1842 1303 1875 2:
1341 1850 1390 1872 an
1417 1850 1480 1871 nos
1507 1838 1651 1883 sapien-

942 1892 1047 1924 tiores
1087 1890 1277 1923 maioribus
1310 1886 1471 1921 nostris?
1501 1897 1565 1919 nos
1597 1884 1651 1918 Ie-

940 1940 1037 1984 9ibus
1062 1939 1144 1984 ipsis
1170 1938 1357 1978 iustiores,
1396 1946 1484 1980 quae
1510 1939 1557 1968 tot
1585 1933 1652 1966 ho-

940 1999 1014 2030 ras,
1041 1993 1088 2021 tot
1116 1987 1210 2028 dies,
1235 1990 1282 2019 tot
1311 1982 1653 2029 comperendinatio-

925 2048 1004 2070 ,nes
1029 2033 1262 2080 largiuntur?
1301 2032 1436 2066 hebetes
1460 2030 1516 2064 itti
1540 2035 1571 2063 et
1592 2041 1654 2063 su-

938 2096 1009 2131 pra
1036 2083 1171 2117 modum
1204 2081 1326 2116 tardi?
1371 2079 1507 2114 Nomen
1534 2078 1653 2118 horas,

944 2132 1037 2178 qnod
1063 2133 1096 2165 in
1123 2130 1317 2174 exemplari
1337 2128 1544 2162 Germanico
1572 2137 1654 2159 oras

945 2186 1123 2214 exaratum
1153 2190 1231 2212 esse
1258 2178 1410 2211 coniicio
1427 2201 1436 2216 ,
1462 2179 1544 2207 ante
1568 2183 1654 2217 pro-

944 2231 1076 2262 ximum
1098 2237 1292 2272 per-orare
1319 2224 1437 2256 omisit
1463 2221 1652 2255 Fontanus.

1017 2297 1135 2330 onmia
1168 2296 1207 2328 in
1230 2297 1338 2339 soro:
1374 2294 1409 2327 in
1445 2291 1523 2326 soro
1557 2292 1653 2325 etin

944 2346 1113 2389 publico,
1149 2354 1219 2376 non
1246 2344 1280 2376 in
1311 2341 1496 2376 auditoriis
1532 2344 1567 2373 et
1597 2343 1654 2372 ta-

945 2393 1092 2427 bulariis
1118 2394 1215 2436 (cap.
1243 2391 1323 2436 39).
1374 2389 1490 2424 Aliter
1515 2389 1655 2430 accepit

944 2440 1197 2475 Doederlinius
1246 2440 1305 2484 qui
1352 2437 1566 2471 annotavit:
1604 2436 1655 2468 ‘in

944 2492 1047 2535 soro,
1087 2499 1128 2522 ac
1162 2497 1232 2521 non
1266 2488 1301 2520 in
1329 2485 1491 2520 domibus
1518 2484 1654 2528 princi-

946 2548 1057 2582 pum,
1097 2541 1134 2569 ut
1171 2545 1253 2569 mox
1291 2535 1455 2568 defensio
1494 2532 1653 2566 Deiotari

946 2588 1043 2632 regis
1069 2586 1106 2619 in
1131 2584 1234 2618 domo
1262 2580 1447 2616 Caesaris'.
1476 2580 1542 2613 Sed
1559 2579 1653 2612 Mes-

946 2634 1022 2668 sala
1061 2634 1243 2677 antiquum
1280 2635 1417 2673 tempus
1456 2633 1491 2662 et
1524 2636 1653 2660 :novum

948 2682 1151 2726 componit,
1192 2689 1260 2712 non
1301 2679 1396 2711 varia
1434 2675 1653 2720 antiquitatis

946 2735 1136 2764 momenta.

1018 2799 1135 2833 omnia
1159 2796 1252 2842 apud
1271 2799 1477 2841 praetor-est
1510 2803 1554 2826 ex
1590 2790 1656 2825 ad-

948 2858 1052 2882 verso
1072 2846 1206 2892 cogitat
1231 2844 1275 2878 de
1288 2843 1341 2876 sui
1361 2841 1529 2885 temporis
1543 2849 1655 2885 qnae..

948 2895 1123 2930 stionibus
1150 2903 1267 2928 coram
1292 2890 1452 2938 patribus
1477 2893 1513 2923 et
1537 2889 1572 2922 in
1591 2898 1656 2921 cu-
