1768 3216
730 223 997 260 PRAEFATIO.
1553 221 1614 256 XV

126 348 172 389 ut
198 344 379 397 videtur,
411 343 493 387 iam
522 343 564 384 in
595 343 763 397 antiquo
797 341 1026 396 exemplari
1054 344 1244 384 notataez
1274 346 1371 382 nam
1401 339 1506 381 duos
1535 349 1619 380 ve·-

119 423 233 461 teres
264 419 395 461 libros
423 417 651 472 Pomponio
684 416 736 459 ad
768 427 932 458 manum
963 415 1095 458 fuisse
1133 415 1205 457 vix
1247 413 1503 457 credendum
1547 413 1617 455 vi-

122 493 256 536 detur.
301 494 346 536 Iu
376 493 467 547 ipso
502 492 734 546 scripturae
766 495 963 533 contextu
985 501 1117 532 voces
1141 489 1344 544 quaedam
1360 488 1430 531 vel
1450 488 1615 530 litterae

121 568 283 623 punctis
322 567 570 610 subnotatae
608 570 648 609 et
684 566 736 608 ad
781 565 1001 608 delendum
1043 564 1319 619 consignatae
1349 566 1457 605 sunt.
1517 561 1618 603 Tam

122 642 277 685 notatis
308 642 458 684 litteris
491 653 613 696 quam
643 640 852 683 nonnullis
884 653 990 695 quae
1020 643 1162 682 notam
1202 651 1288 681 non
1327 635 1483 680 babent
1513 635 1621 678 aliae

120 716 287 759 litterae
317 717 626 771 superscriptae
655 715 935 758 inveniuntur.
1014 714 1088 757 His
1118 713 1370 768 Pomponius
1401 716 1470 755 aut
1499 721 1623 754 erro—

121 804 192 834 res
215 805 238 834 a
266 804 314 834 se
346 792 387 833 in
418 792 644 834 scribendo
668 791 915 833 commissos
933 793 1001 832 aut
1030 793 1172 844 aperta
1204 788 1365 830 codicis
1392 786 1493 829 vitia
1524 796 1625 828 cor-

122 867 267 922 rigere
312 867 499 908 tentavit.
560 867 786 920 Antiquum
831 865 976 907 vitium
1023 864 1094 905 ille
1138 862 1332 918 repetivit
1375 874 1412 903 c.
1445 862 1469 903 7
1513 860 1622 902 inter

123 945 368 995 praeturam
396 945 666 994 quaesturam
694 953 747 981 ac
776 939 1044 988 tribunatum,
1076 937 1152 980 sed
1195 949 1294 979 mox
1332 935 1625 979 animadvertit

122 1020 372 1070 praeturam
399 1027 620 1070 perperam
652 1015 805 1056 adesse
834 1013 1082 1068 punctisque
1111 1011 1337 1066 suppositis
1368 1022 1518 1052 vocem
1549 1021 1624 1051 su-

124 1100 376 1146 pervacuam
406 1089 626 1132 delendam
658 1088 910 1144 designavit.
970 1088 1060 1129 Hoc
1091 1086 1289 1128 mendum
1319 1098 1343 1127 e
1374 1089 1518 1127 vetere
1549 1083 1621 1125 illo

127 1165 279 1208 codice
306 1169 580 1220 propagatum
613 1176 708 1206 esse
736 1163 835 1205 hinc
868 1162 1039 1217 colligo,
1073 1161 1183 1216 quod
1217 1161 1327 1202 idem
1359 1158 1625 1204 aPuteolano

128 1241 348 1283 toleratum
378 1252 474 1282 esse
503 1240 629 1282 video
652 1245 679 1281 ¹.
740 1237 854 1280 Idem
885 1238 1134 1292 Pomponius
1162 1248 1199 1278 c⁶
1233 1236 1285 1279 10
1315 1240 1528 1278 auctorem
1543 1247 1625 1277 ve-

133 1320 264 1358 terem
285 1315 465 1358 “secutus
500 1314 669 1368 scripsit
699 1313 862 1367 itaque,
891 1313 967 1355 sed
1004 1312 1125 1367 paulo
1153 1315 1248 1365 post
1277 1311 1515 1365 intelligens
1548 1321 1627 1363 que

134 1402 230 1433 esse
259 1401 338 1444 pro
359 1401 442 1449 quq
460 1395 684 1442 (ssquae)
717 1388 817 1429 illud
847 1387 1011 1442 punctis
1042 1386 1202 1428 notavit
1233 1390 1274 1427 et
1303 1396 1383 1444 quq
1416 1392 1623 1439 superpo-

128 1465 223 1507 suit.
285 1465 346 1506 lbi
378 1463 420 1505 in
457 1468 603 1506 vetere
633 1463 785 1505 codice
817 1462 949 1505 fuisse
990 1465 1088 1516 puto
1128 1460 1187 1502 ita
1227 1472 1306 1513 que
1343 1460 1428 1501 leni
1466 1458 1628 1501 macula

131 1551 302 1595 aspersa
332 1551 408 1593 pro
440 1538 500 1579 ita
530 1550 631 1596 que:
683 1538 781 1580 hinc
823 1537 964 1579 scriba
1005 1534 1166 1577 codicis
1198 1535 1336 1577 statim
1367 1533 1628 1577 memorandi

131 1648 215 1698 (Δ)
245 1648 363 1687 recte
395 1642 510 1686 dedit
536 1641 597 1683 ita
624 1654 744 1696 quae,
776 1642 1026 1696 Pomponius
1057 1603 1208 1714 ἰταὲἔῖἓ,
1240 1637 1489 1684 Puteolanus
1520 1639 1627 1682 falso

133 1714 315 1773 explevit
344 1719 484 1772 itaque
513 1730 632 1771 quae.
693 1717 788 1758 Alia
816 1715 1020 1758 vocabula
1052 1728 1274 1771 perperam
1303 1715 1481 1769 repetita
1523 1718 1564 1755 et
1603 1726 1627 1755 a

130 1791 357 1847 Pomponio
387 1792 552 1846 punctis
581 1794 739 1844 notata,
769 1802 875 1844 quae
907 1802 1045 1844 neque
1077 1789 1183 1843 apud
1204 1788 1472 1831 Puteolanum
1495 1800 1632 1842 neque

135 1867 178 1908 in
210 1867 319 1909 libro
346 1868 390 1910 A
415 1870 582 1921 reperta
611 1869 733 1918 sunt,
783 1877 951 1907 errores
984 1877 1007 1906 a
1036 1864 1265 1918 Pomponio
1309 1867 1350 1905 et
1385 1863 1558 1905 admissi
1588 1866 1630 1905 et

134 1942 317 1984 correcti
346 1935 541 1983 videntur
571 1953 682 1994 esse,
716 1940 843 1983 veluti
871 1953 906 1982 c.
943 1939 994 1981 19
1019 1951 1101 1992 per
1129 1934 1270 1980 aliena
1299 1938 1531 1995 (exempla)
1554 1949 1632 1978 ea:-

130 2016 375 2070 perimentd‚
407 2015 462 2066 22
491 2022 633 2057 moras
665 2012 940 2072 (eruptionis)
968 2012 1209 2065 obsidionis,
1238 2012 1292 2055 23
1311 2012 1490 2066 propior
1515 2011 1634 2053 sinus

139 2091 301 2145 (sinus)
335 2089 565 2144 tenebatur,
599 2089 653 2132 26
680 2089 973 2143 irrusmfflere,
1006 2088 1060 2131 29
1074 2083 1386 2142 praedatum),
1404 2087 1460 2130 32
1482 2086 1635 2128 diutius

137 2170 328 2219 (seruos)
364 2159 502 2206 hostes
527 2171 650 2219 quam
680 2176 844 2217 seruos,
876 2162 931 2206 36
962 2163 1069 2205 ictus
1094 2159 1227 2216 ferire
1260 2160 1424 2214 (ictus).

273 2246 432 2294 Codice
461 2247 503 2292 Γ
523 2251 700 2304 primum
729 2263 829 2292 usus
862 2254 924 2292 est
953 2248 1192 2300 Broterius,
1230 2252 1314 2288 tum
1344 2245 1556 2288 Dronkius
1587 2246 1631 2287 in

138 2325 297 2367 duabus
328 2324 559 2380 Agricolae
590 2323 843 2365 editionibus
876 2323 1106 2365 Confluent.
1143 2321 1278 2374 1824,
1316 2315 1470 2363 Fuldae
1507 2319 1632 2371 1844,

137 2400 362 2442 instructus
394 2395 619 2440 collatione
653 2411 676 2439 a
707 2397 999 2452 Maggioranio
1030 2399 1190 2450 parata.
1239 2390 1402 2437 Plenius
1432 2398 1474 2436 et
1503 2406 1636 2436 accu-

136 2475 267 2516 ratius
297 2469 408 2516 idem
438 2484 571 2526 nuper
597 2471 774 2513 collatus
807 2475 871 2513 est
910 2471 951 2512 in
990 2483 1109 2513 usum
1139 2470 1293 2512 Wexii.
1354 2469 1529 2511 Wexius
1570 2468 1636 2510 le-

138 2548 301 2591 ctiones
332 2547 422 2590 eius
454 2545 665 2602 evulgavit
694 2546 737 2587 in
769 2549 1075 2601 programmate
1103 2549 1201 2587 ante
1229 2549 1290 2598 (p.
1307 2538 1420 2595 x1v)
1449 2542 1632 2585 laudato.

196 2765 226 2799 ¹.
255 2763 402 2797 Wexius
429 2762 453 2797 l.
476 2774 506 2796 c.
532 2772 616 2807 pag.
645 2761 669 2796 8
695 2760 865 2795 Puteola·
917 2760 1105 2795 admodum
1122 2759 1292 2804 frequens
1310 2755 1556 2798 Puteolanum,
1568 2754 1637 2789 ho-

142 2823 225 2846 num
253 2813 332 2856 ipso
370 2810 494 2846 codice
523 2812 554 2845 Γ
582 2820 683 2843 usum
721 2820 800 2844 esse
831 2814 866 2844 et
916 2811 1047 2843 minem
1076 2809 1112 2841 in
1150 2807 1314 2852 legendis
1347 2805 1448 2839 libris
1483 2804 1638 2849 antiquis

142 2866 261 2894 notam
297 2871 317 2894 a
343 2859 538 2903 Pomponio
573 2858 768 2892 adhibitam
795 2868 865 2891 non
916 2857 1063 2890 multum
1103 2860 1138 2889 et
1174 2855 1233 2888 diu
1267 2859 1468 2896 versatum,
1509 2852 1638 2887 fallere

142 2909 368 2943 intellexisse
395 2908 492 2942 dicit.
531 2907 601 2942 Sed
626 2906 695 2940 hoc
724 2908 865 2953 signum
916 2916 987 2940 non
1014 2905 1203 2950 potuisset.

142 2957 236 3003 apud
273 2956 382 2993 Italos
437 2955 561 2993 seculo
599 2956 865 3001 quintodecimo
