1768 3216
158 233 233 269 202
741 223 771 261 H
777 221 1052 258 lSTORIARVM
1436 233 1467 260 a,
1495 233 1531 259 u.
1557 223 1642 263 822.

89 347 121 411 ἑ
157 349 303 403 Alpes,
337 359 384 388 ac
415 356 466 385 ne
495 341 679 397 pervium
702 341 781 409 Q
811 340 1070 383 Germanicis
1104 336 1358 383 exercitibus
1390 341 1523 395 foret,
1567 343 1649 402 qb-

156 424 379 487 sagpserat.
440 417 552 465 Quae
584 417 728 470 ignara
760 416 1017 470 Vespasiano
1046 420 1115 458 aut
1143 416 1297 458 vetita:
1329 412 1483 471 quippe
1511 417 1649 472 Aqui-

153 496 258 537 leiae
280 492 367 534 sisti
393 490 542 532 bellum
567 491 860 545 expectarique
877 491 1110 532 Mucianum
1142 490 1322 543 iubebat,
1357 490 1648 546 adiciebatque

152 568 322 621 imperio
356 566 596 618 consilium,
640 566 804 620 quando
836 566 1065 621 Aegyptus,
1097 566 1526 649 Clfflffl’
1570 578 1650 610 ve..

120 643 317 697 §ctigalia
357 642 757 696 opulentissimarum
803 641 1112 695 provinciarum
1163 642 1477 695 obtinerentur,
1520 653 1647 697 posse

150 717 301 759 Vitellii
334 717 560 759 exercitum
590 719 777 771 egestate
795 716 989 769 stipendii
1012 715 1291 770 frumentique
1312 716 1364 758 ad
1393 716 1648 759 deditionem

150 792 300 847 subigi.
361 792 518 834 Eadem
547 791 761 832 Mucianus
791 791 952 833 crebris
985 790 1170 844 epistulis
1202 791 1409 844 monebat,
1443 791 1648 834 incruen-
1701 782 1705 784 ’

151 870 232 909 tam
264 870 304 908 et
334 867 424 909 sine
455 867 565 908 luctu
596 866 814 907 victoriam
847 869 887 908 et
919 865 998 907 alia
1032 866 1322 908 huiuscemodi
1345 866 1646 920 praetexendo,

151 942 224 986 sed
274 941 434 998 gloriae
486 941 630 983 avidus
674 945 794 994 atque
838 953 959 982 omne
999 941 1098 983 belli
1145 941 1274 982 decus
1316 941 1397 983 sibi
1442 940 1644 984 retinens.

102 1017 342 1059 ¹⁰Ceterum
386 1029 438 1057 ex
477 1016 722 1058 distantibus
768 1020 971 1070 terrarum
1020 1016 1164 1071 spatiis
1217 1016 1394 1058 consilia
1437 1019 1534 1071 post
1577 1028 1647 1059 res

153 1093 456 1136 adferebantur.
518 1092 647 1147 Igitur
698 1092 914 1146 repentino
972 1093 1142 1134 incursu
1191 1092 1398 1134 Antonius
1445 1092 1690 1135 stationes9

152 1167 332 1209 hostium
374 1167 548 1220 inrupit,
600 1167 888 1221 temptatisque
930 1167 1012 1209 levi
1055 1167 1217 1221 proelio
1256 1167 1403 1210 animis
1435 1179 1488 1209 ex
1514 1178 1649 1221 aequo

152 1241 394 1283 discessum.
446 1241 542 1282 Mox
565 1241 745 1283 Caecina
778 1242 884 1283 inter
903 1241 1136 1294 Hostiliam,
1170 1242 1308 1284 vicum
1324 1241 1645 1295 Veronensium,

151 1319 190 1359 et
218 1316 388 1371 paludes
417 1316 576 1358 Tartari
608 1316 787 1359 fluminis
820 1321 956 1359 castra
987 1317 1228 1371 permuniit,
1263 1321 1372 1359 tutus
1398 1317 1520 1370 loco,
1553 1328 1648 1360 cum

96 1395 267 1444 ¹⁵terga
298 1391 477 1444 flumine,
509 1391 639 1432 latera
671 1391 838 1433 obiectu
867 1392 1030 1445 paludis
1062 1396 1316 1447 tegerentur.
1378 1391 1538 1442 Quodsi
1569 1391 1649 1434 ad·-

151 1465 299 1508 fuisset
328 1466 444 1520 adm,
478 1470 547 1509 aut
577 1466 750 1522 opprimi
782 1467 989 1509 universis
1010 1467 1324 1508 Vitellianorum
1351 1467 1510 1509 viribus
1541 1467 1648 1509 duae

0 362 77 411 >um

288 1604 317 1637 1.
341 1603 468 1648 obseps.
499 1603 556 1639 Or.
628 1585 675 1640 >6.
704 1610 880 1650 aegestate
907 1603 972 1639 Ma.

145 1657 223 1698 post
248 1662 303 1685 res
330 1651 379 1686 G:
405 1652 459 1686 Ma
488 1652 598 1699 p’treS,
626 1653 660 1688 id
689 1659 742 1688 est
764 1659 841 1700 post
868 1659 949 1688 tres.

149 1699 223 1737 Illa:
251 1699 278 1737 G
304 1702 445 1738 tartari.

1063 1605 1095 1639 7.
1124 1603 1210 1650 cplis
1237 1614 1315 1638 cum
1343 1603 1406 1639 lin.
1434 1602 1501 1638 Ma.
1592 1604 1647 1639 10.

1033 1655 1084 1688 12.
1113 1653 1263 1687 hostiam
1293 1651 1356 1688 Ma.
1425 1651 1480 1688 14.
1512 1652 1651 1699 curtari

150 1825 366 1870 intersaepta
376 1825 629 1859 Germanorum
652 1825 863 1858 Raetorum-

153 1885 216 1917 que
259 1873 407 1907 auxilia.
459 1873 581 1906 Restat
619 1883 705 1906 vero
754 1873 863 1915 longe

154 1923 310 1967 gravius.
361 1922 447 1954 Nam
476 1921 569 1966 quod
600 1921 710 1966 vulgo
739 1921 865 1966 legunt

149 1981 215 2015 per
243 1970 415 2011 Raetiam,
443 1969 477 2002 id
504 1980 621 2013 neque
646 1971 731 2003 satis
757 1979 864 2012 prae·-

84 2035 88 2044 ι
154 2017 234 2052 sidii
260 2028 280 2050 a
306 2016 408 2050 honis
440 2017 540 2051 libris
574 2017 705 2060 habet,
746 2028 864 2062 neque

154 2067 354 2099 sententiae
381 2066 564 2109 scriptoris
590 2065 795 2110 respondet.
833 2065 864 2098 Is

155 2115 249 2148 enim
277 2118 409 2147 tantum
437 2114 558 2148 aberat
597 2119 635 2147 ut
670 2114 737 2147 hoc
764 2114 865 2148 dice-

155 2164 232 2205 ret,
281 2164 476 2196 exercitum
514 2162 764 2197 Flavianorum
803 2173 867 2206 per

154 2211 314 2245 Raetiam
358 2216 393 2245 et
427 2212 538 2256 Alpes
569 2211 677 2245 Iulias
714 2211 866 2245 interie-

154 2264 247 2293 ctum
269 2259 392 2301 fuisse,
418 2265 456 2293 ut
476 2259 580 2294 modo
599 2260 764 2294 dilucidis
780 2270 866 2294 ver-

152 2308 207 2342 bis
248 2308 429 2351 Veronae,
476 2308 510 2342 h.
546 2320 577 2342 e.
616 2309 650 2341 in
693 2310 780 2343 urbe
815 2309 865 2342 cis

152 2357 312 2391 Raetiam
338 2358 425 2398 sita,
459 2358 571 2391 fuisse
607 2357 709 2390 nobis
737 2368 861 2391 narra-

154 2406 258 2438 verit.
315 2405 398 2438 Vitii
433 2406 537 2440 sedes
575 2407 780 2450 quaerenda
814 2410 867 2439 est

154 2454 248 2486 inter
274 2454 437 2486 Raetiam
464 2459 498 2487 et
524 2454 652 2487 Iulias:
694 2454 743 2488 ibi
770 2456 867 2487 intra

153 2500 303 2534 a'l'acito
330 2503 483 2545 positum
507 2503 556 2535 ita
575 2503 691 2546 periit,
708 2508 746 2535 ut
771 2504 867 2546 prior

154 2559 236 2593 pars
259 2550 340 2594 (int)
368 2561 387 2583 a
414 2550 653 2594 praecedente
675 2550 814 2594 syllaba
830 2552 867 2583 in

154 2610 189 2632 m
202 2598 400 2641 terminata,
415 2599 552 2644 reliqua
570 2599 613 2632 ab
626 2599 867 2644 subsequente

155 2646 430 2690 absorberetur,
473 2657 588 2693 eoque
626 2652 698 2681 tota
737 2648 867 2681 vocula

156 2695 403 2730 conficeretur.
433 2696 646 2730 Interiectus
662 2701 780 2730 autem
801 2707 865 2730 ex-

157 2746 288 2779 ercitus
315 2745 406 2778 intra
422 2745 582 2778 Raetiam
613 2743 781 2778 et'lulias
801 2745 867 2778 Al-

156 2803 219 2838 pes
266 2797 319 2826 cst
355 2795 402 2827 ita
437 2794 574 2837 positus
609 2795 789 2827 exercitus
831 2798 869 2825 ut

155 2840 252 2873 ultra
290 2842 348 2875 vel
384 2846 478 2874 trans
522 2843 637 2886 ipsum
664 2842 790 2876 Raetia
823 2842 869 2875 sit

158 2893 193 2920 et.
219 2888 330 2922 lutiae
355 2890 465 2935 Alpes
481 2917 490 2933 ,
528 2896 634 2936 atque
659 2890 728 2924 hoc
754 2892 868 2935 ipsum

159 2936 203 2969 de
240 2938 400 2971 exercitu
441 2939 639 2973 Veronensi
678 2940 866 2973 verissime

79 2997 91 3003 -
158 2985 417 3028 pronuntiatur.
450 2985 500 3022 Ibi
529 2988 623 3022 enim
650 2987 693 3023 ad
718 2992 868 3033 septen-

932 1826 1083 1859 trionem
1101 1835 1276 1859 converso
1298 1825 1334 1858 in
1350 1828 1543 1869 prospectu
1555 1822 1651 1859 Rae-

932 1875 1001 1916 tia,
1030 1875 1113 1907 item
1140 1874 1252 1907 Iuliae
1278 1874 1355 1906 sive
1383 1873 1557 1907 Carnicae
1582 1872 1650 1908 Al-

934 1933 996 1966 pes
1010 1922 1158 1956 Raetiae
1179 1921 1222 1955 ad
1242 1921 1400 1955 dextram
1419 1922 1521 1956 sitae.
1547 1921 1652 1963 Quod

934 1971 1095 2015 sequitur
1121 1981 1165 2003 ac
1179 1981 1222 2003 ne
1247 1970 1405 2015 pervium
1429 1969 1495 2002 itta
1509 1972 1650 2016 (parte)

936 2019 1157 2052 Germanicis
1189 2018 1398 2052 emercitibus
1434 2020 1552 2062 foret,
1588 2018 1651 2052 ob-

933 2073 1142 2112 saepserat,
1188 2065 1270 2099 hocv
1290 2077 1361 2100 non
1402 2066 1651 2110 accipiendum

935 2120 989 2149 est
1015 2116 1059 2149 de
1092 2115 1279 2159 praesidiis
1304 2116 1342 2148 in
1372 2114 1498 2148 Raetia
1526 2115 1651 2163 dispo-

934 2165 1012 2197 sitis
1041 2165 1167 2208 (immo
1182 2163 1353 2197 Flaviano
1381 2164 1558 2198 exercitui
1584 2174 1652 2198 cu-

934 2223 994 2246 rae
1022 2212 1145 2246 debuit
1174 2223 1274 2255 esse,
1302 2223 1348 2246 ne
1373 2222 1541 2246 numeros
1568 2221 1652 2246 suos

935 2260 1208 2307 dispergeret),
1253 2261 1316 2294 sed
1354 2261 1496 2295 Verona
1534 2260 1652 2295 valida

935 2309 1077 2343 colonia
1106 2315 1141 2343 et
1168 2309 1247 2343 loca
1274 2310 1505 2343 circumiecta
1520 2309 1564 2343 ab
1584 2319 1652 2343 ex..

936 2359 1049 2392 ercitu
1074 2362 1249 2402 occupata
1272 2357 1411 2392 Italiam
1438 2358 1481 2392 ab
1509 2358 1651 2392 exerci-

935 2408 1029 2441 tibus
1074 2406 1293 2440 Germanicis
1334 2411 1444 2440 tutam
1487 2410 1652 2451 praesta-

935 2456 1032 2489 bant.
1083 2455 1275 2499 Reliquum
1312 2459 1366 2488 est
1398 2459 1437 2487 ut
1462 2455 1651 2499 praeposi-

935 2505 1043 2536 tionis
1070 2504 1167 2536 intra
1193 2503 1329 2535 nomini
1349 2503 1571 2546 postpositae
1585 2513 1651 2536 ex-

937 2551 1054 2595 empla
1103 2550 1276 2584 nonnulla
1317 2562 1361 2584 ex
1409 2552 1487 2595 ipso
1531 2550 1651 2584 Tacito

937 2600 1123 2634 ascribam.
1156 2599 1205 2633 111
1230 2600 1298 2634 75:
1329 2599 1396 2642 illi,
1425 2600 1515 2644 quod
1539 2610 1651 2646 prae-

937 2654 1052 2682 turam
1076 2650 1173 2682 intra
1203 2648 1305 2690 stetit,
1334 2648 1586 2683 commendatio
1610 2660 1654 2682 ex

936 2698 1070 2731 iniuria
1094 2709 1105 2740 ,-
1153 2697 1260 2741 paulo
1305 2697 1410 2731 aliter
1458 2696 1545 2732 ibid.
1582 2697 1651 2732 72:

938 2752 1113 2790 tamquam
1140 2754 1180 2781 ι,
1220 2751 1320 2779 tanta
1347 2747 1398 2780 vis
1423 2757 1532 2780 unum
1555 2746 1654 2780 intra

939 2794 1101 2828 damnum
1124 2795 1281 2828 stetisset.
1318 2793 1372 2828 De
1399 2804 1491 2828 voce
1518 2804 1537 2827 a
1562 2793 1653 2828 dua-

938 2842 1002 2876 bus
1042 2843 1200 2887 partibus
1244 2853 1367 2876 arrosa
1415 2847 1450 2877 et
1487 2841 1653 2876 confecta

938 2891 1010 2925 vid.
1038 2897 1158 2926 annot.
1188 2891 1231 2926 ad
1258 2890 1321 2924 ΧΠ
1343 2892 1401 2925 31.
1599 2917 1603 2921 .

1017 2940 1214 2987 Aegyptus,
1266 2939 1424 2974 claustra
1459 2949 1652 2974 annonae.-

939 2988 984 3023 ct'.
1014 2987 1044 3022 ll
1068 2989 1124 3025 59.
