1768 3216
150 242 223 277 ωε
436 222 446 237 ‘
723 232 1025 269 nis'romAuvn
1427 246 1460 269 a.
1486 243 1522 269 u.
1547 233 1634 272 822.

138 356 369 398 haesurum.
426 355 475 395 Et
521 351 695 404 opprimi
743 354 960 403 poterant,
1008 350 1043 392 si
1090 349 1187 390 hino
1230 348 1507 410 Hordeonius⁴
1536 348 1636 393 iude

140 430 303 481 Gallus,
348 428 470 468 motis
511 426 717 479 utrimque
747 425 904 478 copiis,
945 425 1107 466 medios
1136 420 1399 466 clausissent.
1460 423 1636 467 Flaccus

137 503 273 544 omisit
313 502 544 554 inceptum,
582 500 757 553 aliisque
800 499 950 541 litteris
991 499 1151 541 Gallum
1189 499 1348 541 monuit
1376 503 1430 540 uo
1458 501 1639 550 terreret

135 576 347 617 abeuntes.
408 573 525 615 Unde
563 573 748 627 suspicio
780 578 930 628 sponte
968 574 1203 628 legatorum
1249 573 1424 615 excitari
1467 572 1636 625 bellum,

101 651 367 702 scunctaque
392 659 497 702 quae
525 647 770 689 acciderant
801 653 874 690 aut.
900 648 1215 700 metuebantur,
1249 659 1335 689 non
1369 647 1522 690 inertia
1554 646 1638 689 mi-

130 723 213 764 litis
256 734 391 776 neque
433 722 613 764 hostium
657 723 697 763 vi
739 723 813 764 sed
854 723 1002 764 fraude
1048 723 1198 764 ducum
1245 723 1433 764 evenire.
1491 721 1707 766 Batavi2o

134 810 225 838 cum
260 797 409 838 castris
436 796 727 839 Bonnensibus
757 797 1112 851 propinquarent,
1149 798 1409 852 praemisere
1452 797 1523 852 qui
1549 795 1639 839 He·—

128 872 279 913 rennio
308 871 425 912 Gallo
458 871 651 913 mandata
685 871 919 913 cohortium
951 876 1195 926 exponeret.
1235 872 1398 914 Nullum
1429 872 1510 914 sibi
1540 871 1638 913 bel-

129 945 213 987 lum
239 946 440 987 adversus
473 946 698 998 Romanos,
731 958 807 1000 pro
839 947 986 1000 quibus
1019 948 1172 989 totiens
1203 947 1460 990 bellassent:
1506 946 1636 1001 longa

80 1011 255 1073 mat'que
285 1020 407 1061 inrita
442 1020 584 1061 militia
624 1020 748 1061 fessis
788 1022 949 1073 patriae
987 1025 1110 1075 atque
1149 1021 1222 1063 otii
1254 1021 1492 1075 cupidinem
1524 1031 1634 1063 esso.

132 1094 175 1137 Si
206 1106 329 1135 nemo
363 1094 600 1146 obsisteret,
635 1095 849 1136 innoxium
885 1096 963 1136 iter
995 1096 1109 1137 sore:
1152 1096 1217 1137 sin
1248 1109 1363 1138 arma
1395 1097 1636 1146 occurrant,

131 1168 245 1209 ferro
276 1169 383 1210 viam
416 1169 671 1210 inventuros.
735 1170 1008 1212 Cunctantem
1039 1170 1220 1225 legatum
1254 1171 1407 1212 milites
1435 1169 1637 1224 pei-pule·-

130 1246 246 1294 rant,
279 1243 484 1284 fortunam
516 1243 666 1296 proelii
698 1245 972 1298 experiretur.
1036 1245 1131 1286 Tria
1163 1245 1274 1286 milia
1305 1244 1639 1299 legionariorum

132 1321 172 1357 et
199 1317 491 1359 tumultuariae
524 1318 746 1373 Belgarum
779 1320 1002 1373 cohortes,
1052 1320 1173 1362 simul
1219 1331 1479 1375 paganorum
1527 1318 1642 1362 lixaa

81 1397 118 1426 ¹⁵
139 1403 312 1445 rumque
343 1393 494 1447 ignava
522 1393 595 1434 sed
628 1404 789 1447 procax
818 1399 914 1435 ante
955 1395 1185 1448 periculum
1225 1407 1394 1447 manus,
1441 1394 1636 1437 omnihus

129 1466 260 1519 portis
282 1461 515 1526 'rumpunt⁷
556 1471 600 1507 ut
639 1467 819 1509 Batavos
859 1480 1033 1510 numero
1070 1470 1251 1523 impares
1283 1469 1634 1512 circumfundant-¹.

0 1587 6 1596 l
130 1539 192 1580 Illi
222 1522 587 1599 veteres-*militiae
627 1542 668 1583 in
701 1554 860 1585 cuneos
900 1548 1240 1599 congregantur,
1290 1545 1411 1587 densi
1451 1544 1637 1599 undique

0 1604 77 1676 '¹41
131 1617 170 1654 et
217 1613 398 1655 frontem
445 1619 645 1669 tergaque
692 1629 742 1658 ac
783 1617 888 1658 latus
929 1618 1016 1658 tuti.
1078 1618 1147 1660 Sic
1186 1623 1353 1660 tenuem
1394 1622 1635 1661 nostrorum

0 1692 91 1739 psl&-
133 1687 266 1728 aciem
297 1688 574 1742 perfringunt.
626 1689 879 1732 Cedentibus
910 1691 1051 1746 Belgis
1071 1691 1237 1745 pellitur
1264 1693 1395 1748 legio,
1429 1697 1471 1735 et
1483 1693 1635 1735 vallum

7 1776 42 1799 τ.
80 1765 356 1815 noportasque
387 1762 538 1815 trepidi
568 1763 777 1816 petebant.
840 1764 900 1805 lbi
948 1765 1167 1818 plurimum
1205 1766 1364 1808 cladis:
1402 1767 1635 1810 cumulatae
1679 1781 1681 1785 ’

0 1830 378 1889 ttssffsgcorporibus
411 1837 552 1878 fossae
563 1850 574 1887 ;
605 1850 684 1878 nec
718 1839 849 1880 caede
878 1843 1032 1881 tantum
1065 1845 1105 1881 et
1126 1841 1383 1895 vulneribus,
1415 1843 1491 1884 sed
1514 1843 1635 1885 ruina

134 1913 174 1949 et
203 1910 289 1951 suis
320 1910 509 1964 plerique
541 1911 632 1952 telis
660 1912 872 1954 interiere.
935 1915 1125 1957 Victores
1156 1916 1323 1958 colonia
1345 1907 1635 1972 Agrippinen-

271 2041 305 2074 2.
333 2041 503 2085 utrimque
531 2040 601 2075 Ma:
639 2041 666 2076 G
690 2045 862 2088 utrinque.
966 2046 1000 2080 3.
1029 2047 1187 2092 inceptas
1214 2046 1279 2082 Ma.
1358 2053 1509 2083 terreret
1536 2041 1636 2092 (ΪΜΠ,

132 2093 264 2121 teneret
290 2088 493 2123 Rhenanus.
571 2088 605 2124 7.
639 2091 870 2126 hamensibus
895 2091 990 2136 GMa,
1019 2105 1090 2128 non
1118 2095 1257 2130 bonens.
1337 2096 1528 2134 herr-ennio
1551 2092 1636 2132 'Mag‘

132 2135 159 2169 G
185 2135 367 2171 herennio.
471 2138 524 2172 10.
552 2139 658 2172 ὑπή-εἰη
685 2139 742 2174 Or.
847 2143 901 2175 11.
931 2149 1101 2176 ocem-ant
1128 2141 1191 2178 Ma.
1301 2146 1354 2179 12.
1383 2151 1540 2179 cunctem
1565 2144 1631 2190 Ma,

131 2190 330 2218 comantem
355 2185 393 2219 G.
463 2186 517 2220 16.
549 2195 712 2232 rumpunt
740 2187 812 2222 Ma:
839 2197 1023 2235 erumpunt
1049 2191 1087 2224 G.
1118 2192 1270 2226 fortasse
1298 2192 1366 2226 fuit
1389 2201 1632 2239 prorumpunt.

130 2233 202 2277 inp.
230 2231 296 2266 Ma.
399 2234 453 2268 18.
482 2241 681 2268 nostrorum
707 2239 819 2271 aciem
849 2237 950 2272 Gilia:
983 2241 1095 2274 aciem
1119 2247 1318 2275 nostrorum
1344 2241 1537 2275 Rhenanus
1564 2243 1634 2276 im-

131 2281 336 2323 prudenter.
401 2283 455 2318 19.
485 2283 614 2316 ballum
636 2283 699 2318 Ma.
777 2289 836 2322 21.
868 2288 968 2321 caedi
994 2287 1069 2322 Ma:
1100 2288 1126 2322 G
1153 2289 1272 2324 caede.
1340 2289 1540 2324 volneribus
1571 2289 1629 2326 Or.

129 2330 187 2363 22.
215 2330 362 2363 interire
389 2330 464 2364 Ma:
491 2332 658 2366 interiere
686 2332 724 2366 G.

127 2443 287 2486 peditatu
315 2445 514 2480 cohortium
534 2447 654 2491 plures
678 2449 713 2481 in
741 2451 845 2494 equi..
915 2452 994 2492 sita,
1023 2462 1115 2496 quae
1142 2451 1263 2495 oppidi
1291 2452 1342 2486 ibi
1365 2456 1546 2490 nascentis
1566 2466 1632 2490 oe·-

127 2496 182 2524 tes
207 2491 475 2537 allegerentnr‚
520 2501 624 2530 aucta
667 2498 845 2541 stipendia
915 2502 1094 2533 casioneni
1123 2500 1334 2543 praebuere.

128 2541 301 2574 merituri.
976 2548 1049 2580 tria
1075 2547 1174 2580 milia
1199 2547 1499 2593 leyionariomm:
1525 2553 1631 2586 etiam

201 2589 286 2632 Cap.
315 2591 374 2624 20.
427 2592 553 2625 castris
581 2593 844 2627 Bonnensibus.-
915 2597 1049 2638 primae
1090 2595 1246 2641 legionis
1285 2597 1389 2631 multi
1423 2598 1556 2634 milites
1594 2602 1631 2635 in

127 2636 325 2679 imperante
338 2639 500 2683 Augusto
533 2639 721 2674 et'l'iberio
744 2643 845 2685 prin-
912 2642 1049 2676 Italiam
1077 2653 1098 2675 av
1130 2644 1330 2678 Vitellianis
1356 2645 1512 2683 abducti.
1541 2647 1632 2683 Hinc

130 2685 209 2727 cipe
236 2684 334 2731 legio
363 2687 475 2730 prima
509 2689 543 2720 in
572 2689 712 2722 civitate
739 2689 845 2724 Ubio-
915 2692 992 2724 eius
1020 2692 1176 2737 legionis
1211 2703 1282 2727 non
1321 2695 1388 2728 nisi
1426 2697 1493 2730 tria
1533 2696 1633 2732 milit

64 2773 66 2776 .
128 2743 206 2766 rum
231 2733 290 2767 vel
315 2734 358 2767 ad
385 2747 489 2769 (arcun
519 2736 683 2771 Ubiorum
716 2738 846 2772 tende-
915 2739 949 2773 h.
982 2740 1005 2774 l.
1035 2747 1276 2776 numerantur.

128 2779 188 2813 hat
220 2781 287 2826 (cf.
316 2783 357 2815 ad
386 2783 400 2817 1
424 2784 511 2830 39),
557 2796 649 2830 quae
673 2791 754 2829 post
781 2797 844 2820 co-
981 2789 1136 2823 omnibus
1159 2792 1270 2835 portis
1296 2798 1482 2837 rumpunt:
1509 2803 1630 2827 sanum

128 2826 226 2861 Ionia
263 2830 601 2875 Agrippinensium,
652 2834 715 2867 sed
760 2840 845 2869 tunc
916 2846 995 2869 esse
1033 2838 1242 2881 scripturam
1280 2849 1351 2872 non
1389 2841 1522 2884 credo,
1567 2841 1631 2876 sed

130 2874 254 2910 Bonna
287 2879 345 2912 vel
380 2885 493 2914 castra
518 2881 723 2916 Bonnensia
751 2893 845 2917 non-
915 2886 1013 2927 optio
1042 2887 1135 2919 inter
1161 2893 1355 2933 erumpunt,
1383 2894 1421 2921 ut
1449 2890 1486 2923 in
1506 2889 1546 2933 G,
1572 2894 1643 2925 ut«->

130 2922 209 2956 dum
238 2931 349 2960 erant.
398 2927 591 2963 Interiecto
618 2935 779 2975 tempore
807 2933 845 2966 in
915 2943 983 2977 que
1009 2938 1243 2981 prorumpunt
1266 2935 1362 2981 quod
1387 2942 1456 2983 ego
1482 2943 1631 2983 praem-

129 2973 281 3017 regione
306 2974 483 3010 Bonnensi
513 2988 607 3014 nova
630 2985 745 3015 castra
775 2990 844 3026 po-
914 2980 1041 3026 lerim3
1076 2983 1122 3017 cf.
1149 2984 1217 3020 34:
1259 2984 1317 3019 itu
1341 2986 1497 3021 omuibus
1518 2988 1631 3035 portis
