1768 3216
96 206 121 234 a
141 194 270 234 ὓ.“70.

567 194 703 230 LIBER
727 194 791 230 lV.
842 194 929 230 Gn.
957 193 1115 231 81—82.
1525 194 1598 227 86⁴7

770 247 822 304 ξ»
824 251 901 296 {gh
938 270 986 293 ς,
1051 266 1057 269 -

1191 255 1281 288 ..ξ
1319 212 1547 285 Μΐα

97 313 352 369 pellerentur
379 312 607 364 obstantia3
637 312 697 354 illi
724 298 965 376 elaffln
985 248 1187 366 pravum
1197 313 1324 363 artus,
1355 310 1392 353 si
1419 310 1598 353 salubris

98 388 165 432 vis
204 389 476 442 adhibeatur,
521 399 648 442 posse
685 387 901 442 integrari.

101 463 245 506 divino
277 462 510 505 ministerio
539 461 770 516 principem
802 461 1003 514 electum,
1038 461 1218 515 (lenique

963 387 1008 427 ld
1040 387 1221 428 fortasse
1252 399 1285 437 c„
1329 385 1372 431 di
1402 385 1518 438 deis,
1559 389 1601 427 et

1245 397 1397 516 ἐπὶ
1425 459 1603 502 remedii

100 537 280 593 gloriam
305 548 435 591 penes
452 537 690 589 Caesarem,
724 536 836 578 inriti
867 535 1090 578 ludibrium
1121 547 1252 589 penes
1283 535 1462 577 miseros
1495 535 1600 577 fore.

100 612 230 667 lgimr
273 611 555 666 Vespasianus
601 615 749 653 cuncta
797 612 989 653 fortunae
1034 623 1136 652 suae
1178 614 1323 664 patere
1367 596 1481 652 ratus
1522 620 1634 652 nect

101 686 326 741 quidquam
354 686 462 728 ultra
492 686 765 739 incredibile,
795 687 905 728 laeto
936 686 1027 740 ipse
1053 685 1180 737 vultu,
1214 689 1356 726 erecta
1387 697 1492 739 quae
1523 683 1603 726 ad·-

101 761 238 804 stabat
267 761 539 814 multitudine,
572 761 685 803 iussa
717 762 948 815 exequitur.
993 760 1136 803 Statim
1169 772 1375 802 conversa
1408 759 1461 801 ad
1483 771 1603 801 usum

101 848 248 879 manus
260 868 272 890 ,

315 849 365 878 ac
411 848 540 878 caeco
582 837 736 878 reluxit
775 836 879 878 dies.

943 835 1193 889 Utrumque,
1240 835 1310 889 qui
1356 834 1601 887 interfuere,

100 923 211 954 nunc
242 923 407 966 quoque
439 916 684 964 memorant,
716 924 769 966 po
798 916 811 952 t
842 924 934 953 uam
967 910 1123 952 nullum
1154 909 1375 951 mendacio
1408 909 1600 963 pretium.

969 960 1200 980 ,κί”Ὓχ

1241 961 1503 981 A

30 987 238 1030 82Altior
280 987 380 1029 inde
427 987 687 1041 Vespasiano
725 987 876 1041 cupido
921 984 1102 1028 adeundi
1141 974 1305 1027 sacram
1345 984 1512 1043 sedem,
1562 988 1658 1025 utto

100 1075 226 1117 super
254 1063 382 1104 rebus
413 1062 575 1116 imperii
604 1062 858 1104 consuleret.
909 1062 1062 1103 Arceri
1093 1060 1245 1114 templo
1279 1063 1453 1101 cunctos
1475 1059 1602 1100 iubet.

100 1137 238 1191 Atque
269 1137 486 1192 ingressus
516 1136 781 1190 intentusque
812 1136 994 1188 numini,
1031 1135 1217 1188 respexit
1245 1146 1355 1188 pone
1384 1137 1547 1187 tergum
1581 1145 1604 1173 c

101 1211 352 1265 primoribus
380 1210 682 1265 Aegyptiorum
713 1210 882 1251 nomine
910 1209 1137 1262 Basiliden,
1169 1220 1291 1262 quem
1322 1206 1468 1261 procul
1501 1205 1607 1266 Ale-

100 1285 278 1327 nandria
323 1284 500 1339 plurium
542 1285 703 1327 dierum
752 1285 903 1327 itinere
945 1288 987 1326 et
1029 1295 1159 1339 aegro
1201 1294 1381 1336 corpore
1426 1280 1605 1322 detineri

101 1359 212 1402 haud
242 1359 476 1415 ignorabat.

239 1511 275 1548 2.
301 1513 483 1558 integrare
507 1510 585 1547 Ma·

104 1559 169 1610 Or.
190 1561 284 1595 idem
311 1561 416 1596 voltu.
503 1561 536 1596 9.
567 1561 680 1606 ptium
706 1559 771 1595 Ma.

104 1614 140 1643 et
164 1619 247 1644 mox
277 1609 335 1644 Or.

104 1726 255 1773 perinde
288 1725 371 1761 XVI
396 1725 422 1762 4
458 1727 580 1770 posuit
611 1725 712 1760 nulla
751 1727 822 1760 oris

105 1782 168 1811 aut
185 1776 328 1810 narium
354 1780 601 1818 excrementa,
642 1779 678 1808 et
715 1785 735 1807 a
761 1786 823 1808 sa-

46 1831 48 1838 '
106 1825 180 1860 lina
205 1829 242 1860 et
267 1835 287 1858 a
312 1824 427 1859 φημι-σι’
454 1825 598 1858 nomine
635 1823 692 1858 ele
721 1828 823 1857 anter

107 1873 304 1908 abstinens.
344 1872 435 1907 Plin.
463 1871 504 1907 N.
532 1872 574 1907 H.
603 1870 696 1907 XXV
722 1871 751 1905 ll
780 1872 822 1905 7:

110 1922 293 1956 credamus
330 1933 412 1967 erqo
452 1921 611 1954 lichenas
639 1922 824 1966 leprasque

105 1971 247 2005 ieiunae
273 1969 450 2015 (salivae)
476 1969 569 2003 illitu
595 1970 734 2003 assidue
759 1981 825 2003 ar-
875 1981 878 1983 ’

106 2020 198 2062 ceri,
244 2020 326 2053 item
363 2018 587 2064 lippitudines
607 2044 616 2061 ‚
651 2020 826 2052 matutina

106 2068 261 2113 quotidie
285 2066 380 2102 velut
404 2067 620 2102 inunctione.
681 2067 735 2101 De
761 2078 824 2100 su-

106 2115 381 2160 perstitionibus
423 2115 583 2161 Aegypti
625 2115 824 2149 incolarum

105 2176 143 2198 v.
170 2165 212 2200 H.
243 2165 255 2199 1
290 2166 346 2208 11,
375 2164 405 2198 V
431 2164 455 2198 4
483 2169 519 2198 et
548 2165 581 2198 5.
644 2164 826 2198 luvenalis

107 2213 174 2247 XV
207 2215 337 2248 1-13.
368 2212 526 2246 lustinus
556 2212 569 2246 1
597 2212 631 2255 9,
661 2212 827 2247 Clemens

106 2260 374 2295 Alexandrinus
391 2260 615 2304 Protreptico
643 2271 678 2304 p.
693 2261 739 2296 25
770 2261 824 2294 ed.

107 2308 276 2354 Sylburg.

189 2357 386 2391 existimari
424 2366 447 2389 a
472 2355 614 2389 medicis
640 2355 732 2389 iubet
773 2358 829 2401 (er

107 2404 272 2451 verlanqt
302 2406 360 2439 ein
387 2404 585 2439 Gutuckten
619 2415 687 2437 von
713 2404 827 2438 Aerz-

108 2457 209 2501 ten).·
249 2455 284 2488 in
313 2452 477 2488 Mediceo
505 2457 541 2487 et
568 2453 697 2486 ceteris
726 2452 827 2486 libris

108 2504 283 2550 (estimari
311 2501 371 2536 vel
399 2502 578 2549 extimari)
604 2501 722 2535 media
748 2501 827 2545 syl-

107 2551 190 2586 laba
216 2551 339 2595 elnpsa
373 2555 447 2584 est:
490 2561 570 2583 nam
608 2550 828 2589 existimatur

109 2611 130 2634 a
162 2600 315 2643 peritis,
360 2599 567 2632 aestimatur
609 2609 628 2631 a
667 2599 826 2632 cuiusvis

109 2649 256 2693 generis
282 2646 498 2680 hominibus.
528 2645 709 2679 Posterius
728 2652 826 2680 recte

108 2697 264 2740 positum
292 2694 371 2729 xm
401 2695 458 2728 17.
523 2693 593 2728 Sed
633 2693 675 2727 H.
704 2694 752 2727 1.v
781 2696 823 2729 7:

107 2744 283 2789 suffrayia
311 2748 343 2776 ct
370 2743 660 2776 existimationem
683 2749 826 2777 senatus

108 2798 273 2837 reperta,
314 2796 353 2825 at
375 2791 414 2824 in
441 2791 604 2834 cuiusque
629 2791 737 2825 vitam
762 2793 823 2836 fa-

108 2851 267 2884 mamque
292 2844 531 2884 penetrarent.
584 2838 675 2872 Hinc
700 2840 823 2873 existi-

107 2888 408 2934 matorfflenmer)
434 2898 496 2931 pro
523 2887 608 2920 artis
623 2889 752 2931 perito,
780 2888 822 2922 de

109 2947 179 2985 quo
206 2936 350 2973 videndi
378 2934 642 2981 lexicographi.

615 1511 644 1546 G
668 1512 855 1557 integrari.
907 1513 942 1546 4.
969 1521 1101 1557 paenes
1128 1510 1183 1543 bis
1203 1507 1269 1543 Ma.

868 1560 925 1594 14.
953 1571 1035 1606 eyro
1071 1557 1136 1593 Ma.

537 1359 810 1401 Percontatur
843 1358 1089 1400 sacerdotes
1120 1369 1218 1398 num
1248 1356 1320 1397 illo
1353 1355 1422 1398 die
1451 1354 1658 1396 Basili-15
1696 1346 1698 1349 ’

1357 1509 1390 1544 6.
1422 1509 1607 1553 quicquam

1256 1558 1312 1592 15.
1337 1563 1519 1604 perc-unct.
1550 1556 1608 1590 hic

956 1724 1055 1759 varie
1083 1723 1278 1758 disserere:
1323 1722 1414 1757 haec
1438 1722 1514 1757 noli
1542 1733 1608 1757 ac-

895 1773 1017 1818 cipere
1055 1772 1099 1807 de
1128 1774 1238 1807 variis
1263 1772 1342 1806 sive
1370 1771 1609 1816 discrepanti-

893 1823 959 1856 bus
985 1821 1204 1856 medicorum
1218 1821 1421 1864 sententiis,
1448 1820 1511 1854 sed
1531 1832 1609 1854 am-

895 1871 999 1916 bayes
1026 1881 1147 1905 eorum
1171 1870 1387 1904 denotantur
1401 1869 1610 1917 (dieder-ste

895 1920 1042 1964 hrinyen
1069 1918 1209 1953 allerlei
1234 1924 1325 1963 vor).

963 1980 1058 2002 ’tunc
1084 1978 1215 2012 quoque
1239 1973 1456 2003 memorant:
1484 1966 1609 2000 Histo-

894 2018 1024 2050 riarum
1052 2017 1164 2051 libros
1191 2028 1212 2050 a
1241 2016 1363 2050 Tacito
1392 2015 1610 2060 perscriptos

894 2076 1058 2111 magnam
1084 2070 1219 2110 partem
1247 2068 1328 2099 esse
1357 2065 1519 2109 principe
1532 2064 1610 2098 Do-

894 2115 1067 2156 mitiano,
1109 2114 1170 2147 sed
1199 2114 1386 2148 confectos
1414 2114 1611 2156 imperante

893 2162 1011 2196 Nerva
1042 2168 1077 2196 et
1102 2162 1252 2196 Traiano
1280 2164 1315 2195 in
1331 2162 1520 2195 Prooemio
1543 2171 1611 2194 ex-

895 2212 1051 2255 positum
1095 2215 1161 2244 est.
1216 2211 1307 2244 Dum
1346 2221 1441 2243 nnnc
1478 2220 1610 2252 qaoque

895 2261 1018 2303 ponit,
1059 2259 1222 2292 ultimum
1254 2258 1433 2292 scribendi
1471 2261 1611 2300 tempus

896 2307 1081 2351 respexit,
1127 2311 1235 2351 atque
1274 2306 1344 2340 hoc
1382 2305 1489 2350 paulo
1528 2310 1610 2338 ante

898 2355 1092 2389 editionem
1119 2351 1238 2398 opes-is
1264 2355 1420 2388 additum
1448 2358 1513 2388 est.

958 2404 1043 2448 Cap.
1055 2403 1115 2438 82.
1147 2403 1312 2436 altior—
1331 2403 1476 2448 cupido.-
1504 2412 1611 2446 prac-

895 2457 1033 2486 sentem
1061 2453 1133 2485 vim
1159 2453 1315 2486 numinis
1339 2456 1507 2496 expertus
1533 2462 1610 2484 ma-

895 2502 972 2535 iore
999 2500 1167 2545 cupidine
1197 2500 1241 2533 de
1267 2511 1331 2535 suo
1348 2501 1498 2544 imperio
1521 2509 1609 2532 con-

896 2549 1016 2584 sulere
1043 2550 1148 2583 deum
1177 2548 1400 2595 adigebatur.
1429 2549 1526 2581 llanc
1545 2558 1611 2580 cu-

903 2598 1059 2642 pidinem
1089 2608 1184 2631 nove
1206 2598 1366 2632 altiorem
1391 2597 1545 2629 vocavit.

967 2658 1072 2691 super
1097 2646 1199 2679 rebus
1221 2647 1379 2691 imperii:
1412 2643 1503 2688 apud
1516 2643 1610 2676 Sue-

894 2696 1031 2728 tonium
1076 2699 1129 2727 est
1179 2694 1220 2726 cle
1267 2694 1431 2737 firmitate
1472 2692 1612 2737 imperil

896 2749 1062 2788 capturus
1088 2742 1291 2786 auspicium.

967 2802 984 2823 e
1016 2789 1229 2834 primoribus
1254 2789 1504 2834 Aegyptiorum
1542 2798 1610 2821 no-

894 2839 986 2871 mine
1014 2838 1226 2871 Basiliden:
1268 2837 1415 2871 Sueten.
1456 2836 1610 2870 1.ο.1ἱ-

896 2887 1027 2920 bertum
1055 2890 1160 2919 vocat
1197 2885 1406 2927 Basiliden,

894 2936 929 2968 in
973 2934 1145 2969 eiusmodi
1185 2934 1291 2969 rebus
1337 2934 1477 2970 variare

1451 2890 1486 2919 et
1523 2895 1610 2919 sane

1514 2933 1608 2969 solet
