1768 3216
172 237 245 275 134

174 356 396 409 strepebat,
429 359 468 395 et
495 355 631 397 Massa
661 355 838 397 Baebius
870 356 951 397 iam
978 360 1060 396 tum
1088 366 1184 397 reus
1214 359 1317 398 erat.

788 236 1050 274 AGRIGOLAE

1377 349 1473 398 Mox
1498 354 1665 398 nostrae

175 429 332 472 duxere
359 429 592 471 Helvidium
624 430 665 471 in
699 443 912 472 carcerem
943 443 1112 482 manus3
1144 442 1221 473 nos
1239 430 1412 473 Maurici
1426 430 1668 484 Rusticique

171 504 300 556 visus,
332 515 409 545 nos
440 504 654 547 innocenti
686 506 890 560 sanguine
921 506 1101 548 Senecio
1132 505 1327 560 perfudit.

1387 506 1500 548 Ne'ro
1527 508 1669 547 tamen

171 578 373 620 subtraxit
405 579 550 621 oculos
583 592 696 633 suos,
730 581 930 635 iussitque
962 580 1139 633 scelera,
1173 591 1258 622 uon
1288 579 1510 634 spectavit:
1540 587 1670 633 prae-—

140 652 292 707 scipua
325 653 400 694 sub
432 653 666 695 Domitiano
699 655 960 697 miseriarum
990 667 1086 709 pars
1127 658 1216 697 crat
1256 652 1402 696 videre
1439 657 1480 695 et
1523 652 1668 708 aspici,

173 738 264 768 cum
295 727 471 781 suspiria
500 732 641 769 nostra
677 729 1062 782 subscribet-entur,
1096 741 1187 771 cum
1220 727 1472 770 denotandis
1500 730 1561 769 tot
1589 726 1671 769 ho·-

171 802 324 843 minum
351 802 578 856 palloribus
606 803 819 846 sufficeret
849 815 999 846 saevus
1031 803 1100 845 ille
1129 803 1265 845 vultus
1296 807 1336 845 et
1352 802 1495 854 rubor,
1527 809 1608 855 quo
1625 811 1672 844 se

172 881 315 918 contra
346 877 546 930 pudorem
578 879 800 923 muniebat.

860 879 918 919 Tu
934 890 1035 920 vero
1058 878 1173 930 felix,
1205 877 1423 932 Agricola,
1454 884 1540 918 non
1557 875 1672 919 vitae

171 956 325 994 tantum
354 952 541 995 claritate
569 953 643 994 sed
677 954 800 995 etiam
832 954 1137 1007 opportunitate
1168 953 1327 994 mortis.

1388 952 1439 994 Ut
1454 951 1674 1006 perhibent

122 1038 161 1073 ιο
173 1027 242 1083 qui
273 1027 548 1069 interfuerunt
578 1028 816 1070 novissimis
846 1028 1108 1070 sermonibus
1133 1028 1227 1080 tuis,
1262 1030 1458 1069 constans
1476 1030 1517 1068 ct
1536 1025 1672 1067 libens

297 1166 327 1199 1.
354 1164 426 1198 iam
452 1165 582 1198 omittit
608 1166 651 1200 Δ.

173 1225 247 1249 ntus
276 1223 398 1258 margo
427 1215 458 1248 Γ
480 1217 515 1246 et
541 1213 655 1247 codex
684 1212 812 1247 Ursini.

174 1309 408 1347 Puteolanus.

172 1433 306 1468 salinus
327 1443 442 1468 coram
470 1435 632 1478 principe
660 1434 693 1467 iu
718 1433 805 1468 villa
819 1433 886 1467 Al-

172 1482 264 1517 bana
290 1483 460 1517 delatoris
484 1488 602 1527 partes
622 1482 764 1528 agebat,
792 1493 885 1515 non-

174 1531 256 1565 dum
283 1532 318 1565 iu
350 1532 481 1565 curiam
514 1533 709 1575 irrumpere
751 1536 785 1565 et
817 1531 885 1564 ho-

173 1581 259 1614 stias
287 1580 502 1624 deposcere,
532 1584 569 1612 ut
599 1590 691 1622 mox,
721 1580 885 1614 audebat.

174 1628 243 1664 Sed
275 1628 366 1663 alter
413 1639 458 1662 cx
493 1628 604 1662 tribus
640 1629 887 1663 [annosissimis

174 1676 418 1719 delatoribus,
454 1678 554 1711 cuius
592 1678 777 1711 saevitiam
807 1688 887 1711 cer-

173 1727 271 1760 tatim
299 1724 599 1771 pinguntl‘linius
625 1726 737 1770 Epist.
766 1725 809 1759 lv
825 1728 882 1768 22,

174 1774 354 1810 luvenalis
388 1774 434 1808 1v
475 1775 686 1816 11:3-118,
721 1774 888 1808 Aurelius

175 1823 296 1858 Victor
326 1823 361 1856 in
390 1823 552 1867 Epitoma
581 1835 609 1856 c.
643 1825 705 1864 12,
742 1822 889 1867 perinde

175 1876 214 1904 ut
240 1872 330 1905 socii
355 1871 468 1905 Carus
490 1870 614 1905 Metius
641 1876 748 1916 atque
769 1872 891 1906 Massa

177 1920 343 1962 Baebius,
398 1919 536 1953 duobus
579 1920 782 1953 nominibus
826 1929 889 1963 pro

176 1978 296 2002 amore
323 1969 574 2002 concinnitatis
604 1979 623 2002 a
651 1967 772 2002 Tacito
798 1967 891 2001 haud

177 2015 285 2050 dubie
311 2021 458 2050 vocatus
486 2022 550 2050 est.
606 2016 891 2062 Cognoinentum

178 2069 295 2098 autem
311 2064 692 2111 Messalmi(catultus)
715 2076 793 2098 cum
820 2074 891 2096 nou

178 2117 248 2149 tam
266 2112 374 2146 facile
387 2112 583 2146 oblitterari
600 2114 768 2156 potuerit,
785 2123 892 2156 prae-

178 2171 308 2195 nomen
331 2171 399 2194 uua
427 2161 543 2195 littera
562 2172 781 2205 expressum,
807 2171 892 2194 ver-

178 2209 214 2243 bi
242 2220 347 2243 causa
377 2209 496 2243 Μαι-οἵ
521 2209 580 2243 vel
608 2210 729 2252 Lucii,
766 2209 892 2243 deesse

177 2263 306 2292 statuo.
343 2257 396 2291 De
424 2269 506 2292 ποθ
523 2254 659 2292 Alban-1
684 2258 751 2292 Dio
769 2256 894 2291 LXVII

181 2308 220 2341 l:
272 2308 428 2353 τὶγιῦνας
465 2328 509 2333 —
547 2308 588 2343 ἐν
632 2309 683 2353 τῶ
723 2305 893 2361 Ἀλβανῷ

178 2357 310 2392 ἐποίει.
333 2356 446 2391 ’τοῦτο
475 2369 547 2403 γαρ
573 2350 613 2391 τὸ
640 2359 818 2404 χωρίον
817 2349 890 2390 ὑπὸ

178 2399 220 2439 τὸ
249 2403 340 2450 ὄρος
367 2402 406 2439 τὸ
432 2404 644 2450 Ἀλβανόν,
673 2403 749 2462 αἰρ
775 2406 893 2447 οὗπερ

180 2450 299 2490 οὕτως
329 2452 551 2499 ιύνοιιιίσθη,
579 2451 623 2488 ὂν
650 2451 781 2487 ‹annes›
810 2466 895 2487 uva

182 2500 392 2547 ἀκρόπολιν
414 2503 580 2541 ἐξείλετο.
610 2500 710 2534 Adde
732 2500 894 2534 Suetonii

180 2549 314 2584 Domit.
342 2549 365 2583 4
392 2553 427 2582 ct
461 2549 522 2590 19,
562 2546 667 2582 Plinii
704 2547 816 2592 Epis.t
849 2549 895 2581 lV

184 2599 225 2632 11
254 2601 290 2631 et
313 2598 371 2631 22.
409 2596 536 2630 Arcem
563 2598 746 2641 ingentem
774 2597 895 2630 villam

180 2645 325 2680 vocavit
350 2644 510 2686 lucitus,
553 2644 647 2689 quod
687 2644 769 2677 inde
795 2646 897 2689 quasi

182 2694 226 2728 de
269 2693 418 2728 castello
467 2695 601 2727 munito
639 2703 737 2726 more
772 2704 895 2738 regmn

184 2747 410 2777 externorum
454 2742 554 2787 regia
594 2742 753 2776 facinora
791 2751 896 2774 ausus

185 2796 248 2825 est.
314 2790 464 2824 Perinde
498 2789 678 2824 luvenalis
713 2789 761 2823 IV
799 2790 894 2823 145:

182 2841 284 2874 misso
308 2851 475 2884 proceres
502 2840 598 2872 exire
624 2839 785 2872 iubentur
810 2848 896 2871 con-

183 2888 285 2930 silio,
324 2899 405 2931 quos
438 2887 613 2922 Albanam
648 2887 719 2920 dux
751 2897 897 2931 vnaqnus

183 2937 223 2969 in
248 2946 367 2968 arcem
395 2941 566 2969 traxerat.
631 2935 705 2970 Sita
732 2939 807 2969 erat
833 2934 897 2967 sub

186 2982 365 3019 radicibus
397 2984 526 3019 montis
551 2983 680 3019 Albani
715 2982 758 3019 ad
783 2982 899 3028 septi-

792 1167 826 1200 2.
853 1165 908 1199 ΑΓ
937 1166 1008 1200 Nos
1035 1165 1248 1200 Mam-icium
1274 1165 1523 1209 Rustic-umque
1549 1162 1673 1198 divisi-

914 1215 948 1247 4.
977 1225 1055 1247 suos
1082 1225 1138 1247 om
1165 1212 1393 1247 Puteolanus.

174 1264 238 1299 ΓΔ
262 1266 297 1296 et
325 1260 560 1295 Puteolanus:
590 1273 612 1295 a
638 1263 810 1308 expunxit
837 1261 988 1308 Lipsius.

1495 1213 1529 1247 7.
1560 1222 1584 1246 a
1609 1223 1673 1257 quo

1098 1263 1130 1298 9.
1155 1262 1382 1310 perhiberent
1406 1262 1489 1298 TA:
1519 1261 1676 1296 correxit

953 1435 1224 1469 mumdecimum
1277 1433 1319 1467 ab
1358 1432 1445 1467 urbe
1485 1425 1676 1468 miliarium

953 1484 1050 1517 iuxta
1076 1484 1227 1528 Appiam
1255 1483 1360 1517 viam.

1029 1554 1152 1588 Massa
1177 1554 1324 1588 Baebius
1360 1553 1432 1587 iam
1468 1558 1539 1586 tum
1565 1559 1672 1586 reus.
1665 1561 1674 1571 ·

956 1596 1126 1636 indicium
1163 1602 1350 1637 videbatur
1388 1601 1558 1645 temporis
1596 1608 1676 1635 me-

957 1652 1082 1694 lioris,
1129 1651 1223 1696 quod
1256 1651 1361 1684 homo
1387 1659 1524 1684 morum
1557 1649 1677 1694 pessi..

958 1711 1034 1734 mus
1062 1700 1107 1734 ob
1135 1701 1356 1744 piovinciam
1374 1696 1556 1733 Baeticam
1580 1695 1675 1732 mule

957 1749 1234 1783 administratam
1274 1753 1310 1782 et
1354 1747 1542 1792 spoliatam
1593 1753 1676 1780 reus

960 1803 1053 1832 enat:
1092 1798 1138 1832 cl.
1175 1797 1310 1831 Plinius
1346 1795 1461 1840 Epist.
1488 1794 1534 1828 ΙΙΙ
1561 1794 1604 1838 4,
1631 1793 1677 1828 Vl

960 1847 1015 1881 29.
1045 1846 1160 1880 Mores
1189 1846 1342 1879 hominis
1368 1842 1590 1890 significavit
1607 1841 1677 1876 Ta-

961 1896 1049 1928 citus
1079 1895 1118 1929 11.
1144 1894 1191 1928 IV
1220 1895 1277 1929 50.
1330 1893 1408 1927 Iam
1433 1897 1503 1926 tum
1530 1895 1584 1926 est
1610 1896 1677 1925 an-

962 1948 1103 1988 tequam
1140 1940 1310 1988 Agricola
1341 1940 1561 1983 decedcret‚
1605 1948 1678 1973 non

962 2002 1005 2026 eo
1033 1993 1110 2035 ipso
1138 1996 1322 2035 tempore,
1359 1994 1397 2023 ut
1422 1990 1678 2033 interpretatur

962 2039 1142 2074 Orellius:
1170 2049 1249 2073 nam
1276 2039 1328 2072 sic
1344 2037 1467 2072 debuit
1491 2047 1571 2071 esse
1598 2041 1680 2071 tune

961 2090 1083 2133 ipsum.

1033 2142 1114 2168 moa:
1139 2139 1281 2169 nostrae
1314 2134 1445 2167 duxere
1482 2153 1527 2159 -
1578 2133 1678 2177 erfel-

963 2186 1031 2219 dit.-
1063 2184 1152 2218 haec
1178 2194 1257 2217 cum
1284 2183 1379 2216 sacta
1404 2186 1505 2225 sunt,
1541 2181 1681 2216 ''acitus

963 2236 999 2268 in
1028 2233 1115 2266 urbe
1142 2232 1213 2265 'non
1256 2231 1390 2273 adfuit,
1427 2234 1466 2264 ut
1499 2233 1681 2264 ostensum

963 2283 999 2316 in
1029 2281 1261 2315 annotatione
1290 2279 1333 2314 ad
1359 2290 1388 2313 c.
1418 2281 1464 2322 2,
1504 2278 1567 2313 sed
1599 2279 1682 2324 quia

963 2329 1078 2364 ordini
1107 2334 1244 2374 patrum
1271 2328 1447 2372 ascriptus
1475 2332 1570 2370 erat,
1597 2332 1681 2371 ora-

965 2379 1072 2413 tionis
1111 2379 1238 2424 vigore
1284 2381 1416 2410 tractus
1462 2386 1502 2410 se
1547 2377 1683 2419 cogitat

966 2433 1143 2472 tamquam
1168 2430 1303 2470 partem
1331 2432 1454 2460 eorum
1481 2429 1574 2470 quae
1598 2424 1682 2458 tunc

965 2475 1183 2510 acciderunt.

1022 2545 1217 2579 Helvidium
1230 2547 1268 2579 in
1292 2554 1494 2577 carcerem:
1522 2541 1575 2577 est
1593 2539 1683 2577 Hel-

966 2594 1082 2628 vidius
1110 2592 1225 2627 iilius:
1251 2596 1386 2637 patrem
1415 2592 1492 2626 eius
1505 2588 1681 2626 Thraseae

968 2653 1139 2688 generum
1190 2640 1383 2675 sustulerat
1420 2634 1681 2684 vespasianus,

968 2691 1010 2724 de
1038 2701 1108 2735 qno
1136 2701 1168 2724 v.
1197 2694 1317 2724 annot.
1345 2689 1388 2722 ad
1414 2688 1456 2723 H.
1487 2689 1535 2723 1v
1559 2689 1594 2724 6.
1630 2687 1684 2722 De

967 2739 1077 2773 caede
1112 2740 1188 2772 cius
1221 2738 1357 2772 Plinius
1389 2737 1506 2781 Epist.
1539 2736 1586 2774 lx
1619 2737 1682 2771 13.

966 2789 1058 2821 inter
1084 2787 1192 2821 multa
1218 2786 1355 2832 scetem
1382 2785 1567 2820 multorum
1600 2783 1685 2824 nul-

966 2836 1036 2869 lam
1061 2836 1216 2869 atrocius
1240 2832 1434 2877 videbatur,
1463 2844 1566 2879 quam
1596 2831 1688 2877 quod

967 2885 1005 2917 in
1029 2890 1154 2918 senatu
1180 2887 1323 2918 senator
1347 2883 1530 2925 senatori,
1574 2885 1684 2927 prde-

967 2933 1077 2966 torius
1102 2932 1300 2974 consulari,
1328 2942 1389 2964 reo
1416 2931 1532 2974 iudex,
1561 2932 1686 2963 manas

968 2980 1149 3016 intulisset.
1218 2979 1354 3017 Saevus
1392 2974 1456 3015 ille
1498 2977 1685 3014 accusator
