1768 3216
138 348 362 392 Eleazarus
387 345 481 386 loco
512 341 705 396 pollebat.

732 221 1042 258 HISTORIARVM

1425 233 1456 258 a.
1484 231 1520 259 u.
1545 221 1635 259 823.

767 338 850 382 Sed
889 338 1075 392 proelia,
1127 337 1246 380 dolus
1289 338 1484 383 Incendia
1525 339 1634 383 inter

140 425 274 478 ipSOS‚
308 425 347 461 et
375 429 524 473 magna
550 417 612 458 vis
643 414 840 458 frumenti
870 414 1071 456 ambusta.

1131 414 1230 456 Mox
1256 413 1433 456 Ioannes
1450 444 1462 467 ‚
1494 414 1633 457 missis

139 511 213 553 per
241 495 423 550 speciem
454 491 718 535 sacrificandi
760 490 829 544 qui
870 489 1114 531 Eleazarum
1142 500 1390 542 manumque
1433 488 1523 531 eius
1555 488 1637 530 ob-

139 574 393 621 truncarent,
426 567 577 622 templo
607 567 772 621 potitur.

830 567 887 607 lta
918 566 960 606 in
992 565 1095 607 duas
1127 564 1332 606 factiones
1365 564 1512 606 civitas
1546 563 1638 606 dis-

110 647 283 698 scessst,
316 645 451 687 donec
480 642 852 698 propinquantibus
877 642 1075 683 Romanis
1095 640 1247 683 bellum
1280 643 1496 682 externum
1530 650 1639 682 con-

142 721 328 764 cordiam
368 723 546 774 pareret.

619 718 857 759 Evenerant
895 716 1118 771 prodig1a‚
1162 727 1268 769 quae
1310 726 1446 769 neque
1490 713 1707 759 hostiislss

141 790 277 850 neque
307 794 416 836 vosss
447 794 563 847 ptare
596 793 658 834 sas
688 792 812 834 habet
840 803 946 846 gens
977 790 1262 844 superstitioni
1292 789 1502 842 obnoxia,
1536 788 1641 831 reli-

141 870 337 926 gionibus
367 868 558 910 adversa

619 867 744 909 Visae
771 879 846 920 per
877 865 1035 908 caelum
1070 877 1325 907 concurrere
1355 864 1500 917 acies,
1533 863 1642 906 ruti-

38 940 89 994 [ᾗ
142 946 267 987 lantia
298 957 436 995 arma,
479 946 519 984 et
548 941 685 984 subito
719 941 887 982 nubium
916 941 1016 995 igne
1049 940 1258 982 collucere
1288 939 1494 993 templum.
1554 939 1641 981 Ex-

1 1004 293 1109 ῑὲΞΗωραεεειθ
325 1021 495 1071 repente
527 1015 690 1058 delubri
715 1015 857 1068 sores,
901 1018 942 1056 et
979 1015 1118 1057 audita
1158 1015 1291 1056 maior
1334 1014 1511 1088 humana
1542 1025 1639 1067 vox,

279 1185 314 1219 3.
345 1184 502 1218 lazarum
527 1181 606 1218 Ma:

634 1182 662 1217 G
687 1181 853 1217 heleazm·
854 1194 923 1217 urta.

1026 1182 1059 1218 9.
1088 1181 1178 1216 conl.
1207 1179 1272 1216 illa.
1396 1191 1566 1228 expassus
1592 1179 1640 1217 G:

147 1233 202 1269 Ma
228 1239 352 1279 emptae
380 1244 460 1268 cum
487 1232 550 1267 lin.
580 1236 784 1267 transversa
810 1233 845 1266 in
869 1244 906 1278 p,
934 1230 969 1266 h.
999 1242 1031 1267 e.
1060 1237 1236 1278 eat-pereae.

144 1378 232 1413 Nam
280 1387 349 1423 quo
402 1377 602 1411 certissimo
649 1382 859 1424 argumento

146 1426 265 1461 aliena
291 1436 415 1460 manus
442 1425 723 1470 deprehenditur
741 1453 750 1469 ‚
791 1427 861 1462 hoc

147 1480 201 1509 est
228 1474 323 1520 quod
349 1473 490 1509 Tacitus
524 1476 670 1509 nomina
694 1477 860 1522 peregri-

146 1534 204 1567 na,
232 1528 403 1569 quantum
432 1523 569 1568 potuit,
607 1525 757 1567 vitavit,
793 1536 861 1559 ne-

146 1583 217 1618 que
244 1571 442 1618 legentium
477 1583 580 1606 aures
616 1577 758 1617 praeter
793 1585 861 1608 ne..

148 1622 353 1655 cessitatem
393 1623 457 1666 (ea
491 1631 585 1655 nunc
611 1632 756 1666 prorsus
794 1622 861 1656 ab-

149 1674 220 1716 est)
249 1669 416 1704 molestia
443 1669 591 1704 afficere
618 1670 744 1704 voluit.
779 1671 862 1705 Alia

148 1719 289 1753 latione
325 1714 499 1763 Iosephus
540 1729 625 1752 usus
664 1724 748 1762 est,
801 1720 862 1764 qui

147 1772 217 1800 tam
244 1768 280 1800 in
308 1766 377 1801 hoc
407 1777 511 1813 quam
548 1768 586 1801 in
621 1769 752 1802 ceteris
793 1768 862 1801 du-

147 1815 247 1849 cibus
283 1820 402 1860 patres
437 1817 649 1850 recensuit·
641 1844 649 1858 ‚
715 1816 778 1851 sed
818 1816 861 1850 ab

149 1865 226 1897 eius
256 1863 382 1898 sedula
409 1864 598 1910 diligentia
632 1870 767 1898 tantum
795 1865 862 1898 ab-

149 1912 217 1946 fuit
244 1912 411 1955 Tacitus,
450 1917 488 1945 ut
514 1923 584 1946 non
611 1914 681 1947 nisi
708 1914 862 1947 maxime

147 1962 351 1994 necessaria
378 1960 571 1995 admiserit.
617 1962 661 1995 Et
688 1961 862 2006 Iosephus

148 2008 291 2053 quidem
317 2008 360 2042 de
391 2008 551 2052 pluribus
568 2010 772 2043 Simonibus
787 2014 863 2044 ret-

148 2056 254 2098 tulit,
290 2056 444 2101 ideoque
484 2062 622 2101 patrum
660 2058 863 2092 nominibus

148 2104 310 2150 singulos
337 2105 559 2150 distinguere
584 2106 723 2149 voluit,
759 2106 863 2140 Taci-

149 2158 206 2186 tus
233 2154 268 2186 in
296 2154 567 2199 oppugnatione
589 2154 863 2199 Hierosolymo-

148 2211 226 2235 rum
253 2202 296 2235 de
325 2212 395 2235 uno
417 2202 624 2237 tradendum
654 2203 790 2245 habuit,
820 2203 864 2237 de

150 2255 250 2294 patre
278 2250 354 2284 eius
381 2256 441 2284 aut
477 2256 588 2285 matre
624 2252 730 2296 plane
756 2262 864 2286 secu-

149 2308 221 2332 rus.
265 2298 484 2333 Postremum
514 2311 558 2334 ne
584 2300 759 2345 Iosephus
785 2302 863 2345 qui-

151 2346 230 2380 dem
262 2347 349 2381 dicit
378 2348 557 2382 Simonem
589 2355 749 2383 vocatum
785 2360 864 2383 esse

150 2395 376 2441 Bargioram,
413 2396 476 2431 sed
510 2402 644 2441 patrem
683 2399 716 2431 ei
752 2397 865 2431 fuisse

152 2442 292 2478 Gioram
327 2450 458 2479 narrat.

221 2493 446 2535 firmaverat,
475 2494 510 2528 h.
542 2504 574 2528 e.
601 2494 768 2538 imposito
795 2494 865 2527 mi-

153 2540 255 2575 litum
281 2541 460 2584 praesidio
486 2541 633 2575 firmum.
648 2541 863 2576 reddiderat.

155 2587 258 2623 Conf.
287 2589 331 2624 ad
354 2589 440 2636 Agr.
473 2589 526 2625 14.
615 2590 713 2624 dolus
739 2591 865 2623 incen-

155 2638 238 2672 d0'a:
278 2637 369 2673 haec
395 2638 465 2672 duo
497 2643 759 2682 componuntur
786 2649 865 2672 cum

151 2684 318 2732 proeliis,
358 2686 487 2732 quibus
514 2687 683 2721 hostilem
710 2688 865 2721 animum

155 2739 279 2779 aperte
305 2735 560 2778 ostenderunt3
605 2735 702 2770 dolus
739 2737 865 2769 incen-

156 2783 216 2817 dia
238 2783 315 2817 fere
342 2783 436 2818 idem
463 2784 557 2829 quod
592 2784 714 2819 dolosa
739 2785 866 2818 incen-

156 2831 225 2865 dia.
254 2831 307 2865 De
333 2833 622 2877 interpunctione
650 2844 685 2868 v.
709 2833 752 2867 ad
768 2832 813 2866 xl
829 2832 863 2867 6.

219 2880 278 2923 qui
304 2879 518 2915 Eleazarum
534 2903 575 2909 —
592 2882 864 2916 obtruncarent:

158 2935 255 2960 err01
294 2932 348 2962 est
385 2931 586 2973 narrantis,
632 2929 865 2975 explicandus

159 2973 241 3010 hinc
275 2975 370 3021 quod
394 2976 559 3013 Eleazari
595 2978 665 3013 iam
699 2979 734 3013 in
762 2976 866 3017 duci-

929 1379 995 1412 bus
1029 1377 1242 1411 ludaeorum
1280 1377 1403 1412 nullae
1444 1382 1563 1423 partes
1610 1383 1647 1414 et

932 1427 1026 1461 facta
1068 1426 1273 1460 referuntur
1312 1426 1466 1472 ideoque
1505 1428 1645 1462 occisus

931 1486 1011 1510 esse
1040 1475 1140 1509 visus
1172 1480 1238 1509 est.
1303 1475 1375 1510 Sed
1399 1475 1573 1520 Iosephus
1608 1477 1645 1510 in

930 1534 1051 1571 pugna
1077 1534 1146 1569 qua
1174 1524 1325 1558 loannes
1351 1524 1486 1570 templo
1511 1524 1646 1570 potitus

932 1579 986 1608 est
1013 1578 1218 1617 superatum
1256 1583 1337 1607 esse
1362 1573 1574 1608 Eleazarum
1611 1579 1647 1608 et

931 1622 1061 1656 multos
1099 1632 1246 1656 suorum
1283 1622 1496 1657 interfectos
1526 1623 1645 1667 tradit,

930 1673 1046 1716 ipsum
1074 1670 1290 1705 occubuisse
1318 1681 1390 1705 nou
1417 1670 1505 1705 dicit
1532 1671 1645 1718 (Bell.

931 1719 1007 1754 lud.
1032 1719 1060 1754 V
1086 1720 1109 1754 3
1136 1721 1172 1762 §.
1204 1721 1254 1764 1),
1281 1729 1363 1753 mox
1377 1719 1538 1755 disertim
1565 1731 1645 1755 me-

931 1773 1045 1802 morat
1081 1767 1293 1802 Eleazarum
1339 1779 1419 1803 cum
1463 1769 1538 1804 suis
1581 1769 1647 1804 sub

931 1817 1065 1852 Ioanne
1093 1818 1214 1863 egisse
1243 1817 1267 1850 V
1295 1816 1318 1851 6
1343 1819 1380 1860 §.
1413 1819 1442 1852 1.

1005 1864 1089 1910 Cap.
1123 1867 1178 1900 13.
1231 1872 1424 1901 evenerant
1456 1867 1649 1914 prodigia-⁰

932 1916 1052 1960 pergit
1088 1915 1266 1948 internum
1307 1914 1405 1948 urbis
1441 1920 1571 1950 statum
1612 1922 1649 1951 et

933 1962 1092 1996 habitum
1119 1963 1316 1997 animorum
1342 1963 1560 1999 describere.
1594 1964 1649 2001 De

933 2011 1107 2057 prodigiis
1144 2011 1303 2056 (Tacitus
1344 2022 1416 2046 non
1443 2014 1513 2048 nisi
1540 2023 1649 2058 prae-

934 2060 1038 2103 cipua
1080 2059 1202 2105 tradit)
1243 2059 1356 2093 multa
1391 2060 1596 2095 referuntur
1629 2073 1649 2096 a

932 2106 1074 2152 Ioseph.
1104 2107 1145 2142 B.
1171 2107 1247 2142 lud.
1278 2107 1323 2141 v1
1351 2109 1372 2143 5
1399 2114 1435 2142 et
1461 2110 1494 2144 7.

1002 2158 1130 2201 piare:
1155 2156 1352 2191 declinavit
1377 2157 1526 2192 verbum
1553 2158 1649 2193 alio-

935 2205 993 2250 qui
1020 2205 1172 2239 solenne
1183 2216 1394 2250 procurare,
1425 2207 1532 2241 etiam
1546 2217 1648 2242 com-

934 2254 1089 2298 positum
1118 2254 1274 2299 expiare.
1303 2254 1357 2289 De
1383 2255 1558 2302 prodigus
1585 2256 1648 2291 Iu-

935 2302 1024 2336 daeo
1052 2313 1123 2335 non
1157 2302 1391 2337 observandis
1432 2314 1465 2339 v.
1495 2303 1648 2339 Levitic-

937 2351 1013 2385 Xlx
1043 2350 1089 2386 26
1119 2356 1154 2386 et
1179 2352 1251 2394 31,
1294 2352 1352 2385 XX
1382 2351 1416 2387 6.
1478 2353 1647 2388 Ieremias

938 2400 963 2433 X
994 2399 1027 2433 2.
1109 2411 1195 2445 qens
1220 2401 1460 2445 superstitioni
1483 2401 1648 2445 obnoxia,

934 2448 1163 2493 ‘religionibus
1187 2449 1339 2482 adversa
1355 2450 1430 2494 (ein
1451 2449 1545 2492 Volk,
1573 2450 1650 2484 dem

936 2495 1182 2541 Aherqlaemben
1206 2499 1466 2541 unlerworfen,
1509 2497 1648 2544 Religi-

936 2543 1228 2590 onshandlunqen
1256 2544 1421 2592 abhold).—
1459 2546 1648 2591 religiones

936 2592 1023 2626 dicit
1050 2594 1212 2627 actiones
1232 2593 1277 2627 ob
1300 2598 1432 2628 metum
1458 2594 1534 2628 irae
1561 2605 1648 2629 cae-

936 2640 1037 2674 lestis
1063 2641 1288 2687 significatae
1304 2642 1478 2689 prodigiis
1505 2642 1548 2677 ad
1567 2643 1648 2688 pla-
1711 2689 1714 2691 ,

936 2689 1067 2723 candos
1096 2690 1182 2724 deos
1208 2696 1407 2735 susceptas.

1007 2748 1177 2783 eoepassae
1203 2745 1345 2785 repente
1369 2739 1505 2774 delubri
1528 2741 1647 2784 fores.-

936 2786 1016 2820 libri
1046 2787 1198 2822 Medicei
1232 2794 1358 2835 emptae
1394 2799 1438 2823 ex
1474 2793 1558 2822 not-a
1584 2799 1647 2822 ex—

931 2846 1017 2880 psae
1036 2862 1044 2876 ‚
1087 2835 1236 2870 liberius
1265 2838 1402 2881 scripta
1429 2847 1490 2881 pro
1519 2849 1648 2883 expas-

935 2895 994 2929 sqe
1024 2884 1059 2916 in
1094 2883 1185 2918 libro
1221 2883 1445 2930 antiquiore,
1486 2885 1647 2931 prodisse

937 2931 1166 2968 coniecerim.
1195 2932 1271 2967 Hoc
1289 2938 1386 2967 certe
1405 2935 1511 2968 unice
1527 2938 1648 2979 aptum

936 2980 980 3015 de
1010 2979 1149 3016 foribus
1183 2985 1311 3027 sponte
1338 2992 1377 3017 se
1404 2981 1646 3027 aperientibus
