1768 3216
699 194 1039 233 ANNoTATIOMS.

130 305 231 351 gradi
257 310 294 341 et
321 307 463 355 ingredi
490 309 667 344 coloniam
696 311 726 346 H
754 317 767 349 1
793 314 850 348 57.

132 365 292 401 Graecae
330 367 474 404 litterae
512 371 548 403 in
581 370 736 406 confinio
764 372 854 407 Ger-

174 428 318 462 maniae
343 427 565 474 Raetiaeque
592 429 620 464 G
644 430 678 465 3.

128 488 372 531 grammatica,
398 498 469 522 non
497 491 748 535 grammatice,
775 491 852 526 for-

178 557 235 582 ma
261 547 421 583 Tacitina
450 548 478 584 0
506 549 565 585 31.

127 609 264 652 gratari
288 619 352 654 pro
379 609 554 655 gratulari
580 610 602 645 6
628 612 689 645 21.

129 668 267 713 gratiae
290 669 445 714 principi
472 674 574 705 actae
589 670 850 706 consuetudine

162 719 312 763 'servitii
337 729 369 763 A
395 730 456 765 42.

130 789 274 835 gravari
303 799 382 823 cum
409 791 614 824 accusativo
642 791 670 824 Η
698 792 720 840 2
746 791 805 826 20.

127 850 331 894 graviorem
355 860 437 884 esse
464 849 500 885 h.
523 861 555 885 e.
583 851 728 896 gravius
750 861 850 885 com-

177 919 324 944 movere
345 910 388 944 15
418 911 449 943 1.
486 910 510 943 i.
538 920 572 955 q.
600 912 745 945 maioris
771 921 850 945 mo-

174 969 286 1003 menti
313 979 393 1003 esse
427 969 452 1002 H
479 969 503 1002 3
528 969 563 1003 3.

122 1028 243 1074 gravis
269 1033 306 1062 et
333 1038 425 1062 unus
461 1028 624 1063 incursus
660 1028 695 1062 h.
724 1040 757 1063 e.
786 1029 844 1062 in-

171 1097 294 1122 cursus
317 1087 437 1134 gravis
453 1087 604 1122 militiae
624 1092 660 1122 et
681 1089 717 1122 in
735 1098 842 1122 unum

167 1148 312 1182 iunctae
335 1148 359 1181 4
381 1147 439 1183 24.

120 1207 272 1242 Grinnes
299 1212 335 1242 et
360 1206 457 1241 Vada
481 1217 552 1240 non
578 1208 615 1240 in
639 1207 757 1241 insula
770 1206 843 1241 Ba-

168 1272 332 1303 tavorum
357 1269 426 1301 sita
451 1271 571 1309 erant,
603 1266 666 1300 sed
691 1267 727 1300 in
749 1268 841 1301 sini-

167 1331 240 1362 stra
266 1326 414 1361 Vahalis
439 1327 516 1370 ripa
542 1325 572 1359 H
597 1326 618 1359 5
645 1326 692 1360 20
717 1330 753 1359 et
779 1327 838 1362 21.

121 1386 371 1433 Gugernorum
397 1387 479 1432 pagi
497 1412 508 1429 ‚
551 1395 622 1419 non
647 1385 843 1420 Germano-

166 1457 243 1498 rum
271 1448 300 1482 ll
325 1447 349 1481 4
378 1447 433 1481 15.

120 1566 348 1611 haruspicum
384 1564 579 1612 collegium
618 1571 701 1600 ante
729 1565 840 1600 Clau-

167 1625 264 1660 dium
289 1627 326 1659 in
352 1625 440 1660 urbe
466 1625 602 1660 nullum
633 1628 673 1660 11
703 1628 758 1660 15.

125 1685 219 1720 haud
262 1685 407 1720 nescius
454 1690 489 1719 et
533 1695 603 1719 non
645 1686 789 1720 nescius
826 1688 850 1720 4

167 1746 227 1781 26.

124 1805 217 1840 haud
251 1806 401 1851 perinde
436 1807 471 1840 in
508 1807 657 1840 crimine
691 1806 847 1840 incendii

171 1877 275 1912 quam
301 1866 384 1900 odio
410 1866 554 1900 humani
581 1867 726 1912 generis
752 1875 841 1900 con-

169 1927 257 1961 victi
286 1932 368 1961 sunt
398 1927 439 1961 15
465 1927 523 1960 44.

122 1986 266 2020 haurire
293 1985 455 2032 iugulum
487 1985 609 2030 gladio
642 1985 667 2018 H
699 1986 713 2018 l
741 1985 801 2018 41.

122 2045 271 2081 haustae
297 2050 358 2080 aut
383 2046 532 2080 obrutae
547 2045 666 2088 urbes,
691 2049 771 2079 usta
788 2044 845 2078 fe-

170 2105 387 2140 cundissima
429 2104 645 2149 Campaniae
686 2114 771 2147 ora3
811 2109 846 2138 et

169 2165 252 2199 urbs
291 2165 466 2200 incendiis
500 2169 639 2199 vastata
672 2164 842 2198 emenda-

168 2229 242 2258 tum
270 2225 299 2258 H
331 2227 349 2257 1
375 2225 410 2258 2.

121 2283 276 2318 Helvidii
304 2282 416 2317 Prisci
444 2284 688 2328 magistratus,
725 2282 838 2325 patria

169 2346 199 2378 H
224 2345 248 2377 4
274 2345 307 2378 5.
348 2343 494 2377 libertas
518 2342 691 2375 industria
716 2341 839 2385 probi-

169 2409 223 2438 tas
258 2405 288 2438 H
315 2406 339 2438 4
364 2403 399 2438 6.
436 2413 456 2436 a
498 2402 717 2445 Vespasiano
750 2400 838 2434 sub-

170 2464 264 2500 latus
288 2464 394 2498 A45.
417 2462 620 2497 Helvidium
645 2460 755 2494 filium
768 2460 845 2494 Do-

170 2526 336 2560 mitianus
366 2523 498 2558 occidit
523 2523 554 2556 Α
580 2522 638 2557 45.

121 2585 244 2619 hercle
275 2589 310 2618 et
335 2582 488 2617 Hercule
514 2581 540 2616 Ο
572 2582 627 2615 14.

122 2644 294 2680 Hercules
324 2643 575 2677 Germanorum
605 2640 728 2683 heros,
766 2649 838 2673 non

171 2705 257 2739 deus
282 2705 303 2737 2
333 2704 385 2737 12.
409 2702 435 2736 G
456 2702 488 2737 9.
518 2702 595 2735 eius
611 2710 734 2734 verum
750 2698 843 2744 apud

170 2765 361 2800 Germanos
386 2772 515 2796 nomen
541 2760 644 2795 nobis
673 2770 744 2794 non
770 2769 835 2794 co-

170 2827 307 2872 gnitum
334 2828 387 2858 est
413 2822 440 2856 G
465 2822 498 2856 3.

123 2885 303 2929 Hercynia
328 2883 421 2918 silva
447 2881 474 2916 G
499 2881 558 2916 28.

159 2968 283 2999 Tacitus
303 2965 357 2998 IV.

902 312 1138 360 Hermagoras
1171 318 1207 350 et
1228 314 1470 360 Apollodorus
1494 318 1620 354 rheto-

951 384 1008 408 res
1035 373 1063 408 Ο
1094 375 1149 410 19.

906 433 1230 468 Hermundurorum
1255 435 1359 470 sedes
1383 435 1411 470 G
1435 435 1496 471 41.

902 491 1052 527 hiberna
1091 493 1294 540 significatu
1330 495 1452 533 latins
1483 499 1620 542 patenti

946 557 1060 588 castra
1085 555 1215 589 stativa
1242 556 1270 589 H
1297 557 1320 591 2
1343 556 1403 592 80.

903 612 963 647 hic
992 615 1221 658 contemptim
1245 614 1376 649 dictum
1402 615 1431 651 Ο
1457 616 1490 651 7.

899 672 1149 718 Hierosolyma
1172 684 1303 709 nomen
1335 676 1527 710 secundam
1551 676 1617 712 de-

941 732 1172 768 clinationem
1210 735 1392 780 sequitur,
1430 745 1502 769 non
1539 737 1615 780 pri-

950 803 1039 826 mam
1068 794 1095 826 Η
1116 794 1138 828 5
1160 793 1195 827 2.

901 851 1090 896 Hispanica
1112 852 1224 898 legio,
1250 863 1321 887 non
1352 854 1508 899 Hispana
1533 855 1564 889 Η
1596 857 1613 889 1

947 911 981 946 ὃ.
1012 911 1180 946 seditioni
1206 911 1430 948 Othonianae
1458 924 1531 948 non
1554 915 1614 948 in-

944 969 1080 1014 terfuit,
1107 971 1170 1005 sed
1195 971 1346 1006 classica
1372 973 1400 1006 Η
1432 974 1449 1006 1
1477 973 1537 1008 44.

896 1029 1040 1074 Hispani
1068 1030 1318 1065 emendatione
1352 1031 1471 1066 Tacito
1505 1034 1612 1067 resti-

943 1090 1007 1122 tuti
1034 1099 1097 1134 pro
1122 1088 1251 1124 Poenis
1280 1090 1322 1124 15
1351 1090 1405 1124 13.

890 1148 1066 1183 Historiae
1103 1149 1214 1183 Taciti
1262 1160 1425 1195 magnam
1468 1155 1603 1194 partem

938 1210 1092 1253 scriptae
1120 1209 1185 1243 sub
1218 1209 1421 1243 Domitiano
1446 1210 1607 1245 Prooem-

939 1279 970 1301 c.
998 1267 1065 1302 7et
1080 1267 1115 1302 8.
1138 1269 1334 1312 imperante
1347 1268 1494 1302 Traiano
1519 1279 1609 1303 con-

938 1326 1056 1360 fectae
1096 1327 1127 1360 H
1167 1326 1191 1360 4
1222 1326 1282 1361 81.
1337 1337 1401 1361 eae
1439 1329 1609 1362 memoria

941 1387 1069 1430 prioris
1092 1387 1276 1420 servitutis
1302 1397 1344 1420 ac
1366 1388 1608 1422 testimonium

940 1445 1113 1480 bonorum
1141 1446 1206 1481 sub
1231 1447 1378 1481 Traiano
1403 1448 1435 1481 A
1459 1448 1494 1483 3.

890 1505 1118 1540 histrionales
1146 1506 1239 1540 modi
1266 1506 1294 1540 Ο
1321 1507 1379 1542 26.

889 1566 981 1600 sicut
1006 1565 1168 1599 histrioni
1195 1566 1328 1600 clamor
1344 1570 1378 1600 et
1393 1566 1607 1600 exclamatio

936 1626 1137 1670 suppletum
1157 1631 1191 1659 et
1212 1627 1434 1660 emendatum
1453 1626 1481 1660 0
1500 1626 1558 1661 26.

899 1685 1078 1730 hodieque
1105 1696 1167 1730 pro
1204 1685 1310 1719 hodie
1337 1696 1478 1731 quoque
1501 1686 1526 1718 4
1550 1685 1608 1720 74.

894 1745 1062 1779 honestas
1090 1745 1184 1779 idem
1209 1756 1243 1790 q.
1270 1745 1458 1779 honestum
1494 1744 1522 1780 Ο
1547 1746 1606 1781 31.

898 1805 1034 1839 honore
1062 1807 1139 1839 eius
1166 1810 1200 1839 et
1224 1805 1349 1839 honori
1377 1807 1453 1840 eius
1482 1807 1524 1841 15
1549 1805 1608 1840 28.

892 1865 1048 1899 honores
1092 1865 1296 1909 petentibus
1346 1865 1479 1911 singuli
1525 1866 1608 1899 anni

938 1925 1108 1969 temporis
1152 1925 1305 1971 legitimi
1345 1936 1409 1969 per
1445 1924 1608 1971 singulos

938 1984 1071 2018 liberos
1097 1984 1367 2018 remittebantur
1393 1985 1433 2019 15
1463 1984 1517 2019 19.

896 2044 1069 2078 honorum
1098 2044 1227 2090 gradus
1254 2044 1283 2078 11
1314 2045 1329 2077 1
1360 2045 1418 2079 77.

896 2103 1121 2137 Hortensium
1149 2102 1334 2137 Ciceronis
1353 2107 1527 2147 tamquam
1542 2113 1608 2136 ex-

941 2163 1093 2208 emplum
1122 2164 1156 2196 in
1183 2162 1328 2208 dialogo
1348 2163 1391 2196 de
1410 2161 1606 2196 oratoribus

944 2222 1084 2255 Tacitus
1112 2226 1255 2255 secutus
1283 2226 1336 2255 est
1367 2220 1394 2255 Ο
1420 2222 1454 2255 5.

889 2281 1000 2315 hostis
1027 2285 1124 2314 certo
1157 2281 1251 2313 iactu
1285 2279 1357 2313 tela
1383 2278 1604 2323 exhauserat,

939 2340 972 2373 h.
1002 2351 1033 2374 e.
1060 2349 1202 2373 suorum
1238 2339 1445 2383 corporibus
1479 2338 1552 2373 tela
1585 2349 1606 2372 a

934 2399 1102 2433 Romanis
1129 2399 1234 2432 missa
1260 2402 1452 2443 exceperat
1482 2395 1525 2432 14
1543 2397 1604 2432 37.

896 2458 1008 2493 hostis
1032 2463 1163 2492 metum
1188 2458 1474 2492 reconciliationi
1500 2456 1606 2492 adhi-

940 2519 1025 2553 bere
1050 2519 1075 2552 H
1100 2520 1117 2553 1
1144 2519 1200 2553 71.

889 2578 958 2613 huc
985 2578 1070 2613 illuc
1099 2583 1273 2612 tracturus
1311 2577 1604 2621 interpretatione

937 2640 966 2673 ll
991 2640 1015 2674 3
1033 2640 1068 2673 3.

893 2697 1076 2743 hucusque
1104 2697 1131 2731 0
1162 2698 1215 2730 11.

887 2819 1005 2852 iacere
1038 2825 1108 2861 quo
1142 2819 1246 2860 pacto
1283 2814 1419 2848 dicatur
1442 2822 1506 2858 pro
1533 2811 1603 2847 hu·-

939 2876 1059 2911 milem
1085 2886 1164 2911 esse
1189 2874 1219 2910 H
1248 2876 1266 2908 1
1295 2873 1355 2909 86.

1279 2949 1334 2993 23
