1768 3216
158 190 231 225 172
745 177 1055 215 HISTORIARVM
1440 187 1472 211 a,
1498 185 1533 211 u.
1561 175 1646 214 822.

158 310 198 348 et
226 288 557 360 splendidissimo
590 310 752 354 quoque
780 297 1067 339 centurionum
1101 308 1150 338 ac
1181 294 1352 336 militum
1384 294 1514 348 venit,
1551 299 1592 336 et
1622 307 1647 337 e

160 379 324 421 Iudaico
358 375 540 417 exercitu
570 372 914 448 lerQCOTa·
912 371 1106 412 Tantum
1150 369 1271 411 simul
1310 369 1495 423 peditum
1526 368 1650 423 equi-

154 458 317 505 tumque
349 455 388 492 et
417 449 705 491 aemulantium
722 439 845 488 inter
876 458 923 487 se
953 458 1099 500 regum
1130 448 1298 498 paratus
1339 443 1524 498 speciem
1556 442 1648 486 for-

152 531 271 568 tunae
301 524 542 580 plincipalis
575 524 814 566 effecerant.
857 522 988 563 Prima
1018 520 1116 562 belli
1147 533 1262 572 cura,
1295 531 1425 574 agere
1444 517 1646 571 delectus,
1659 523 1717 562 82

121 607 352 642 srevocare
382 603 616 641 veteranos.
677 598 947 639 Destinantur
975 595 1140 637 validae
1173 595 1364 636 civitates
1396 593 1647 636 exercendis

149 686 354 716 armorum
396 674 597 723 officinis3
641 672 747 726 apud
796 670 1106 712 Antiochenses
1149 681 1292 712 aurum
1341 672 1644 724 argentumque

147 750 354 804 signatur3
396 761 527 802 eaque
559 751 707 789 cuncta
737 759 813 800 per
843 745 1020 786 idoneos
1053 745 1290 797 ministros,
1338 743 1425 785 suis
1457 747 1659 797 quaeque

147 824 278 875 locis,
313 823 625 864 festinabantur.
688 823 780 875 Ipse
821 820 1103 874 Vespasianus
1136 819 1256 861 adirev
1281 818 1466 872 hortari,
1505 818 1645 860 bonos

58 948 63 952 q
146 898 281 950 laude,
314 910 465 952 segnes
498 897 701 951 exemplo,
736 896 909 937 incitare
942 895 1108 948 saepius
1142 907 1263 948 quam
1296 897 1515 947 coercere,
1537 893 1640 935 vitia

0 977 12 1010 ἢ
48 953 280 1027 ἷῖὲιοῐηειξίε
312 973 537 1014 amicorum
567 985 687 1026 quam
726 972 898 1012 virtutes
941 969 1220 1027 dissimulans.
1282 969 1432 1012 Multos
1472 968 1646 1032 Pfffle-

149 1048 275 1088 cturis
307 1052 347 1088 et
367 1048 758 1119 procurationibus,
802 1046 1027 1100 plerosque
1058 1044 1260 1087 senatorii
1292 1043 1453 1086 ordinis
1484 1043 1646 1086 honore

92 1109 94 1111 ¹
145 1106 371 1176 percoluit,
405 1114 602 1177 egregios
633 1122 747 1163 viros
780 1125 818 1162 et
850 1133 946 1162 mox
976 1132 1133 1161 summa
1165 1119 1362 1174 adeptos3
1395 1118 1643 1173 quibusdam

148 1196 312 1238 fortuna
344 1209 418 1250 pro
450 1197 668 1238 virtutibus
701 1196 1085 1238 fuit.Don111vum
1116 1194 1234 1236 militi
1265 1205 1402 1249 neque
1425 1193 1642 1235 Mucianus
1680 1204 1685 1208 ·

143 1271 272 1324 prima
325 1272 544 1324 contione,
590 1272 669 1313 nisi
722 1271 908 1323 modice,
953 1270 1218 1319 ostenderat3
1261 1268 1639 1330 nfflegpasianus

95 1346 309 1402 nsquj‘dem
349 1346 438 1400 plus
481 1347 592 1388 civili
635 1346 744 1388 hello
778 1346 922 1387 obtulit
963 1358 1082 1399 quam
1129 1344 1198 1386 alii
1230 1345 1270 1385 in
1303 1356 1433 1398 pace,
1468 1343 1643 1399 egregie

144 1421 283 1462 firmus
314 1421 514 1463 adversus
538 1422 755 1463 militarem
777 1422 1056 1476 largitionem,
1091 1432 1225 1474 eoque
1248 1419 1436 1461 exercitu
1453 1417 1641 1460 meliore.

142 1495 258 1539 Missi
288 1495 337 1537 ad
361 1496 549 1538 Parthum
567 1496 891 1550 Armeniumque
920 1496 1062 1550 legati,
1094 1495 1391 1549 provisumque
1421 1505 1476 1535 ne
1506 1492 1642 1535 versis

277 1644 310 1678 3.
339 1643 437 1677 emul.
466 1643 530 1679 Ma.
607 1645 640 1680 4.
669 1640 728 1679 dtl.
758 1644 822 1679 Ma.
909 1645 943 1680 6.
979 1643 1143 1689 antyoch.
1172 1642 1236 1678 Ma.
1339 1643 1373 1677 7.
1408 1650 1540 1687 quoque
1567 1641 1643 1676 Ma:

144 1702 296 1736 quaeque
321 1693 356 1725 in
383 1703 453 1738 mg.
484 1692 537 1726 Ma
564 1698 598 1727 et
627 1705 667 1738 pr
693 1693 731 1727 G.
788 1695 842 1729 10.
869 1695 961 1739 pref.
989 1692 1052 1726 illa.
1125 1693 1180 1727 13.
1210 1692 1411 1726 donativum
1438 1689 1503 1725 Ma.
1584 1689 1642 1725 14.

143 1751 187 1774 ne
213 1739 285 1774 Ma:
314 1752 379 1774 nec
406 1741 444 1775 G.
547 1742 601 1777 15.
630 1742 731 1776 civile
763 1753 852 1777 corr.
879 1742 975 1786 civili
1003 1741 1067 1776 Ma.

145 1871 212 1903 sita
250 1876 349 1913 erat,
392 1872 546 1917 ideoque
587 1873 655 1907 hoc
691 1874 771 1908 loco
811 1873 854 1907 de

924 1885 1009 1919 ynes
1023 1873 1192 1919 eoeemplo,
1210 1872 1363 1906 incitare
1381 1872 1520 1917 saepius
1542 1882 1646 1918 quam

146 1929 281 1952 summa
304 1930 420 1953 rerum
448 1921 681 1955 deliberatum
709 1927 774 1956 est.

928 1926 1109 1955 coercere.-
1149 1920 1267 1955 addidi
1304 1921 1488 1954 commatis
1526 1925 1645 1955 notam

209 1978 226 2000 e
242 1967 385 2001 Iudaico
413 1970 569 2003 eoeercitu
586 1970 677 2003 lecta
706 1971 855 2003 decora:

146 2014 255 2048 iidem
281 2021 363 2048 sunt
389 2018 448 2060 qui
477 2028 520 2051 ex
547 2018 703 2061 Syriacis
729 2018 855 2052 militi-

146 2063 212 2097 bus
247 2064 349 2098 modo
384 2065 590 2110 singulatim
636 2068 856 2109 enumerati,

147 2111 254 2157 leyati
280 2113 474 2157 tribunique
507 2120 538 2148 et
563 2114 859 2160 splendidissimus

147 2162 285 2205 quisque
327 2163 568 2196 centurionum
609 2174 653 2196 ac
699 2165 857 2198 militum.

147 2209 430 2253 Splendidissimi
454 2213 699 2245 centurionum
726 2223 767 2246 ac
789 2213 859 2246 mi-

147 2257 247 2291 litum
283 2264 364 2291 sunt
397 2260 456 2304 qui
496 2260 715 2295 facinoribus
745 2272 860 2317 ‘egre-

147 2307 215 2351 giis
244 2313 450 2341 ornamenta
479 2315 704 2352 mer,uerant
743 2311 860 2355 iisque

149 2354 337 2388 decoribus
367 2356 614 2400 splendebant.
661 2358 770 2392 Lecta
797 2359 859 2392 de-

148 2413 234 2435 cora
259 2404 422 2438 similiter
439 2405 572 2439 dictum
599 2417 639 2439 ac
664 2407 756 2440 lecta
777 2418 860 2440 cor-

145 2461 237 2495 pora
263 2451 304 2484 H.
335 2451 364 2485 lt
395 2455 461 2486 11·
454 2480 462 2495 ,
491 2466 506 2487 e
534 2454 678 2489 Iudaico
705 2457 861 2488 exercitu

149 2497 242 2532 idem
269 2499 367 2533 valet
393 2501 485 2545 quod
514 2502 649 2536 Iudaici
675 2505 859 2538 exercitu&

221 2545 306 2591 Cap.
337 2549 395 2583 82.
449 2561 616 2585 revocare
654 2558 859 2585 veteranos.-

148 2597 309 2629 veterani
337 2597 395 2642 qui
423 2598 466 2631 ad
492 2599 655 2633 militiam
683 2611 860 2634 levocan-

148 2648 215 2686 tur,
243 2645 317 2677 suis
346 2646 412 2679 sub
440 2647 583 2681 vexillis
612 2654 774 2694 agentes,
803 2650 861 2681 in-

149 2693 247 2737 genti
274 2695 415 2738 agmine
437 2700 472 2728 ct
497 2706 645 2730 nummo
663 2697 860 2731 Mucianum

151 2740 315 2783 expedita
343 2753 447 2776 mauu
475 2745 509 2776 iu
543 2744 680 2778 ltaliam
709 2751 861 2779 conteu-

151 2787 291 2821 dentem
318 2792 417 2835 sequi
446 2791 613 2826 dicuntur
641 2805 670 2826 c.
700 2794 774 2836 833
811 2794 861 2826 ibi

150 2835 328 2918 veirilllarii
353 2839 590 2882 appellantur.
657 2841 712 2875 Cf.
739 2846 859 2875 annot.

153 2892 184 2916 ει(
266 2885 312 2918 38

225 2931 323 2965 adire
351 2932 499 2980 hortari,
527 2937 632 2972 bonos
656 2938 771 2983 laude,
803 2950 861 2984 sc-

927 1974 1008 2014 post
1037 1969 1190 2014 exemplo
1208 1995 1217 2011 ,
1253 1979 1322 2013 quo
1351 1969 1519 2003 effectum
1545 1974 1584 2002 ut
1611 1974 1647 2003 et

929 2019 1151 2052 concinnitas
1198 2018 1369 2050 orationis
1427 2022 1462 2051 et
1505 2016 1646 2052 dicendi

928 2066 1118 2112 diligentia
1145 2070 1310 2099 accurato
1338 2065 1529 2099 verborum
1557 2077 1646 2100 exa..

930 2116 1019 2149 ctori
1052 2115 1297 2149 restituantur.
1363 2114 1432 2147 lam
1460 2115 1555 2149 enim
1584 2115 1647 2148 bo-

929 2175 991 2197 nos
1008 2163 1123 2206 laude,
1152 2174 1274 2208 segnes
1288 2163 1443 2208 exemplo
1467 2165 1648 2208 pertinent

935 2212 977 2246 ad
1028 2222 1276 2258 praegressum
1317 2211 1483 2255 hortari,
1528 2213 1647 2258 iisque

937 2260 1099 2295 hortandi
1130 2262 1219 2294 ratio
1257 2260 1479 2304 explicatur3
1517 2259 1648 2295 dehinc

931 2320 1072 2343 narrare
1122 2310 1240 2355 pergit
1291 2308 1462 2343 adversus
1514 2319 1647 2356 segnes

929 2369 1046 2392 acrem
1086 2358 1198 2391 fuisse
1240 2357 1530 2401 Vespasianum,
1582 2357 1648 2392 sed

929 2408 988 2451 qui
1014 2408 1121 2440 nimia
1146 2407 1223 2440 ausi
1245 2407 1328 2449 sint,
1355 2406 1398 2440 ab
1425 2405 1552 2440 eodem
1574 2417 1647 2440 non

930 2457 1105 2489 coercitos
1135 2466 1227 2489 esse.

998 2505 1232 2548 praefecturis
1245 2515 1269 2546 ·’-
1283 2502 1468 2549 intelligas
1495 2502 1642 2547 praefe-

932 2557 1047 2586 cturas
1073 2553 1289 2595 colloretum,
1318 2551 1479 2595 alarum,
1507 2557 1647 2586 castro-

930 2613 1007 2634 rum
1033 2606 1130 2643 cet.;
1156 2601 1426 2647 procurationes
1451 2604 1534 2634 sunt.
1561 2610 1648 2645 pro-

932 2655 1132 2683 curatorum
1175 2650 1307 2683 officia.
1373 2649 1473 2691 Quae
1514 2660 1648 2684 summa

931 2697 1034 2740 dicit,
1074 2703 1154 2731 sunt
1193 2698 1400 2732 consulatus
1429 2697 1584 2731 honores
1612 2701 1648 2732 et

931 2747 1192 2789 provinciarum
1222 2746 1563 2780 administrationes.
1586 2751 1589 2753 ’

1004 2806 1046 2828 nc
1081 2795 1315 2840 Vespasianus
1351 2794 1508 2838 quidem.-
1551 2793 1648 2828 libe-

931 2843 1024 2876 riore
1051 2848 1229 2877 structura
1245 2842 1435 2876 verborum
1457 2852 1542 2876 usus
1569 2846 1650 2887 post

930 2902 1037 2936 neque
1086 2892 1273 2926 Mucianus
1324 2891 1525 2924 ostenderat
1577 2900 1648 2924 non

930 2940 1087 2984 perrexit
1114 2939 1241 2975 eodem
1268 2938 1409 2973 tramite
1430 2949 1496 2973 nec
1515 2938 1650 2985 Vespa..
