<?xml version="1.0" encoding="UTF-8"?>
<!DOCTYPE html PUBLIC "-//W3C//DTD XHTML 1.0 Transitional//EN"
    "http://www.w3.org/TR/xhtml1/DTD/xhtml1-transitional.dtd">
<html xmlns="http://www.w3.org/1999/xhtml" xml:lang="en" lang="en">
 <head>
  <title>
</title>
<meta http-equiv="Content-Type" content="text/html;charset=utf-8" />
  <meta name='ocr-system' content='tesseract 3.04.00' />
  <meta name='ocr-capabilities' content='ocr_page ocr_carea ocr_par ocr_line ocrx_word'/>
</head>
<body>
  <div class='ocr_page' id='page_1' title='image "./operaadcodicesan03taciuoft/operaadcodicesan03taciuoft_0535.png"; bbox 0 0 1768 3216; ppageno 0'>
   <div class='ocr_carea' id='block_1_1' title="bbox 144 226 601 266">
    <p class='ocr_par' dir='ltr' id='par_1_1' title="bbox 144 226 601 266">
     <span class='ocr_line' id='line_1_1' title="bbox 144 226 601 266; baseline -0.004 0"><span class='ocrx_word' id='word_1_1' title='bbox 144 226 191 266; x_wconf 65' lang='grc' dir='ltr'><strong>-ιέ</strong></span> <span class='ocrx_word' id='word_1_2' title='bbox 216 229 365 266; x_wconf 47' lang='lat' dir='ltr'><strong>&#39;isaei-7.</strong></span> <span class='ocrx_word' id='word_1_3' title='bbox 427 240 449 264; x_wconf 85' lang='lat' dir='ltr'><strong>a</strong></span> <span class='ocrx_word' id='word_1_4' title='bbox 474 229 515 265; x_wconf 87' lang='lat' dir='ltr'><strong>G.</strong></span> <span class='ocrx_word' id='word_1_5' title='bbox 541 230 601 265; x_wconf 80' lang='lat'><strong>64.</strong></span> 
     </span>
    </p>
   </div>
   <div class='ocr_carea' id='block_1_2' title="bbox 803 227 1025 265">
    <p class='ocr_par' dir='ltr' id='par_1_2' title="bbox 803 227 1025 265">
     <span class='ocr_line' id='line_1_2' title="bbox 803 227 1025 265; baseline -0.005 -1"><span class='ocrx_word' id='word_1_6' title='bbox 803 229 890 264; x_wconf 69' lang='lat' dir='ltr'><strong>Gn.</strong></span> <span class='ocrx_word' id='word_1_7' title='bbox 914 227 1025 265; x_wconf 69' lang='lat'><strong>5-6,</strong></span> 
     </span>
    </p>
   </div>
   <div class='ocr_carea' id='block_1_3' title="bbox 290 343 1647 400">
    <p class='ocr_par' dir='ltr' id='par_1_3' title="bbox 290 343 1647 400">
     <span class='ocr_line' id='line_1_3' title="bbox 290 343 1647 400; baseline -0.001 -12"><span class='ocrx_word' id='word_1_8' title='bbox 290 345 399 388; x_wconf 87' lang='lat' dir='ltr'><strong>Hine</strong></span> <span class='ocrx_word' id='word_1_9' title='bbox 429 345 482 388; x_wconf 86' lang='lat' dir='ltr'><strong>ad</strong></span> <span class='ocrx_word' id='word_1_10' title='bbox 508 345 792 400; x_wconf 86' lang='lat' dir='ltr'><strong>capessendos</strong></span> <span class='ocrx_word' id='word_1_11' title='bbox 838 346 1105 400; x_wconf 76' lang='lat' dir='ltr'><strong>magistratus</strong></span> <span class='ocrx_word' id='word_1_12' title='bbox 1143 344 1186 386; x_wconf 92' lang='lat' dir='ltr'><strong>in</strong></span> <span class='ocrx_word' id='word_1_13' title='bbox 1232 343 1379 386; x_wconf 88' lang='lat' dir='ltr'><strong>urbem</strong></span> <span class='ocrx_word' id='word_1_14' title='bbox 1417 343 1647 399; x_wconf 78' lang='lat' dir='ltr'><strong>digressus,</strong></span> 
     </span>
    </p>
   </div>
   <div class='ocr_carea' id='block_1_4' title="bbox 149 418 1648 622">
    <p class='ocr_par' dir='ltr' id='par_1_4' title="bbox 149 418 1648 622">
     <span class='ocr_line' id='line_1_4' title="bbox 149 418 1648 474; baseline -0.001 -13"><span class='ocrx_word' id='word_1_15' title='bbox 149 419 380 461; x_wconf 79' lang='lat' dir='ltr'><strong>Domitiam</strong></span> <span class='ocrx_word' id='word_1_16' title='bbox 411 420 701 473; x_wconf 83' lang='lat' dir='ltr'><strong>Decidianam,</strong></span> <span class='ocrx_word' id='word_1_17' title='bbox 730 419 961 474; x_wconf 83' lang='lat' dir='ltr'><strong>splendidis</strong></span> <span class='ocrx_word' id='word_1_18' title='bbox 986 419 1190 462; x_wconf 86' lang='lat' dir='ltr'><strong>natalibus</strong></span> <span class='ocrx_word' id='word_1_19' title='bbox 1216 422 1365 471; x_wconf 89' lang='lat' dir='ltr'><strong>ortam,</strong></span> <span class='ocrx_word' id='word_1_20' title='bbox 1394 418 1476 460; x_wconf 85' lang='lat' dir='ltr'><strong>sibi</strong></span> <span class='ocrx_word' id='word_1_21' title='bbox 1504 418 1648 460; x_wconf 85' lang='lat' dir='ltr'><strong>iunxit.</strong></span> 
     </span>
     <span class='ocr_line' id='line_1_5' title="bbox 153 491 1648 548; baseline -0.001 -12"><span class='ocrx_word' id='word_1_22' title='bbox 153 493 283 548; x_wconf 83' lang='lat' dir='ltr'><strong>quue</strong></span> <span class='ocrx_word' id='word_1_23' title='bbox 320 495 627 537; x_wconf 78' lang='lat' dir='ltr'><strong>matrimonium</strong></span> <span class='ocrx_word' id='word_1_24' title='bbox 661 495 714 536; x_wconf 86' lang='lat' dir='ltr'><strong>ad</strong></span> <span class='ocrx_word' id='word_1_25' title='bbox 753 495 912 536; x_wconf 86' lang='lat' dir='ltr'><strong>maiora</strong></span> <span class='ocrx_word' id='word_1_26' title='bbox 943 494 1088 535; x_wconf 75' lang='lat' dir='ltr'><strong>nitenti</strong></span> <span class='ocrx_word' id='word_1_27' title='bbox 1129 493 1258 535; x_wconf 89' lang='lat' dir='ltr'><strong>decus</strong></span> <span class='ocrx_word' id='word_1_28' title='bbox 1299 505 1349 535; x_wconf 88' lang='lat' dir='ltr'><strong>ac</strong></span> <span class='ocrx_word' id='word_1_29' title='bbox 1390 492 1521 534; x_wconf 89' lang='lat' dir='ltr'><strong>robur</strong></span> <span class='ocrx_word' id='word_1_30' title='bbox 1559 491 1648 534; x_wconf 82' lang='lat' dir='ltr'><strong>fuit.</strong></span> 
     </span>
     <span class='ocr_line' id='line_1_6' title="bbox 152 567 1648 622; baseline -0.003 -11"><span class='ocrx_word' id='word_1_31' title='bbox 152 568 435 622; x_wconf 71' lang='lat' dir='ltr'><strong>vixeruntque</strong></span> <span class='ocrx_word' id='word_1_32' title='bbox 472 570 577 611; x_wconf 88' lang='lat' dir='ltr'><strong>mira</strong></span> <span class='ocrx_word' id='word_1_33' title='bbox 624 569 901 621; x_wconf 70' lang='lat' dir='ltr'><strong>concordia„</strong></span> <span class='ocrx_word' id='word_1_34' title='bbox 926 581 1001 622; x_wconf 90' lang='lat' dir='ltr'><strong>per</strong></span> <span class='ocrx_word' id='word_1_35' title='bbox 1038 572 1220 610; x_wconf 90' lang='lat' dir='ltr'><strong>mutuam</strong></span> <span class='ocrx_word' id='word_1_36' title='bbox 1260 567 1476 609; x_wconf 87' lang='lat' dir='ltr'><strong>caritatem</strong></span> <span class='ocrx_word' id='word_1_37' title='bbox 1517 570 1559 608; x_wconf 89' lang='lat' dir='ltr'><strong>et</strong></span> <span class='ocrx_word' id='word_1_38' title='bbox 1603 567 1648 608; x_wconf 89' lang='lat' dir='ltr'><strong>in</strong></span> 
     </span>
    </p>
   </div>
   <div class='ocr_carea' id='block_1_5' title="bbox 79 642 1680 699">
    <p class='ocr_par' dir='ltr' id='par_1_5' title="bbox 79 642 1680 699">
     <span class='ocr_line' id='line_1_7' title="bbox 79 642 1680 699; baseline -0.002 -14"><span class='ocrx_word' id='word_1_39' title='bbox 79 692 92 699; x_wconf 31' lang='grc' dir='ltr'><em>φ</em></span> <span class='ocrx_word' id='word_1_40' title='bbox 151 642 289 686; x_wconf 76' lang='lat' dir='ltr'><strong>vicem</strong></span> <span class='ocrx_word' id='word_1_41' title='bbox 315 655 363 685; x_wconf 88' lang='lat' dir='ltr'><strong>se</strong></span> <span class='ocrx_word' id='word_1_42' title='bbox 394 643 714 697; x_wconf 87' lang='lat' dir='ltr'><strong>anteponendo,</strong></span> <span class='ocrx_word' id='word_1_43' title='bbox 747 643 829 684; x_wconf 88' lang='lat' dir='ltr'><strong>nisi</strong></span> <span class='ocrx_word' id='word_1_44' title='bbox 857 643 967 696; x_wconf 92' lang='lat' dir='ltr'><strong>quod</strong></span> <span class='ocrx_word' id='word_1_45' title='bbox 997 643 1040 683; x_wconf 90' lang='lat' dir='ltr'><strong>in</strong></span> <span class='ocrx_word' id='word_1_46' title='bbox 1069 642 1181 684; x_wconf 89' lang='lat' dir='ltr'><strong>bona</strong></span> <span class='ocrx_word' id='word_1_47' title='bbox 1207 654 1340 698; x_wconf 82' lang='lat' dir='ltr'><strong>uxore</strong></span> <span class='ocrx_word' id='word_1_48' title='bbox 1372 645 1486 683; x_wconf 89' lang='lat' dir='ltr'><strong>tanto</strong></span> <span class='ocrx_word' id='word_1_49' title='bbox 1516 642 1680 683; x_wconf 62' lang='lat' dir='ltr'><strong>maiore</strong></span> 
     </span>
    </p>
   </div>
   <div class='ocr_carea' id='block_1_6' title="bbox 153 715 1651 771">
    <p class='ocr_par' dir='ltr' id='par_1_6' title="bbox 153 715 1651 771">
     <span class='ocr_line' id='line_1_8' title="bbox 153 715 1651 771; baseline -0.001 -13"><span class='ocrx_word' id='word_1_50' title='bbox 153 715 245 758; x_wconf 90' lang='lat' dir='ltr'><strong>laus</strong></span> <span class='ocrx_word' id='word_1_51' title='bbox 275 720 428 770; x_wconf 85' lang='lat' dir='ltr'><strong>quanto</strong></span> <span class='ocrx_word' id='word_1_52' title='bbox 466 717 509 758; x_wconf 92' lang='lat' dir='ltr'><strong>in</strong></span> <span class='ocrx_word' id='word_1_53' title='bbox 538 717 644 758; x_wconf 89' lang='lat' dir='ltr'><strong>mala</strong></span> <span class='ocrx_word' id='word_1_54' title='bbox 673 717 765 771; x_wconf 90' lang='lat' dir='ltr'><strong>plus</strong></span> <span class='ocrx_word' id='word_1_55' title='bbox 796 716 942 770; x_wconf 89' lang='lat' dir='ltr'><strong>culpae</strong></span> <span class='ocrx_word' id='word_1_56' title='bbox 972 721 1048 758; x_wconf 87' lang='lat' dir='ltr'><strong>est.</strong></span> <span class='ocrx_word' id='word_1_57' title='bbox 1090 717 1191 759; x_wconf 91' lang='lat' dir='ltr'><strong>Sors</strong></span> <span class='ocrx_word' id='word_1_58' title='bbox 1212 720 1459 770; x_wconf 80' lang='lat' dir='ltr'><strong>quaesturae</strong></span> <span class='ocrx_word' id='word_1_59' title='bbox 1474 715 1651 769; x_wconf 88' lang='lat' dir='ltr'><strong>provin-</strong></span> 
     </span>
    </p>
   </div>
   <div class='ocr_carea' id='block_1_7' title="bbox 152 789 1405 844">
    <p class='ocr_par' dir='ltr' id='par_1_7' title="bbox 152 789 1405 844">
     <span class='ocr_line' id='line_1_9' title="bbox 152 789 1405 844; baseline 0 -13"><span class='ocrx_word' id='word_1_60' title='bbox 152 789 260 832; x_wconf 83' lang='lat' dir='ltr'><strong>ciam</strong></span> <span class='ocrx_word' id='word_1_61' title='bbox 285 789 460 843; x_wconf 84' lang='lat' dir='ltr'><strong>Asiam,</strong></span> <span class='ocrx_word' id='word_1_62' title='bbox 506 791 800 844; x_wconf 86' lang='lat' dir='ltr'><strong>proconsulem</strong></span> <span class='ocrx_word' id='word_1_63' title='bbox 832 790 1015 833; x_wconf 87' lang='lat' dir='ltr'><strong>Salvium</strong></span> <span class='ocrx_word' id='word_1_64' title='bbox 1043 790 1247 831; x_wconf 87' lang='lat' dir='ltr'><strong>Titianum</strong></span> <span class='ocrx_word' id='word_1_65' title='bbox 1277 790 1405 832; x_wconf 80' lang='lat' dir='ltr'><strong>dedit.</strong></span> 
     </span>
    </p>
   </div>
   <div class='ocr_carea' id='block_1_8' title="bbox 1464 790 1649 839">
    <p class='ocr_par' dir='ltr' id='par_1_8' title="bbox 1464 790 1649 839">
     <span class='ocr_line' id='line_1_10' title="bbox 1464 790 1649 839; baseline 0 -8"><span class='ocrx_word' id='word_1_66' title='bbox 1464 790 1649 839; x_wconf 83' lang='lat' dir='ltr'><strong>Quorum</strong></span> 
     </span>
    </p>
   </div>
   <div class='ocr_carea' id='block_1_9' title="bbox 148 864 1704 1066">
    <p class='ocr_par' dir='ltr' id='par_1_9' title="bbox 148 864 1704 1066">
     <span class='ocr_line' id='line_1_11' title="bbox 150 864 1650 919; baseline -0.001 -13"><span class='ocrx_word' id='word_1_67' title='bbox 150 868 300 906; x_wconf 82' lang='lat' dir='ltr'><strong>neutro</strong></span> <span class='ocrx_word' id='word_1_68' title='bbox 331 869 549 918; x_wconf 91' lang='lat' dir='ltr'><strong>corruptus</strong></span> <span class='ocrx_word' id='word_1_69' title='bbox 576 870 654 918; x_wconf 89' lang='lat' dir='ltr'><strong>est,</strong></span> <span class='ocrx_word' id='word_1_70' title='bbox 684 877 931 919; x_wconf 90' lang='lat' dir='ltr'><strong>quamquam</strong></span> <span class='ocrx_word' id='word_1_71' title='bbox 962 869 1002 906; x_wconf 88' lang='lat' dir='ltr'><strong>et</strong></span> <span class='ocrx_word' id='word_1_72' title='bbox 1030 865 1248 918; x_wconf 87' lang='lat' dir='ltr'><strong>provincia</strong></span> <span class='ocrx_word' id='word_1_73' title='bbox 1279 864 1399 906; x_wconf 89' lang='lat' dir='ltr'><strong>dives</strong></span> <span class='ocrx_word' id='word_1_74' title='bbox 1429 876 1479 905; x_wconf 88' lang='lat' dir='ltr'><strong>ae</strong></span> <span class='ocrx_word' id='word_1_75' title='bbox 1506 867 1650 917; x_wconf 85' lang='lat' dir='ltr'><strong>parata</strong></span> 
     </span>
     <span class='ocr_line' id='line_1_12' title="bbox 150 938 1651 992; baseline -0.001 -13"><span class='ocrx_word' id='word_1_76' title='bbox 150 938 436 992; x_wconf 75' lang='lat' dir='ltr'><strong>peccantibus,</strong></span> <span class='ocrx_word' id='word_1_77' title='bbox 471 943 511 979; x_wconf 90' lang='lat' dir='ltr'><strong>et</strong></span> <span class='ocrx_word' id='word_1_78' title='bbox 539 939 765 992; x_wconf 84' lang='lat' dir='ltr'><strong>proconsul</strong></span> <span class='ocrx_word' id='word_1_79' title='bbox 796 939 838 979; x_wconf 90' lang='lat' dir='ltr'><strong>in</strong></span> <span class='ocrx_word' id='word_1_80' title='bbox 869 951 1034 980; x_wconf 88' lang='lat' dir='ltr'><strong>omnem</strong></span> <span class='ocrx_word' id='word_1_81' title='bbox 1064 939 1305 980; x_wconf 81' lang='lat' dir='ltr'><strong>aviditatem</strong></span> <span class='ocrx_word' id='word_1_82' title='bbox 1332 949 1490 991; x_wconf 91' lang='lat' dir='ltr'><strong>pronus</strong></span> <span class='ocrx_word' id='word_1_83' title='bbox 1511 948 1651 991; x_wconf 85' lang='lat' dir='ltr'><strong>quan-</strong></span> 
     </span>
     <span class='ocr_line' id='line_1_13' title="bbox 148 1011 1704 1066; baseline -0.003 -11"><span class='ocrx_word' id='word_1_84' title='bbox 148 1012 293 1055; x_wconf 79' lang='lat' dir='ltr'><strong>talibet</strong></span> <span class='ocrx_word' id='word_1_85' title='bbox 321 1012 521 1054; x_wconf 64' lang='lat' dir='ltr'><strong>facilitate</strong></span> <span class='ocrx_word' id='word_1_86' title='bbox 555 1013 844 1066; x_wconf 72' lang='lat' dir='ltr'><strong>redempturus</strong></span> <span class='ocrx_word' id='word_1_87' title='bbox 889 1017 1002 1054; x_wconf 89' lang='lat' dir='ltr'><strong>esset</strong></span> <span class='ocrx_word' id='word_1_88' title='bbox 1049 1017 1229 1053; x_wconf 88' lang='lat' dir='ltr'><strong>mutuam</strong></span> <span class='ocrx_word' id='word_1_89' title='bbox 1274 1011 1650 1053; x_wconf 88' lang='lat' dir='ltr'><strong>dissimulationem</strong></span> <span class='ocrx_word' id='word_1_90' title='bbox 1666 1020 1704 1049; x_wconf 83' lang='lat' dir='ltr'><strong>to</strong></span> 
     </span>
    </p>
   </div>
   <div class='ocr_carea' id='block_1_10' title="bbox 150 1085 260 1128">
    <p class='ocr_par' dir='ltr' id='par_1_10' title="bbox 150 1085 260 1128">
     <span class='ocr_line' id='line_1_14' title="bbox 150 1085 260 1128; baseline -0.009 0"><span class='ocrx_word' id='word_1_91' title='bbox 150 1085 260 1128; x_wconf 88' lang='lat' dir='ltr'><strong>mali.</strong></span> 
     </span>
    </p>
   </div>
   <div class='ocr_carea' id='block_1_11' title="bbox 319 1085 1650 1139">
    <p class='ocr_par' dir='ltr' id='par_1_11' title="bbox 319 1085 1650 1139">
     <span class='ocr_line' id='line_1_15' title="bbox 319 1085 1650 1139; baseline -0.001 -12"><span class='ocrx_word' id='word_1_92' title='bbox 319 1085 479 1127; x_wconf 80' lang='lat' dir='ltr'><strong>Auctus</strong></span> <span class='ocrx_word' id='word_1_93' title='bbox 511 1091 575 1127; x_wconf 89' lang='lat' dir='ltr'><strong>est</strong></span> <span class='ocrx_word' id='word_1_94' title='bbox 604 1086 662 1127; x_wconf 89' lang='lat' dir='ltr'><strong>ibi</strong></span> <span class='ocrx_word' id='word_1_95' title='bbox 692 1086 799 1139; x_wconf 89' lang='lat' dir='ltr'><strong>filia,</strong></span> <span class='ocrx_word' id='word_1_96' title='bbox 847 1087 889 1127; x_wconf 92' lang='lat' dir='ltr'><strong>in</strong></span> <span class='ocrx_word' id='word_1_97' title='bbox 919 1086 1149 1128; x_wconf 89' lang='lat' dir='ltr'><strong>subsidium</strong></span> <span class='ocrx_word' id='word_1_98' title='bbox 1190 1085 1312 1127; x_wconf 91' lang='lat' dir='ltr'><strong>simul</strong></span> <span class='ocrx_word' id='word_1_99' title='bbox 1351 1089 1392 1126; x_wconf 89' lang='lat' dir='ltr'><strong>et</strong></span> <span class='ocrx_word' id='word_1_100' title='bbox 1434 1085 1650 1126; x_wconf 86' lang='lat' dir='ltr'><strong>solatium:</strong></span> 
     </span>
    </p>
   </div>
   <div class='ocr_carea' id='block_1_12' title="bbox 150 1159 1646 1288">
    <p class='ocr_par' dir='ltr' id='par_1_12' title="bbox 150 1159 1646 1288">
     <span class='ocr_line' id='line_1_16' title="bbox 150 1159 1646 1213; baseline -0.001 -12"><span class='ocrx_word' id='word_1_101' title='bbox 150 1171 247 1202; x_wconf 90' lang='lat' dir='ltr'><strong>nam</strong></span> <span class='ocrx_word' id='word_1_102' title='bbox 276 1159 403 1202; x_wconf 86' lang='lat' dir='ltr'><strong>filium</strong></span> <span class='ocrx_word' id='word_1_103' title='bbox 433 1164 530 1201; x_wconf 86' lang='lat' dir='ltr'><strong>ante</strong></span> <span class='ocrx_word' id='word_1_104' title='bbox 558 1160 763 1202; x_wconf 90' lang='lat' dir='ltr'><strong>sublatum</strong></span> <span class='ocrx_word' id='word_1_105' title='bbox 793 1161 912 1202; x_wconf 89' lang='lat' dir='ltr'><strong>brevi</strong></span> <span class='ocrx_word' id='word_1_106' title='bbox 942 1161 1091 1202; x_wconf 87' lang='lat' dir='ltr'><strong>amisit.</strong></span> <span class='ocrx_word' id='word_1_107' title='bbox 1136 1160 1235 1202; x_wconf 86' lang='lat' dir='ltr'><strong>Mox</strong></span> <span class='ocrx_word' id='word_1_108' title='bbox 1253 1161 1363 1201; x_wconf 90' lang='lat' dir='ltr'><strong>inter</strong></span> <span class='ocrx_word' id='word_1_109' title='bbox 1383 1163 1646 1213; x_wconf 80' lang='lat' dir='ltr'><strong>quaesturam</strong></span> 
     </span>
     <span class='ocr_line' id='line_1_17' title="bbox 154 1234 1646 1288; baseline -0.001 -13"><span class='ocrx_word' id='word_1_110' title='bbox 154 1245 204 1275; x_wconf 87' lang='lat' dir='ltr'><strong>ac</strong></span> <span class='ocrx_word' id='word_1_111' title='bbox 248 1234 498 1276; x_wconf 88' lang='lat' dir='ltr'><strong>tribunatum</strong></span> <span class='ocrx_word' id='word_1_112' title='bbox 535 1234 668 1288; x_wconf 86' lang='lat' dir='ltr'><strong>plebis</strong></span> <span class='ocrx_word' id='word_1_113' title='bbox 712 1239 835 1288; x_wconf 86' lang='lat' dir='ltr'><strong>atque</strong></span> <span class='ocrx_word' id='word_1_114' title='bbox 871 1235 1005 1288; x_wconf 89' lang='lat' dir='ltr'><strong>ipsum</strong></span> <span class='ocrx_word' id='word_1_115' title='bbox 1047 1234 1173 1276; x_wconf 88' lang='lat' dir='ltr'><strong>etiam</strong></span> <span class='ocrx_word' id='word_1_116' title='bbox 1213 1234 1449 1276; x_wconf 86' lang='lat' dir='ltr'><strong>tribunatus</strong></span> <span class='ocrx_word' id='word_1_117' title='bbox 1495 1243 1646 1274; x_wconf 91' lang='lat' dir='ltr'><strong>annum</strong></span> 
     </span>
    </p>
   </div>
   <div class='ocr_carea' id='block_1_13' title="bbox 293 1415 1649 1460">
    <p class='ocr_par' dir='ltr' id='par_1_13' title="bbox 293 1415 1649 1460">
     <span class='ocr_line' id='line_1_18' title="bbox 293 1415 1649 1460; baseline 0.001 -12"><span class='ocrx_word' id='word_1_118' title='bbox 293 1416 324 1449; x_wconf 86' lang='lat'><strong>1.</strong></span> <span class='ocrx_word' id='word_1_119' title='bbox 353 1415 535 1460; x_wconf 67' lang='lat' dir='ltr'><strong>degressus</strong></span> <span class='ocrx_word' id='word_1_120' title='bbox 563 1417 602 1459; x_wconf 84' lang='lat' dir='ltr'><strong>(e</strong></span> <span class='ocrx_word' id='word_1_121' title='bbox 627 1420 759 1460; x_wconf 87' lang='lat' dir='ltr'><strong>puncto</strong></span> <span class='ocrx_word' id='word_1_122' title='bbox 786 1415 1015 1448; x_wconf 87' lang='lat' dir='ltr'><strong>subnotatum</strong></span> <span class='ocrx_word' id='word_1_123' title='bbox 1042 1418 1078 1449; x_wconf 84' lang='lat' dir='ltr'><strong>et</strong></span> <span class='ocrx_word' id='word_1_124' title='bbox 1103 1415 1116 1448; x_wconf 86' lang='lat' dir='ltr'><strong>i</strong></span> <span class='ocrx_word' id='word_1_125' title='bbox 1140 1415 1435 1458; x_wconf 81' lang='lat' dir='ltr'><strong>superscriptum)</strong></span> <span class='ocrx_word' id='word_1_126' title='bbox 1462 1417 1497 1449; x_wconf 93' lang='grc' dir='ltr'><strong>Γ.</strong></span> <span class='ocrx_word' id='word_1_127' title='bbox 1550 1416 1584 1449; x_wconf 88' lang='grc'><strong>5.</strong></span> <span class='ocrx_word' id='word_1_128' title='bbox 1612 1425 1649 1448; x_wconf 85' lang='lat' dir='ltr'><strong>se</strong></span> 
     </span>
    </p>
   </div>
   <div class='ocr_carea' id='block_1_14' title="bbox 155 1463 762 1546">
    <p class='ocr_par' dir='ltr' id='par_1_14' title="bbox 155 1463 762 1546">
     <span class='ocr_line' id='line_1_19' title="bbox 155 1463 581 1509; baseline 0.007 -14"><span class='ocrx_word' id='word_1_129' title='bbox 155 1463 349 1509; x_wconf 77' lang='lat' dir='ltr'><strong>appetendo</strong></span> <span class='ocrx_word' id='word_1_130' title='bbox 373 1465 417 1505; x_wconf 87' lang='grc' dir='ltr'><strong>Δ,</strong></span> <span class='ocrx_word' id='word_1_131' title='bbox 443 1473 512 1496; x_wconf 67' lang='lat' dir='ltr'><strong>nori</strong></span> <span class='ocrx_word' id='word_1_132' title='bbox 542 1466 581 1498; x_wconf 95' lang='grc' dir='ltr'><strong>Γ.</strong></span> 
     </span>
     <span class='ocr_line' id='line_1_20' title="bbox 157 1510 762 1546; baseline 0.002 -1"><span class='ocrx_word' id='word_1_133' title='bbox 157 1517 191 1546; x_wconf 80' lang='lat' dir='ltr'><strong>et</strong></span> <span class='ocrx_word' id='word_1_134' title='bbox 214 1510 376 1546; x_wconf 75' lang='lat' dir='ltr'><strong>solatium</strong></span> <span class='ocrx_word' id='word_1_135' title='bbox 401 1512 503 1545; x_wconf 84' lang='lat' dir='ltr'><strong>simut</strong></span> <span class='ocrx_word' id='word_1_136' title='bbox 533 1511 762 1546; x_wconf 86' lang='lat' dir='ltr'><strong>Puteolanus.</strong></span> 
     </span>
    </p>
   </div>
   <div class='ocr_carea' id='block_1_15' title="bbox 681 1463 1013 1508">
    <p class='ocr_par' dir='ltr' id='par_1_15' title="bbox 681 1463 1013 1508">
     <span class='ocr_line' id='line_1_21' title="bbox 681 1463 1013 1508; baseline -0.006 -11"><span class='ocrx_word' id='word_1_137' title='bbox 681 1463 715 1498; x_wconf 87' lang='lat'><strong>9.</strong></span> <span class='ocrx_word' id='word_1_138' title='bbox 743 1463 947 1508; x_wconf 78' lang='lat' dir='ltr'><strong>quantilibet</strong></span> <span class='ocrx_word' id='word_1_139' title='bbox 970 1465 1013 1498; x_wconf 90' lang='grc' dir='ltr'><strong>Δ.</strong></span> 
     </span>
    </p>
   </div>
   <div class='ocr_carea' id='block_1_16' title="bbox 1121 1462 1650 1497">
    <p class='ocr_par' dir='ltr' id='par_1_16' title="bbox 1121 1462 1650 1497">
     <span class='ocr_line' id='line_1_22' title="bbox 1121 1462 1650 1497; baseline -0.002 -1"><span class='ocrx_word' id='word_1_140' title='bbox 1121 1465 1176 1496; x_wconf 82' lang='grc'><strong>11.</strong></span> <span class='ocrx_word' id='word_1_141' title='bbox 1201 1462 1304 1496; x_wconf 81' lang='lat' dir='ltr'><strong>simul</strong></span> <span class='ocrx_word' id='word_1_142' title='bbox 1329 1468 1361 1496; x_wconf 82' lang='lat' dir='ltr'><strong>et</strong></span> <span class='ocrx_word' id='word_1_143' title='bbox 1384 1462 1546 1497; x_wconf 84' lang='lat' dir='ltr'><strong>solatium</strong></span> <span class='ocrx_word' id='word_1_144' title='bbox 1571 1465 1650 1497; x_wconf 77' lang='lat' dir='ltr'><strong>TA:</strong></span> 
     </span>
    </p>
   </div>
   <div class='ocr_carea' id='block_1_17' title="bbox 832 1512 1651 1556">
    <p class='ocr_par' dir='ltr' id='par_1_17' title="bbox 832 1512 1651 1556">
     <span class='ocr_line' id='line_1_23' title="bbox 832 1512 1651 1556; baseline -0.002 -10"><span class='ocrx_word' id='word_1_145' title='bbox 832 1513 886 1547; x_wconf 88' lang='lat'><strong>12.</strong></span> <span class='ocrx_word' id='word_1_146' title='bbox 914 1513 1007 1545; x_wconf 85' lang='lat' dir='ltr'><strong>inter</strong></span> <span class='ocrx_word' id='word_1_147' title='bbox 1027 1517 1235 1556; x_wconf 79' lang='lat' dir='ltr'><strong>praeturam</strong></span> <span class='ocrx_word' id='word_1_148' title='bbox 1263 1517 1484 1555; x_wconf 77' lang='lat' dir='ltr'><strong>quaesturam</strong></span> <span class='ocrx_word' id='word_1_149' title='bbox 1509 1512 1651 1556; x_wconf 87' lang='lat' dir='ltr'><strong>punctis</strong></span> 
     </span>
    </p>
   </div>
   <div class='ocr_carea' id='block_1_18' title="bbox 158 1558 1652 1605">
    <p class='ocr_par' dir='ltr' id='par_1_18' title="bbox 158 1558 1652 1605">
     <span class='ocr_line' id='line_1_24' title="bbox 158 1558 1652 1605; baseline 0.001 -12"><span class='ocrx_word' id='word_1_150' title='bbox 158 1558 350 1594; x_wconf 76' lang='lat' dir='ltr'><strong>subnotato</strong></span> <span class='ocrx_word' id='word_1_151' title='bbox 378 1561 522 1594; x_wconf 88' lang='lat' dir='ltr'><strong>nomine</strong></span> <span class='ocrx_word' id='word_1_152' title='bbox 543 1566 751 1605; x_wconf 80' lang='lat' dir='ltr'><strong>praeturam</strong></span> <span class='ocrx_word' id='word_1_153' title='bbox 779 1562 817 1595; x_wconf 95' lang='grc' dir='ltr'><strong>Γ.</strong></span> <span class='ocrx_word' id='word_1_154' title='bbox 870 1561 985 1594; x_wconf 89' lang='lat' dir='ltr'><strong>tenuit</strong></span> <span class='ocrx_word' id='word_1_155' title='bbox 1011 1560 1136 1593; x_wconf 88' lang='lat' dir='ltr'><strong>vitium</strong></span> <span class='ocrx_word' id='word_1_156' title='bbox 1163 1558 1390 1593; x_wconf 83' lang='lat' dir='ltr'><strong>Puteolanus.</strong></span> <span class='ocrx_word' id='word_1_157' title='bbox 1446 1561 1500 1594; x_wconf 84' lang='lat'><strong>13.</strong></span> <span class='ocrx_word' id='word_1_158' title='bbox 1540 1560 1652 1605; x_wconf 83' lang='lat' dir='ltr'><strong>ipsum</strong></span> 
     </span>
    </p>
   </div>
   <div class='ocr_carea' id='block_1_19' title="bbox 159 1607 885 1654">
    <p class='ocr_par' dir='ltr' id='par_1_19' title="bbox 159 1607 885 1654">
     <span class='ocr_line' id='line_1_25' title="bbox 159 1607 885 1654; baseline 0 -12"><span class='ocrx_word' id='word_1_159' title='bbox 159 1607 265 1642; x_wconf 77' lang='lat' dir='ltr'><strong>etiam</strong></span> <span class='ocrx_word' id='word_1_160' title='bbox 290 1609 368 1642; x_wconf 81' lang='lat' dir='ltr'><strong>I&#39;A:</strong></span> <span class='ocrx_word' id='word_1_161' title='bbox 394 1609 499 1642; x_wconf 83' lang='lat' dir='ltr'><strong>etiam</strong></span> <span class='ocrx_word' id='word_1_162' title='bbox 522 1609 634 1654; x_wconf 83' lang='lat' dir='ltr'><strong>ipsum</strong></span> <span class='ocrx_word' id='word_1_163' title='bbox 658 1608 885 1642; x_wconf 89' lang='lat' dir='ltr'><strong>Puteolanus.</strong></span> 
     </span>
    </p>
   </div>
   <div class='ocr_carea' id='block_1_20' title="bbox 151 1768 869 2199">
    <p class='ocr_par' dir='ltr' id='par_1_20' title="bbox 151 1768 869 2199">
     <span class='ocr_line' id='line_1_26' title="bbox 151 1768 869 1814; baseline 0 -12"><span class='ocrx_word' id='word_1_164' title='bbox 151 1768 303 1814; x_wconf 83' lang='lat' dir='ltr'><strong>gistratu</strong></span> <span class='ocrx_word' id='word_1_165' title='bbox 339 1769 434 1803; x_wconf 90' lang='lat' dir='ltr'><strong>inter</strong></span> <span class='ocrx_word' id='word_1_166' title='bbox 468 1774 695 1814; x_wconf 86' lang='lat' dir='ltr'><strong>quaesturam</strong></span> <span class='ocrx_word' id='word_1_167' title='bbox 731 1775 766 1804; x_wconf 89' lang='lat' dir='ltr'><strong>et</strong></span> <span class='ocrx_word' id='word_1_168' title='bbox 802 1770 869 1803; x_wconf 85' lang='lat' dir='ltr'><strong>tri-</strong></span> 
     </span>
     <span class='ocr_line' id='line_1_27' title="bbox 151 1816 865 1863; baseline 0.004 -13"><span class='ocrx_word' id='word_1_169' title='bbox 151 1816 320 1850; x_wconf 85' lang='lat' dir='ltr'><strong>bunatum</strong></span> <span class='ocrx_word' id='word_1_170' title='bbox 347 1817 514 1863; x_wconf 84' lang='lat' dir='ltr'><strong>degerit,</strong></span> <span class='ocrx_word' id='word_1_171' title='bbox 541 1828 634 1851; x_wconf 90' lang='lat' dir='ltr'><strong>anno</strong></span> <span class='ocrx_word' id='word_1_172' title='bbox 665 1818 714 1853; x_wconf 75' lang='lat'><strong>64</strong></span> <span class='ocrx_word' id='word_1_173' title='bbox 738 1829 757 1852; x_wconf 90' lang='lat' dir='ltr'><strong>a</strong></span> <span class='ocrx_word' id='word_1_174' title='bbox 782 1817 865 1853; x_wconf 88' lang='lat' dir='ltr'><strong>Chr.</strong></span> 
     </span>
     <span class='ocr_line' id='line_1_28' title="bbox 151 1866 866 1909; baseline 0.004 -12"><span class='ocrx_word' id='word_1_175' title='bbox 151 1869 377 1909; x_wconf 75' lang='lat' dir='ltr'><strong>quaesturam</strong></span> <span class='ocrx_word' id='word_1_176' title='bbox 413 1866 449 1898; x_wconf 90' lang='lat' dir='ltr'><strong>in</strong></span> <span class='ocrx_word' id='word_1_177' title='bbox 474 1866 561 1899; x_wconf 82' lang='lat' dir='ltr'><strong>Asia</strong></span> <span class='ocrx_word' id='word_1_178' title='bbox 594 1866 866 1901; x_wconf 80' lang='lat' dir='ltr'><strong>administravit.</strong></span> 
     </span>
     <span class='ocr_line' id='line_1_29' title="bbox 154 1911 867 1958; baseline 0.004 -13"><span class='ocrx_word' id='word_1_179' title='bbox 154 1911 278 1958; x_wconf 85' lang='lat' dir='ltr'><strong>ltaque</strong></span> <span class='ocrx_word' id='word_1_180' title='bbox 310 1913 531 1947; x_wconf 82' lang='lat' dir='ltr'><strong>Britanniam</strong></span> <span class='ocrx_word' id='word_1_181' title='bbox 575 1925 652 1947; x_wconf 90' lang='lat' dir='ltr'><strong>cum</strong></span> <span class='ocrx_word' id='word_1_182' title='bbox 694 1914 867 1949; x_wconf 82' lang='lat' dir='ltr'><strong>Suetonio</strong></span> 
     </span>
     <span class='ocr_line' id='line_1_30' title="bbox 151 1960 867 2006; baseline 0.006 -13"><span class='ocrx_word' id='word_1_183' title='bbox 151 1960 298 2006; x_wconf 86' lang='lat' dir='ltr'><strong>reliquit</strong></span> <span class='ocrx_word' id='word_1_184' title='bbox 333 1971 427 1995; x_wconf 87' lang='lat' dir='ltr'><strong>anno</strong></span> <span class='ocrx_word' id='word_1_185' title='bbox 469 1962 516 1996; x_wconf 66' lang='grc'><strong>62,</strong></span> <span class='ocrx_word' id='word_1_186' title='bbox 537 1974 546 1995; x_wconf 79' lang='lat' dir='ltr'><strong><em>z</em></strong></span> <span class='ocrx_word' id='word_1_187' title='bbox 593 1974 671 1996; x_wconf 89' lang='lat' dir='ltr'><strong>nam</strong></span> <span class='ocrx_word' id='word_1_188' title='bbox 712 1963 867 1997; x_wconf 87' lang='lat' dir='ltr'><strong>Domitia</strong></span> 
     </span>
     <span class='ocr_line' id='line_1_31' title="bbox 153 2010 867 2054; baseline 0.004 -12"><span class='ocrx_word' id='word_1_189' title='bbox 153 2018 243 2042; x_wconf 85' lang='lat' dir='ltr'><strong>uxor</strong></span> <span class='ocrx_word' id='word_1_190' title='bbox 267 2019 372 2054; x_wconf 83' lang='lat' dir='ltr'><strong>quam</strong></span> <span class='ocrx_word' id='word_1_191' title='bbox 398 2015 478 2054; x_wconf 89' lang='lat' dir='ltr'><strong>post</strong></span> <span class='ocrx_word' id='word_1_192' title='bbox 508 2010 661 2044; x_wconf 88' lang='lat' dir='ltr'><strong>reditum</strong></span> <span class='ocrx_word' id='word_1_193' title='bbox 688 2011 756 2045; x_wconf 81' lang='lat' dir='ltr'><strong>sibi</strong></span> <span class='ocrx_word' id='word_1_194' title='bbox 784 2013 867 2045; x_wconf 88' lang='lat' dir='ltr'><strong>iun-</strong></span> 
     </span>
     <span class='ocr_line' id='line_1_32' title="bbox 153 2057 868 2100; baseline 0.004 -10"><span class='ocrx_word' id='word_1_195' title='bbox 153 2058 206 2091; x_wconf 83' lang='lat' dir='ltr'><strong>xit</strong></span> <span class='ocrx_word' id='word_1_196' title='bbox 222 2083 233 2100; x_wconf 93' lang='lat'><strong>,</strong></span> <span class='ocrx_word' id='word_1_197' title='bbox 259 2058 297 2091; x_wconf 89' lang='lat' dir='ltr'><strong>in</strong></span> <span class='ocrx_word' id='word_1_198' title='bbox 323 2057 411 2092; x_wconf 88' lang='lat' dir='ltr'><strong>urbe</strong></span> <span class='ocrx_word' id='word_1_199' title='bbox 437 2057 549 2092; x_wconf 82' lang='lat' dir='ltr'><strong>titium</strong></span> <span class='ocrx_word' id='word_1_200' title='bbox 574 2059 675 2093; x_wconf 89' lang='lat' dir='ltr'><strong>brevi</strong></span> <span class='ocrx_word' id='word_1_201' title='bbox 702 2060 868 2093; x_wconf 86' lang='lat' dir='ltr'><strong>amissum</strong></span> 
     </span>
     <span class='ocr_line' id='line_1_33' title="bbox 151 2106 868 2152; baseline 0.003 -12"><span class='ocrx_word' id='word_1_202' title='bbox 151 2106 293 2150; x_wconf 81' lang='lat' dir='ltr'><strong>peperit</strong></span> <span class='ocrx_word' id='word_1_203' title='bbox 318 2108 370 2151; x_wconf 85' lang='lat' dir='ltr'><strong>(a.</strong></span> <span class='ocrx_word' id='word_1_204' title='bbox 381 2106 460 2151; x_wconf 86' lang='lat'><strong>63),</strong></span> <span class='ocrx_word' id='word_1_205' title='bbox 486 2107 522 2139; x_wconf 89' lang='lat' dir='ltr'><strong>in</strong></span> <span class='ocrx_word' id='word_1_206' title='bbox 541 2113 755 2152; x_wconf 87' lang='lat' dir='ltr'><strong>quaesturae</strong></span> <span class='ocrx_word' id='word_1_207' title='bbox 774 2118 868 2142; x_wconf 87' lang='lat' dir='ltr'><strong>anno</strong></span> 
     </span>
     <span class='ocr_line' id='line_1_34' title="bbox 153 2153 868 2199; baseline 0.003 -11"><span class='ocrx_word' id='word_1_208' title='bbox 153 2153 238 2199; x_wconf 76' lang='lat'>(64)</span> <span class='ocrx_word' id='word_1_209' title='bbox 265 2153 398 2197; x_wconf 84' lang='lat' dir='ltr'><strong>filiam,</strong></span> <span class='ocrx_word' id='word_1_210' title='bbox 435 2159 473 2188; x_wconf 87' lang='lat' dir='ltr'><strong>ut</strong></span> <span class='ocrx_word' id='word_1_211' title='bbox 507 2165 590 2189; x_wconf 85' lang='lat' dir='ltr'><strong>mox</strong></span> <span class='ocrx_word' id='word_1_212' title='bbox 625 2156 776 2190; x_wconf 89' lang='lat' dir='ltr'><strong>relatum</strong></span> <span class='ocrx_word' id='word_1_213' title='bbox 810 2156 868 2190; x_wconf 85' lang='lat' dir='ltr'><strong>le-</strong></span> 
     </span>
    </p>
   </div>
   <div class='ocr_carea' id='block_1_21' title="bbox 152 2211 282 2247">
    <p class='ocr_par' dir='ltr' id='par_1_21' title="bbox 152 2211 282 2247">
     <span class='ocr_line' id='line_1_35' title="bbox 152 2211 282 2247; baseline 0 -11"><span class='ocrx_word' id='word_1_214' title='bbox 152 2211 282 2247; x_wconf 77' lang='lat' dir='ltr'><strong>gimus.</strong></span> 
     </span>
    </p>
   </div>
   <div class='ocr_carea' id='block_1_22' title="bbox 154 2296 870 2820">
    <p class='ocr_par' dir='ltr' id='par_1_22' title="bbox 154 2296 870 2820">
     <span class='ocr_line' id='line_1_36' title="bbox 223 2296 868 2342; baseline 0 -12"><span class='ocrx_word' id='word_1_215' title='bbox 223 2296 295 2330; x_wconf 80' lang='lat' dir='ltr'><strong>nisi</strong></span> <span class='ocrx_word' id='word_1_216' title='bbox 307 2296 398 2340; x_wconf 81' lang='lat' dir='ltr'><strong>quod</strong></span> <span class='ocrx_word' id='word_1_217' title='bbox 420 2297 460 2330; x_wconf 89' lang='lat' dir='ltr'><strong>in</strong></span> <span class='ocrx_word' id='word_1_218' title='bbox 487 2296 578 2330; x_wconf 81' lang='lat' dir='ltr'><strong>bona</strong></span> <span class='ocrx_word' id='word_1_219' title='bbox 595 2308 706 2330; x_wconf 70' lang='lat' dir='ltr'><strong>uxore</strong></span> <span class='ocrx_word' id='word_1_220' title='bbox 726 2320 764 2325; x_wconf 90' lang='lat'>—</span> <span class='ocrx_word' id='word_1_221' title='bbox 788 2296 868 2342; x_wconf 79' lang='lat' dir='ltr'><strong>plus</strong></span> 
     </span>
     <span class='ocr_line' id='line_1_37' title="bbox 154 2343 870 2389; baseline -0.001 -12"><span class='ocrx_word' id='word_1_222' title='bbox 154 2343 278 2389; x_wconf 79' lang='lat' dir='ltr'><strong>culpae</strong></span> <span class='ocrx_word' id='word_1_223' title='bbox 306 2350 382 2378; x_wconf 81' lang='lat' dir='ltr'><strong>est.-</strong></span> <span class='ocrx_word' id='word_1_224' title='bbox 422 2343 456 2377; x_wconf 92' lang='lat' dir='ltr'><strong>h.</strong></span> <span class='ocrx_word' id='word_1_225' title='bbox 485 2355 518 2378; x_wconf 88' lang='lat' dir='ltr'><strong>e.</strong></span> <span class='ocrx_word' id='word_1_226' title='bbox 559 2346 629 2378; x_wconf 87' lang='lat' dir='ltr'><strong>nisi</strong></span> <span class='ocrx_word' id='word_1_227' title='bbox 660 2344 755 2378; x_wconf 88' lang='lat' dir='ltr'><strong>bona</strong></span> <span class='ocrx_word' id='word_1_228' title='bbox 779 2354 870 2377; x_wconf 82' lang='lat' dir='ltr'><strong>uxor</strong></span> 
     </span>
     <span class='ocr_line' id='line_1_38' title="bbox 154 2391 867 2426; baseline -0.001 -1"><span class='ocrx_word' id='word_1_229' title='bbox 154 2392 200 2426; x_wconf 88' lang='lat' dir='ltr'><strong>ob</strong></span> <span class='ocrx_word' id='word_1_230' title='bbox 229 2393 352 2426; x_wconf 90' lang='lat' dir='ltr'><strong>miram</strong></span> <span class='ocrx_word' id='word_1_231' title='bbox 380 2391 608 2426; x_wconf 85' lang='lat' dir='ltr'><strong>concordiam</strong></span> <span class='ocrx_word' id='word_1_232' title='bbox 639 2396 675 2425; x_wconf 87' lang='lat' dir='ltr'><strong>et</strong></span> <span class='ocrx_word' id='word_1_233' title='bbox 713 2402 867 2425; x_wconf 86' lang='lat' dir='ltr'><strong>amorem</strong></span> 
     </span>
     <span class='ocr_line' id='line_1_39' title="bbox 154 2440 868 2487; baseline -0.003 -13"><span class='ocrx_word' id='word_1_234' title='bbox 154 2441 273 2487; x_wconf 48' lang='lat' dir='ltr'><strong>mar-iti</strong></span> <span class='ocrx_word' id='word_1_235' title='bbox 298 2444 398 2474; x_wconf 78' lang='lat' dir='ltr'><strong>tanto</strong></span> <span class='ocrx_word' id='word_1_236' title='bbox 416 2441 530 2486; x_wconf 84' lang='lat' dir='ltr'><strong>magis</strong></span> <span class='ocrx_word' id='word_1_237' title='bbox 547 2440 722 2483; x_wconf 88' lang='lat' dir='ltr'><strong>laudatur,</strong></span> <span class='ocrx_word' id='word_1_238' title='bbox 737 2445 868 2485; x_wconf 89' lang='lat' dir='ltr'><strong>quanto</strong></span> 
     </span>
     <span class='ocr_line' id='line_1_40' title="bbox 154 2487 868 2534; baseline -0.001 -12"><span class='ocrx_word' id='word_1_239' title='bbox 154 2487 247 2522; x_wconf 72' lang='lat' dir='ltr'><strong>mala</strong></span> <span class='ocrx_word' id='word_1_240' title='bbox 273 2488 319 2522; x_wconf 91' lang='lat' dir='ltr'><strong>ob</strong></span> <span class='ocrx_word' id='word_1_241' title='bbox 346 2490 523 2523; x_wconf 83' lang='lat' dir='ltr'><strong>contraria</strong></span> <span class='ocrx_word' id='word_1_242' title='bbox 548 2490 637 2523; x_wconf 86' lang='lat' dir='ltr'><strong>vitia</strong></span> <span class='ocrx_word' id='word_1_243' title='bbox 653 2490 767 2534; x_wconf 86' lang='lat' dir='ltr'><strong>magis</strong></span> <span class='ocrx_word' id='word_1_244' title='bbox 788 2488 868 2522; x_wconf 87' lang='lat' dir='ltr'><strong>cul-</strong></span> 
     </span>
     <span class='ocr_line' id='line_1_41' title="bbox 154 2536 868 2583; baseline 0.001 -14"><span class='ocrx_word' id='word_1_245' title='bbox 154 2541 268 2581; x_wconf 87' lang='lat' dir='ltr'><strong>patur.</strong></span> <span class='ocrx_word' id='word_1_246' title='bbox 322 2536 385 2570; x_wconf 83' lang='lat' dir='ltr'><strong>Est</strong></span> <span class='ocrx_word' id='word_1_247' title='bbox 423 2539 602 2571; x_wconf 82' lang='lat' dir='ltr'><strong>sententia</strong></span> <span class='ocrx_word' id='word_1_248' title='bbox 634 2548 752 2583; x_wconf 90' lang='lat' dir='ltr'><strong>neque</strong></span> <span class='ocrx_word' id='word_1_249' title='bbox 783 2538 868 2570; x_wconf 87' lang='lat' dir='ltr'><strong>satis</strong></span> 
     </span>
     <span class='ocr_line' id='line_1_42' title="bbox 154 2584 867 2630; baseline 0.001 -12"><span class='ocrx_word' id='word_1_250' title='bbox 154 2584 312 2619; x_wconf 87' lang='lat' dir='ltr'><strong>dilucide</strong></span> <span class='ocrx_word' id='word_1_251' title='bbox 363 2596 533 2630; x_wconf 88' lang='lat' dir='ltr'><strong>expressa</strong></span> <span class='ocrx_word' id='word_1_252' title='bbox 579 2596 696 2630; x_wconf 89' lang='lat' dir='ltr'><strong>neque</strong></span> <span class='ocrx_word' id='word_1_253' title='bbox 744 2585 867 2619; x_wconf 88' lang='lat' dir='ltr'><strong>dextre</strong></span> 
     </span>
     <span class='ocr_line' id='line_1_43' title="bbox 156 2633 868 2676; baseline -0.006 -9"><span class='ocrx_word' id='word_1_254' title='bbox 156 2643 234 2667; x_wconf 87' lang='lat' dir='ltr'><strong>cum</strong></span> <span class='ocrx_word' id='word_1_255' title='bbox 259 2633 437 2676; x_wconf 87' lang='lat' dir='ltr'><strong>prioribus</strong></span> <span class='ocrx_word' id='word_1_256' title='bbox 458 2635 591 2675; x_wconf 83' lang='lat' dir='ltr'><strong>iuncta,</strong></span> <span class='ocrx_word' id='word_1_257' title='bbox 617 2633 680 2667; x_wconf 90' lang='lat' dir='ltr'><strong>sed</strong></span> <span class='ocrx_word' id='word_1_258' title='bbox 708 2633 868 2676; x_wconf 80' lang='lat' dir='ltr'><strong>quando..</strong></span> 
     </span>
     <span class='ocr_line' id='line_1_44' title="bbox 155 2679 868 2725; baseline 0 -11"><span class='ocrx_word' id='word_1_259' title='bbox 155 2692 219 2725; x_wconf 90' lang='lat' dir='ltr'><strong>que</strong></span> <span class='ocrx_word' id='word_1_260' title='bbox 244 2681 350 2714; x_wconf 85' lang='lat' dir='ltr'><strong>bonus</strong></span> <span class='ocrx_word' id='word_1_261' title='bbox 379 2681 542 2715; x_wconf 82' lang='lat' dir='ltr'><strong>dormitat</strong></span> <span class='ocrx_word' id='word_1_262' title='bbox 561 2682 743 2714; x_wconf 81' lang='lat' dir='ltr'><strong>Homerus.</strong></span> <span class='ocrx_word' id='word_1_263' title='bbox 776 2679 868 2714; x_wconf 87' lang='lat' dir='ltr'><strong>Olim</strong></span> 
     </span>
     <span class='ocr_line' id='line_1_45' title="bbox 155 2728 867 2774; baseline 0 -12"><span class='ocrx_word' id='word_1_264' title='bbox 155 2728 311 2774; x_wconf 86' lang='lat' dir='ltr'><strong>glossam</strong></span> <span class='ocrx_word' id='word_1_265' title='bbox 346 2739 427 2762; x_wconf 83' lang='lat' dir='ltr'><strong>esse</strong></span> <span class='ocrx_word' id='word_1_266' title='bbox 462 2729 617 2771; x_wconf 86' lang='lat' dir='ltr'><strong>credidi,</strong></span> <span class='ocrx_word' id='word_1_267' title='bbox 663 2728 726 2762; x_wconf 86' lang='lat' dir='ltr'><strong>sed</strong></span> <span class='ocrx_word' id='word_1_268' title='bbox 761 2728 867 2762; x_wconf 88' lang='lat' dir='ltr'><strong>talem</strong></span> 
     </span>
     <span class='ocr_line' id='line_1_46' title="bbox 155 2775 869 2820; baseline 0 -11"><span class='ocrx_word' id='word_1_269' title='bbox 155 2775 422 2820; x_wconf 86' lang='lat' dir='ltr'><strong>interpolatoris</strong></span> <span class='ocrx_word' id='word_1_270' title='bbox 449 2787 592 2820; x_wconf 84' lang='lat' dir='ltr'><strong>operam</strong></span> <span class='ocrx_word' id='word_1_271' title='bbox 633 2778 725 2810; x_wconf 92' lang='lat' dir='ltr'><strong>iuste</strong></span> <span class='ocrx_word' id='word_1_272' title='bbox 762 2777 869 2810; x_wconf 88' lang='lat' dir='ltr'><strong>statui</strong></span> 
     </span>
    </p>
   </div>
   <div class='ocr_carea' id='block_1_23' title="bbox 155 2825 868 2906">
    <p class='ocr_par' dir='ltr' id='par_1_23' title="bbox 155 2825 868 2906">
     <span class='ocr_line' id='line_1_47' title="bbox 155 2825 868 2868; baseline -0.001 -11"><span class='ocrx_word' id='word_1_273' title='bbox 155 2834 226 2858; x_wconf 89' lang='lat' dir='ltr'><strong>non</strong></span> <span class='ocrx_word' id='word_1_274' title='bbox 267 2835 372 2868; x_wconf 86' lang='lat' dir='ltr'><strong>posse</strong></span> <span class='ocrx_word' id='word_1_275' title='bbox 421 2826 487 2858; x_wconf 86' lang='lat' dir='ltr'><strong>iam</strong></span> <span class='ocrx_word' id='word_1_276' title='bbox 537 2825 624 2857; x_wconf 84' lang='lat' dir='ltr'><strong>satis</strong></span> <span class='ocrx_word' id='word_1_277' title='bbox 661 2835 868 2868; x_wconf 90' lang='lat' dir='ltr'><strong>persuasum</strong></span> 
     </span>
     <span class='ocr_line' id='line_1_48' title="bbox 157 2872 285 2906; baseline 0 0"><span class='ocrx_word' id='word_1_278' title='bbox 157 2872 285 2906; x_wconf 83' lang='lat' dir='ltr'><strong>liabeo.</strong></span> 
     </span>
    </p>
   </div>
   <div class='ocr_carea' id='block_1_24' title="bbox 226 2943 868 2991">
    <p class='ocr_par' dir='ltr' id='par_1_24' title="bbox 226 2943 868 2991">
     <span class='ocr_line' id='line_1_49' title="bbox 226 2943 868 2991; baseline -0.003 -12"><span class='ocrx_word' id='word_1_279' title='bbox 226 2956 302 2979; x_wconf 86' lang='lat' dir='ltr'><strong>sors</strong></span> <span class='ocrx_word' id='word_1_280' title='bbox 328 2950 535 2991; x_wconf 77' lang='lat' dir='ltr'><strong>quaesturae</strong></span> <span class='ocrx_word' id='word_1_281' title='bbox 550 2963 596 2970; x_wconf 91' lang='lat'><strong>--</strong></span> <span class='ocrx_word' id='word_1_282' title='bbox 623 2943 734 2979; x_wconf 80' lang='lat' dir='ltr'><strong>dedit:</strong></span> <span class='ocrx_word' id='word_1_283' title='bbox 758 2944 868 2990; x_wconf 81' lang='lat' dir='ltr'><strong>Agri-</strong></span> 
     </span>
    </p>
   </div>
   <div class='ocr_carea' id='block_1_25' title="bbox 937 1768 1653 2045">
    <p class='ocr_par' dir='ltr' id='par_1_25' title="bbox 937 1768 1653 2045">
     <span class='ocr_line' id='line_1_50' title="bbox 939 1768 1653 1814; baseline 0 -11"><span class='ocrx_word' id='word_1_284' title='bbox 939 1768 1018 1803; x_wconf 91' lang='lat' dir='ltr'><strong>cola</strong></span> <span class='ocrx_word' id='word_1_285' title='bbox 1054 1779 1125 1803; x_wconf 91' lang='lat' dir='ltr'><strong>non</strong></span> <span class='ocrx_word' id='word_1_286' title='bbox 1166 1769 1235 1802; x_wconf 83' lang='lat' dir='ltr'><strong>fuit</strong></span> <span class='ocrx_word' id='word_1_287' title='bbox 1277 1779 1368 1802; x_wconf 93' lang='lat' dir='ltr'><strong>unus</strong></span> <span class='ocrx_word' id='word_1_288' title='bbox 1408 1780 1452 1802; x_wconf 83' lang='lat' dir='ltr'><strong>ex</strong></span> <span class='ocrx_word' id='word_1_289' title='bbox 1486 1773 1653 1814; x_wconf 87' lang='lat' dir='ltr'><strong>quattuor</strong></span> 
     </span>
     <span class='ocr_line' id='line_1_51' title="bbox 938 1816 1653 1862; baseline -0.004 -11"><span class='ocrx_word' id='word_1_290' title='bbox 938 1817 1134 1851; x_wconf 78' lang='lat' dir='ltr'><strong>candidatis</strong></span> <span class='ocrx_word' id='word_1_291' title='bbox 1168 1819 1246 1851; x_wconf 89' lang='lat' dir='ltr'><strong>sive</strong></span> <span class='ocrx_word' id='word_1_292' title='bbox 1281 1817 1530 1862; x_wconf 84' lang='lat' dir='ltr'><strong>quaestoribus</strong></span> <span class='ocrx_word' id='word_1_293' title='bbox 1557 1816 1653 1852; x_wconf 81' lang='lat' dir='ltr'><strong>Cae-</strong></span> 
     </span>
     <span class='ocr_line' id='line_1_52' title="bbox 937 1865 1651 1910; baseline 0 -11"><span class='ocrx_word' id='word_1_294' title='bbox 937 1867 1047 1909; x_wconf 83' lang='lat' dir='ltr'><strong>saris,</strong></span> <span class='ocrx_word' id='word_1_295' title='bbox 1075 1867 1137 1900; x_wconf 88' lang='lat' dir='ltr'><strong>sed</strong></span> <span class='ocrx_word' id='word_1_296' title='bbox 1164 1865 1413 1910; x_wconf 86' lang='lat' dir='ltr'><strong>proconsulem</strong></span> <span class='ocrx_word' id='word_1_297' title='bbox 1439 1866 1475 1898; x_wconf 90' lang='lat' dir='ltr'><strong>in</strong></span> <span class='ocrx_word' id='word_1_298' title='bbox 1501 1867 1651 1910; x_wconf 87' lang='lat' dir='ltr'><strong>provin-</strong></span> 
     </span>
     <span class='ocr_line' id='line_1_53' title="bbox 938 1913 1652 1948; baseline -0.001 0"><span class='ocrx_word' id='word_1_299' title='bbox 938 1915 1028 1948; x_wconf 86' lang='lat' dir='ltr'><strong>ciam</strong></span> <span class='ocrx_word' id='word_1_300' title='bbox 1065 1926 1107 1948; x_wconf 84' lang='lat' dir='ltr'><strong>ex</strong></span> <span class='ocrx_word' id='word_1_301' title='bbox 1136 1915 1242 1948; x_wconf 85' lang='lat' dir='ltr'><strong>sortis</strong></span> <span class='ocrx_word' id='word_1_302' title='bbox 1270 1913 1509 1948; x_wconf 84' lang='lat' dir='ltr'><strong>destinatione</strong></span> <span class='ocrx_word' id='word_1_303' title='bbox 1536 1915 1652 1948; x_wconf 90' lang='lat' dir='ltr'><strong>comi-</strong></span> 
     </span>
     <span class='ocr_line' id='line_1_54' title="bbox 937 1961 1653 1997; baseline 0.003 -2"><span class='ocrx_word' id='word_1_304' title='bbox 937 1963 1089 1996; x_wconf 87' lang='lat' dir='ltr'><strong>tabatur.</strong></span> <span class='ocrx_word' id='word_1_305' title='bbox 1153 1961 1256 1996; x_wconf 82' lang='lat' dir='ltr'><strong>Conf.</strong></span> <span class='ocrx_word' id='word_1_306' title='bbox 1285 1966 1405 1995; x_wconf 85' lang='lat' dir='ltr'><strong>annot.</strong></span> <span class='ocrx_word' id='word_1_307' title='bbox 1433 1963 1475 1995; x_wconf 87' lang='lat' dir='ltr'><strong>ad</strong></span> <span class='ocrx_word' id='word_1_308' title='bbox 1502 1961 1578 1996; x_wconf 80' lang='lat' dir='ltr'><strong>XVI</strong></span> <span class='ocrx_word' id='word_1_309' title='bbox 1604 1963 1653 1997; x_wconf 78' lang='lat'><strong>34</strong></span> 
     </span>
     <span class='ocr_line' id='line_1_55' title="bbox 939 2010 1097 2045; baseline -0.013 0"><span class='ocrx_word' id='word_1_310' title='bbox 939 2016 974 2045; x_wconf 88' lang='lat' dir='ltr'><strong>et</strong></span> <span class='ocrx_word' id='word_1_311' title='bbox 1000 2010 1013 2044; x_wconf 91' lang='lat'>1</span> <span class='ocrx_word' id='word_1_312' title='bbox 1040 2012 1097 2045; x_wconf 83' lang='lat'><strong>74.</strong></span> 
     </span>
    </p>
   </div>
   <div class='ocr_carea' id='block_1_26' title="bbox 936 2081 1653 2606">
    <p class='ocr_par' dir='ltr' id='par_1_26' title="bbox 936 2081 1653 2606">
     <span class='ocr_line' id='line_1_56' title="bbox 1004 2081 1653 2127; baseline 0 -13"><span class='ocrx_word' id='word_1_313' title='bbox 1004 2087 1137 2127; x_wconf 81' lang='lat' dir='ltr'><strong>parata</strong></span> <span class='ocrx_word' id='word_1_314' title='bbox 1154 2082 1403 2126; x_wconf 79' lang='lat' dir='ltr'><strong>peccantibus:</strong></span> <span class='ocrx_word' id='word_1_315' title='bbox 1429 2091 1473 2115; x_wconf 79' lang='lat' dir='ltr'><strong>ex</strong></span> <span class='ocrx_word' id='word_1_316' title='bbox 1502 2081 1653 2125; x_wconf 85' lang='lat' dir='ltr'><strong>provin-</strong></span> 
     </span>
     <span class='ocr_line' id='line_1_57' title="bbox 939 2126 1651 2173; baseline 0 -10"><span class='ocrx_word' id='word_1_317' title='bbox 939 2130 1016 2163; x_wconf 89' lang='lat' dir='ltr'><strong>ciae</strong></span> <span class='ocrx_word' id='word_1_318' title='bbox 1062 2129 1193 2163; x_wconf 87' lang='lat' dir='ltr'><strong>incolis</strong></span> <span class='ocrx_word' id='word_1_319' title='bbox 1238 2130 1301 2164; x_wconf 83' lang='lat' dir='ltr'><strong>alii</strong></span> <span class='ocrx_word' id='word_1_320' title='bbox 1355 2130 1445 2163; x_wconf 86' lang='lat' dir='ltr'><strong>lucri</strong></span> <span class='ocrx_word' id='word_1_321' title='bbox 1483 2126 1651 2173; x_wconf 80' lang='lat' dir='ltr'><strong>cupidine</strong></span> 
     </span>
     <span class='ocr_line' id='line_1_58' title="bbox 937 2177 1650 2222; baseline -0.001 -11"><span class='ocrx_word' id='word_1_322' title='bbox 937 2179 1219 2222; x_wconf 85' lang='lat' dir='ltr'><strong>praepositorum</strong></span> <span class='ocrx_word' id='word_1_323' title='bbox 1263 2183 1411 2222; x_wconf 88' lang='lat' dir='ltr'><strong>peccata</strong></span> <span class='ocrx_word' id='word_1_324' title='bbox 1457 2177 1650 2219; x_wconf 87' lang='lat' dir='ltr'><strong>iuvabant,</strong></span> 
     </span>
     <span class='ocr_line' id='line_1_59' title="bbox 937 2225 1650 2259; baseline -0.006 0"><span class='ocrx_word' id='word_1_325' title='bbox 937 2225 999 2259; x_wconf 87' lang='lat' dir='ltr'><strong>alii</strong></span> <span class='ocrx_word' id='word_1_326' title='bbox 1025 2225 1071 2259; x_wconf 90' lang='lat' dir='ltr'><strong>ob</strong></span> <span class='ocrx_word' id='word_1_327' title='bbox 1099 2225 1299 2259; x_wconf 86' lang='lat' dir='ltr'><strong>socordiam</strong></span> <span class='ocrx_word' id='word_1_328' title='bbox 1325 2231 1360 2259; x_wconf 88' lang='lat' dir='ltr'><strong>et</strong></span> <span class='ocrx_word' id='word_1_329' title='bbox 1386 2230 1518 2258; x_wconf 86' lang='lat' dir='ltr'><strong>metum</strong></span> <span class='ocrx_word' id='word_1_330' title='bbox 1542 2225 1650 2258; x_wconf 86' lang='lat' dir='ltr'><strong>dissi-</strong></span> 
     </span>
     <span class='ocr_line' id='line_1_60' title="bbox 936 2272 1650 2307; baseline -0.003 -1"><span class='ocrx_word' id='word_1_331' title='bbox 936 2273 1130 2307; x_wconf 88' lang='lat' dir='ltr'><strong>mulabant.</strong></span> <span class='ocrx_word' id='word_1_332' title='bbox 1158 2273 1212 2306; x_wconf 88' lang='lat' dir='ltr'><strong>De</strong></span> <span class='ocrx_word' id='word_1_333' title='bbox 1232 2273 1353 2307; x_wconf 78' lang='lat' dir='ltr'><strong>Salvio</strong></span> <span class='ocrx_word' id='word_1_334' title='bbox 1379 2272 1516 2305; x_wconf 86' lang='lat' dir='ltr'><strong>Titiano</strong></span> <span class='ocrx_word' id='word_1_335' title='bbox 1541 2272 1650 2305; x_wconf 84' lang='lat' dir='ltr'><strong>fratre</strong></span> 
     </span>
     <span class='ocr_line' id='line_1_61' title="bbox 938 2320 1651 2365; baseline -0.001 -12"><span class='ocrx_word' id='word_1_336' title='bbox 938 2320 1044 2354; x_wconf 79' lang='lat' dir='ltr'><strong>Marci</strong></span> <span class='ocrx_word' id='word_1_337' title='bbox 1063 2320 1215 2354; x_wconf 89' lang='lat' dir='ltr'><strong>Othonis</strong></span> <span class='ocrx_word' id='word_1_338' title='bbox 1242 2322 1300 2365; x_wconf 92' lang='lat' dir='ltr'><strong>qui</strong></span> <span class='ocrx_word' id='word_1_339' title='bbox 1326 2320 1474 2364; x_wconf 89' lang='lat' dir='ltr'><strong>adeptus</strong></span> <span class='ocrx_word' id='word_1_340' title='bbox 1501 2324 1555 2353; x_wconf 85' lang='lat' dir='ltr'><strong>est</strong></span> <span class='ocrx_word' id='word_1_341' title='bbox 1580 2321 1651 2352; x_wconf 90' lang='lat' dir='ltr'><strong>im-</strong></span> 
     </span>
     <span class='ocr_line' id='line_1_62' title="bbox 938 2367 1649 2411; baseline 0 -11"><span class='ocrx_word' id='word_1_342' title='bbox 938 2369 1074 2411; x_wconf 85' lang='lat' dir='ltr'><strong>perium</strong></span> <span class='ocrx_word' id='word_1_343' title='bbox 1104 2369 1150 2402; x_wconf 84' lang='lat' dir='ltr'><strong>cf.</strong></span> <span class='ocrx_word' id='word_1_344' title='bbox 1176 2367 1251 2401; x_wconf 89' lang='lat' dir='ltr'><strong>lnd.</strong></span> <span class='ocrx_word' id='word_1_345' title='bbox 1283 2367 1364 2401; x_wconf 86' lang='lat' dir='ltr'><strong>hist.</strong></span> <span class='ocrx_word' id='word_1_346' title='bbox 1398 2373 1432 2401; x_wconf 85' lang='lat' dir='ltr'><strong>et</strong></span> <span class='ocrx_word' id='word_1_347' title='bbox 1459 2367 1649 2401; x_wconf 86' lang='lat' dir='ltr'><strong>Suetonius</strong></span> 
     </span>
     <span class='ocr_line' id='line_1_63' title="bbox 938 2415 1650 2462; baseline 0 -13"><span class='ocrx_word' id='word_1_348' title='bbox 938 2415 1079 2450; x_wconf 88' lang='lat' dir='ltr'><strong>Othone</strong></span> <span class='ocrx_word' id='word_1_349' title='bbox 1108 2418 1150 2450; x_wconf 88' lang='lat'><strong>1:</strong></span> <span class='ocrx_word' id='word_1_350' title='bbox 1189 2416 1337 2462; x_wconf 86' lang='lat' dir='ltr'><strong>(Lucius</strong></span> <span class='ocrx_word' id='word_1_351' title='bbox 1365 2415 1478 2462; x_wconf 85' lang='lat' dir='ltr'><strong>Otho)</strong></span> <span class='ocrx_word' id='word_1_352' title='bbox 1513 2427 1557 2449; x_wconf 73' lang='lat' dir='ltr'><strong>ex</strong></span> <span class='ocrx_word' id='word_1_353' title='bbox 1581 2415 1650 2449; x_wconf 79' lang='lat' dir='ltr'><strong>At-</strong></span> 
     </span>
     <span class='ocr_line' id='line_1_64' title="bbox 939 2463 1649 2508; baseline -0.001 -11"><span class='ocrx_word' id='word_1_354' title='bbox 939 2464 997 2497; x_wconf 80' lang='lat' dir='ltr'><strong>bia</strong></span> <span class='ocrx_word' id='word_1_355' title='bbox 1037 2464 1199 2498; x_wconf 82' lang='lat' dir='ltr'><strong>Terentia</strong></span> <span class='ocrx_word' id='word_1_356' title='bbox 1232 2484 1278 2491; x_wconf 92' lang='lat'>—</span> <span class='ocrx_word' id='word_1_357' title='bbox 1317 2464 1401 2497; x_wconf 84' lang='lat' dir='ltr'><strong>duos</strong></span> <span class='ocrx_word' id='word_1_358' title='bbox 1438 2463 1515 2497; x_wconf 79' lang='lat' dir='ltr'><strong>tulit</strong></span> <span class='ocrx_word' id='word_1_359' title='bbox 1545 2463 1649 2508; x_wconf 76' lang='lat' dir='ltr'><strong>filios,</strong></span> 
     </span>
     <span class='ocr_line' id='line_1_65' title="bbox 941 2511 1649 2546; baseline -0.001 0"><span class='ocrx_word' id='word_1_360' title='bbox 941 2511 1085 2546; x_wconf 83' lang='lat' dir='ltr'><strong>Lucium</strong></span> <span class='ocrx_word' id='word_1_361' title='bbox 1101 2512 1272 2546; x_wconf 81' lang='lat' dir='ltr'><strong>Titianum</strong></span> <span class='ocrx_word' id='word_1_362' title='bbox 1299 2519 1329 2545; x_wconf 85' lang='lat' dir='ltr'><strong>et</strong></span> <span class='ocrx_word' id='word_1_363' title='bbox 1355 2514 1524 2546; x_wconf 76' lang='lat' dir='ltr'><strong>minorem</strong></span> <span class='ocrx_word' id='word_1_364' title='bbox 1544 2511 1649 2546; x_wconf 77' lang='lat' dir='ltr'><strong>Mar-</strong></span> 
     </span>
     <span class='ocr_line' id='line_1_66' title="bbox 939 2560 1381 2606; baseline 0 -12"><span class='ocrx_word' id='word_1_365' title='bbox 939 2572 1015 2594; x_wconf 86' lang='lat' dir='ltr'><strong>cum</strong></span> <span class='ocrx_word' id='word_1_366' title='bbox 1042 2561 1280 2606; x_wconf 67' lang='lat' dir='ltr'><strong>cognominem</strong></span> <span class='ocrx_word' id='word_1_367' title='bbox 1304 2560 1381 2594; x_wconf 79' lang='lat' dir='ltr'><strong>sibi.</strong></span> 
     </span>
    </p>
   </div>
   <div class='ocr_carea' id='block_1_27' title="bbox 937 2652 1652 2987">
    <p class='ocr_par' dir='ltr' id='par_1_27' title="bbox 937 2652 1652 2987">
     <span class='ocr_line' id='line_1_67' title="bbox 1007 2652 1648 2688; baseline -0.005 -1"><span class='ocrx_word' id='word_1_368' title='bbox 1007 2654 1046 2687; x_wconf 86' lang='lat' dir='ltr'><strong>in</strong></span> <span class='ocrx_word' id='word_1_369' title='bbox 1070 2654 1257 2688; x_wconf 77' lang='lat' dir='ltr'><strong>subsidium</strong></span> <span class='ocrx_word' id='word_1_370' title='bbox 1283 2653 1385 2687; x_wconf 84' lang='lat' dir='ltr'><strong>simul</strong></span> <span class='ocrx_word' id='word_1_371' title='bbox 1410 2658 1441 2685; x_wconf 86' lang='lat' dir='ltr'><strong>et</strong></span> <span class='ocrx_word' id='word_1_372' title='bbox 1465 2652 1648 2685; x_wconf 81' lang='lat' dir='ltr'><strong>solatium:</strong></span> 
     </span>
     <span class='ocr_line' id='line_1_68' title="bbox 937 2700 1650 2744; baseline -0.004 -10"><span class='ocrx_word' id='word_1_373' title='bbox 937 2702 975 2740; x_wconf 76' lang='lat' dir='ltr'><strong>in</strong></span> <span class='ocrx_word' id='word_1_374' title='bbox 1000 2703 1187 2736; x_wconf 77' lang='lat' dir='ltr'><strong>subsidium</strong></span> <span class='ocrx_word' id='word_1_375' title='bbox 1214 2712 1293 2735; x_wconf 90' lang='lat' dir='ltr'><strong>cum</strong></span> <span class='ocrx_word' id='word_1_376' title='bbox 1319 2700 1479 2744; x_wconf 89' lang='lat' dir='ltr'><strong>scripsit,</strong></span> <span class='ocrx_word' id='word_1_377' title='bbox 1507 2700 1650 2744; x_wconf 84' lang='lat' dir='ltr'><strong>cogita-</strong></span> 
     </span>
     <span class='ocr_line' id='line_1_69' title="bbox 939 2745 1650 2784; baseline -0.006 -1"><span class='ocrx_word' id='word_1_378' title='bbox 939 2751 989 2783; x_wconf 85' lang='lat' dir='ltr'><strong>vit</strong></span> <span class='ocrx_word' id='word_1_379' title='bbox 1018 2750 1134 2784; x_wconf 89' lang='lat' dir='ltr'><strong>locum</strong></span> <span class='ocrx_word' id='word_1_380' title='bbox 1163 2751 1292 2783; x_wconf 84' lang='lat' dir='ltr'><strong>amisso</strong></span> <span class='ocrx_word' id='word_1_381' title='bbox 1326 2748 1399 2781; x_wconf 84' lang='lat' dir='ltr'><strong>filio</strong></span> <span class='ocrx_word' id='word_1_382' title='bbox 1435 2745 1585 2780; x_wconf 83' lang='lat' dir='ltr'><strong>vacuum</strong></span> <span class='ocrx_word' id='word_1_383' title='bbox 1614 2751 1650 2780; x_wconf 88' lang='lat' dir='ltr'><strong>et</strong></span> 
     </span>
     <span class='ocr_line' id='line_1_70' title="bbox 939 2795 1649 2841; baseline -0.003 -11"><span class='ocrx_word' id='word_1_384' title='bbox 939 2808 1030 2831; x_wconf 80' lang='lat' dir='ltr'><strong>nova</strong></span> <span class='ocrx_word' id='word_1_385' title='bbox 1057 2798 1194 2830; x_wconf 84' lang='lat' dir='ltr'><strong>infante</strong></span> <span class='ocrx_word' id='word_1_386' title='bbox 1210 2797 1413 2841; x_wconf 73' lang='lat' dir='ltr'><strong>expletum3</strong></span> <span class='ocrx_word' id='word_1_387' title='bbox 1440 2795 1559 2829; x_wconf 79' lang='lat' dir='ltr'><strong>solatii</strong></span> <span class='ocrx_word' id='word_1_388' title='bbox 1580 2803 1649 2828; x_wconf 88' lang='lat' dir='ltr'><strong>no-</strong></span> 
     </span>
     <span class='ocr_line' id='line_1_71' title="bbox 938 2843 1649 2887; baseline -0.004 -9"><span class='ocrx_word' id='word_1_389' title='bbox 938 2847 1033 2879; x_wconf 86' lang='lat' dir='ltr'><strong>mine</strong></span> <span class='ocrx_word' id='word_1_390' title='bbox 1078 2845 1249 2878; x_wconf 86' lang='lat' dir='ltr'><strong>indicavit</strong></span> <span class='ocrx_word' id='word_1_391' title='bbox 1292 2843 1462 2877; x_wconf 88' lang='lat' dir='ltr'><strong>maeroris</strong></span> <span class='ocrx_word' id='word_1_392' title='bbox 1510 2847 1649 2887; x_wconf 85' lang='lat' dir='ltr'><strong>tempus</strong></span> 
     </span>
     <span class='ocr_line' id='line_1_72' title="bbox 939 2892 1652 2936; baseline -0.001 -11"><span class='ocrx_word' id='word_1_393' title='bbox 939 2892 1092 2926; x_wconf 88' lang='lat' dir='ltr'><strong>nondum</strong></span> <span class='ocrx_word' id='word_1_394' title='bbox 1120 2892 1278 2936; x_wconf 83' lang='lat' dir='ltr'><strong>elapsum</strong></span> <span class='ocrx_word' id='word_1_395' title='bbox 1313 2902 1393 2926; x_wconf 87' lang='lat' dir='ltr'><strong>esse</strong></span> <span class='ocrx_word' id='word_1_396' title='bbox 1412 2918 1421 2934; x_wconf 97' lang='lat'><strong>,</strong></span> <span class='ocrx_word' id='word_1_397' title='bbox 1461 2901 1540 2925; x_wconf 91' lang='lat' dir='ltr'><strong>cum</strong></span> <span class='ocrx_word' id='word_1_398' title='bbox 1566 2894 1652 2925; x_wconf 81' lang='lat' dir='ltr'><strong>nata</strong></span> 
     </span>
     <span class='ocr_line' id='line_1_73' title="bbox 939 2938 1631 2987; baseline -0.001 -12"><span class='ocrx_word' id='word_1_399' title='bbox 939 2941 1012 2975; x_wconf 80' lang='lat' dir='ltr'><strong>filia</strong></span> <span class='ocrx_word' id='word_1_400' title='bbox 1038 2941 1238 2987; x_wconf 85' lang='lat' dir='ltr'><strong>parentium</strong></span> <span class='ocrx_word' id='word_1_401' title='bbox 1266 2940 1401 2977; x_wconf 84' lang='lat' dir='ltr'><strong>luctum</strong></span> <span class='ocrx_word' id='word_1_402' title='bbox 1424 2938 1538 2975; x_wconf 71' lang='lat' dir='ltr'><strong>solata</strong></span> <span class='ocrx_word' id='word_1_403' title='bbox 1563 2942 1631 2974; x_wconf 74' lang='lat' dir='ltr'><strong>est.</strong></span> 
     </span>
    </p>
   </div>
  </div>
 </body>
</html>
