1768 3216
821 248 909 283 Gar.
935 248 969 284 5.
1574 251 1648 286 169

127 359 349 421 ‘perpetua
379 366 564 419 potentia
594 379 644 408 ac
670 370 875 420 potestate
909 366 1110 408 munitus!
1171 366 1296 408 Cuius
1332 365 1397 409 vis
1427 370 1469 408 et
1493 365 1647 410 utilitas

148 442 275 484 rebus
297 453 500 496 prospere
524 441 746 484 fluentibus
776 442 952 484 aliorum
982 442 1196 496 praesidio
1222 439 1263 484 et
1291 440 1416 483 tutela
1435 440 1648 496 intellegi-

149 520 238 558 tur:
265 517 332 558 sin
361 517 573 571 proprium
606 516 836 571 periculum
864 516 1083 570 increpuit,
1116 527 1201 557 non
1231 515 1411 557 Hercule
1442 516 1575 560 lorica
1605 521 1647 559 et

144 591 311 646 gladius
342 592 386 633 iu
411 592 503 633 acie
531 591 688 633 firmius
719 592 1013 633 munimentum
1045 603 1167 645 quam
1197 603 1271 634 reo
1315 595 1355 633 et
1397 591 1647 645 periclitanti

147 665 386 720 eloquentia
414 667 668 720 praesidium
698 667 820 708 simul
851 680 901 708 ac
935 666 1073 719 telum,
1107 678 1188 720 quo
1206 678 1472 721 propugnare
1489 667 1646 720 pariter
1664 683 1683 712 ⁵

146 745 188 784 et
208 742 427 784 incessere
455 742 525 783 vel
554 742 597 782 in
619 742 775 783 iudicio
797 742 888 783 sive
914 742 957 782 in
988 746 1135 783 senatu
1152 741 1242 783 sive
1271 741 1378 795 apud
1417 741 1645 795 principem

142 817 297 870 possis.
357 816 465 866 Quid
496 816 607 858 aliud
649 817 811 858 infestis
852 816 1039 870 patribus
1085 829 1216 870 nuper
1245 816 1394 869 Eprius
1423 816 1644 858 Marcellus

143 901 266 946 qnam
294 890 573 945 eloquentiam
603 903 721 933 suam
750 892 974 945 opposuit?
1036 891 1127 941 Qua
1167 891 1381 932 accinctus
1422 894 1463 932 et
1505 891 1645 933 minax

141 965 339 1008 disertam
370 966 538 1020 quidem
568 966 644 1007 sed
688 966 1003 1007 inexercitatam
1042 970 1084 1007 et
1125 965 1331 1007 eiusmodi
1371 966 1642 1007 certaminum

138 1040 287 1082 rudem
314 1040 495 1083 Helvidii
525 1041 771 1095 sapientiam
803 1040 938 1082 elusit.
981 1040 1101 1082 Plura
1132 1040 1186 1081 de
1212 1039 1386 1081 utilitate
1414 1052 1499 1081 non
1526 1040 1639 1093 dico,
1658 1053 1697 1082 to

140 1116 208 1158 cui
246 1116 354 1170 parti
393 1115 563 1157 minime
602 1115 958 1157 contradicturum
996 1115 1227 1157 Maternum
1269 1127 1404 1157 meum
1444 1114 1637 1156 arbitror.

234 1265 271 1300 2.
296 1265 461 1310 profugio
490 1274 668 1309 superscr.
693 1264 737 1298 ab
764 1263 810 1298 al.
839 1275 944 1298 manu
971 1264 1089 1310 pisidio
1116 1265 1152 1303 P,
1177 1265 1338 1310 perfugio
1366 1263 1440 1299 AF.
1532 1258 1641 1298 intel-'-

139 1311 200 1358 liq.
229 1312 267 1347 Ρ.
294 1340 297 1343 ,
366 1314 401 1347 3.
431 1314 606 1358 increpuit
631 1323 807 1357 superscr.
836 1313 972 1358 irrepat
997 1314 1032 1346 Ρ.
1138 1313 1253 1346 lorica
1280 1318 1312 1346 et
1336 1312 1475 1357 yladius
1502 1312 1643 1346 Seebo-

139 1360 239 1394 dius:
259 1360 396 1395 loricae
420 1360 560 1405 yladius
588 1361 653 1403 FP,
683 1362 801 1395 lorica
826 1367 887 1395 aut
909 1362 956 1406 91.
986 1361 1192 1395 Rhenanus.
1282 1361 1316 1396 6.
1344 1360 1401 1394 uel
1428 1360 1479 1393 P:
1506 1361 1578 1394 sive
1601 1359 1640 1394 F.

143 1410 177 1446 7.
207 1410 325 1456 opu-ius
344 1409 393 1443 P:
422 1409 449 1443 F
467 1411 580 1456 prius.
640 1410 675 1445 8.
703 1411 761 1455 qui
782 1420 861 1444 cum
887 1411 1016 1445 ceteris
1042 1409 1088 1444 P:
1116 1421 1185 1455 qua
1211 1409 1357 1444 Ursinus
1383 1414 1418 1443 et
1442 1407 1641 1444 Acidalius.

929 1533 1032 1567 modo
1062 1533 1260 1577 expositam
1287 1532 1416 1574 turbat,
1443 1532 1642 1578 genitivum

927 1582 1163 1616 subiectivum
1204 1582 1264 1626 qui
1305 1581 1434 1614 dicitur
1476 1580 1643 1623 (aliorum

925 1632 1138 1676 perfugium)
1170 1634 1205 1663 et
1233 1629 1452 1663 obiectivum
1474 1628 1643 1675 (aliorum

926 1679 1047 1720 tutela,
1088 1680 1233 1712 sinistre
1276 1679 1415 1724 iungit3
1460 1682 1639 1722 postremo

926 1732 980 1771 (et
998 1727 1066 1761 hoc
1081 1738 1165 1772 prae
1186 1727 1316 1761 ceteris
1342 1726 1551 1769 tenendum)
1567 1736 1639 1760 non

925 1775 959 1809 id
986 1776 1056 1810 dici
1084 1776 1210 1809 attinet
1235 1774 1318 1820 quid
1334 1775 1399 1808 am
1413 1775 1544 1808 faciant
1559 1774 1639 1808 sive

136 1531 264 1566 ulcisci
277 1532 483 1567 lacessitus?
511 1533 640 1566 Vitium
658 1535 753 1578 serat
771 1533 854 1567 hinc

137 1585 274 1623 ortum,
300 1581 397 1626 qnod
422 1582 459 1614 in
486 1583 641 1627 antiquis
669 1582 853 1615 codicibus

136 1634 219 1675 post
250 1630 287 1664 id
329 1629 477 1663 verbum
549 1630 631 1664 lena
669 1630 852 1664 distinctio

136 1689 248 1723 prave
273 1679 390 1723 posita
417 1683 482 1712 est.
562 1680 594 1712 ic
620 1684 673 1712 est
701 1680 737 1712 in
767 1678 791 1712 P
819 1684 853 1712 et

137 1727 400 1772 antiquioribus
421 1727 526 1760 editis
547 1727 734 1771 exemplis.
763 1728 853 1761 Vera

136 1780 307 1810 revocata
322 1775 566 1821 distinguendi
588 1777 739 1817 ratione,
767 1786 853 1820 pro-

136 1835 268 1859 nomen
291 1824 365 1869 ipse
391 1829 426 1858 et
454 1823 645 1857 collocatio
663 1825 851 1858 verborum

138 1874 226 1918 (ipse
250 1883 405 1914 securus,
430 1872 464 1906 h.
482 1883 514 1906 e.
536 1878 572 1905 tu
596 1874 667 1918 ipse
694 1880 851 1918 securus)

137 1922 315 1955 veriorem
341 1922 436 1954 viam
462 1920 630 1955 ostendit.
714 1920 852 1955 Nomen

134 1976 244 2004 metus
269 1975 302 2003 et
331 1975 448 2003 terror
489 1970 636 2013 perinde
664 1970 785 2004 iuncta
808 1971 849 2003 A.

135 2018 195 2062 32,
226 2018 287 2052 ubi
315 2028 348 2052 v.
377 2022 498 2052 annot.

207 2093 378 2134 perpetua
412 2090 570 2134 potentia
602 2100 647 2123 ac
682 2095 852 2135 potestate

134 2136 406 2219 §lff‘inffissnunld
431 2138 681 2220 lfliachtfrille)t
709 2138 755 2172 cf.
786 2149 852 2171 an-

193 2255 346 2289 aliorum
361 2257 540 2302 praesidio
567 2263 599 2290 et
617 2257 744 2290 tutela.-
771 2257 850 2291 elo-

134 2305 276 2349 quentis
304 2314 361 2338 res
396 2305 425 2337 si
456 2315 627 2349 prospere
651 2305 784 2346 fluunt,
821 2307 850 2338 is

133 2362 205 2386 non
233 2352 325 2386 alios
353 2351 532 2386 lacessere
549 2353 654 2394 solet,
676 2352 739 2386 sed
761 2362 851 2385 con-

132 2405 253 2434 tentus
279 2411 414 2446 genere
440 2400 581 2434 dicendi
603 2402 760 2445 gratioso
787 2411 850 2433 ce-

133 2454 229 2483 teros
261 2448 441 2494 praesidio
490 2461 551 2482 suo
587 2455 711 2483 tuetur.
774 2447 849 2481 Hoc

131 2498 341 2542 synonymis
373 2498 552 2543 praesidio
589 2503 621 2531 et
649 2496 757 2530 tutela
783 2507 850 2530 cx-

131 2547 274 2591 pressit.
305 2545 407 2588 Quod
426 2546 519 2580 idem
536 2556 666 2580 nomen
679 2547 715 2578 in
731 2555 848 2578 enun-

131 2597 219 2629 tiato
265 2595 444 2628 contrario
490 2596 618 2628 iterum
666 2595 849 2637 usurpavit

131 2643 361 2690 (praesidium
386 2643 487 2676 simul
525 2654 569 2676 ac
595 2641 739 2687 telum),
779 2641 848 2675 hoc

131 2691 296 2726 consulto
322 2691 454 2724 factum
485 2696 559 2724 est:
603 2691 736 2735 quippe
763 2699 847 2723 ora-

131 2741 199 2773 tori
233 2739 324 2773 alios
359 2739 472 2772 tuenti
512 2739 720 2783 eloquentia
757 2738 846 2772 nihil

131 2794 185 2822 est
224 2788 291 2821 nisi
323 2787 540 2833 praesidium
577 2786 845 2832 (Schutznoekr),

131 2847 170 2870 se
217 2837 330 2880 ipsum
381 2835 589 2869 defendenti
632 2835 847 2879 praesidium

130 2885 232 2918 simul
258 2891 288 2917 et
315 2883 559 2928 teltcsn(ll'eltr·
589 2883 660 2915 uml
683 2883 843 2928 lVaffcn).

130 2933 254 2968 Altera
280 2934 455 2978 scriptura
492 2932 660 2977 (aliorum
684 2934 845 2977 persuyio

131 2987 162 3016 et
190 2982 311 3029 tutela)
350 2981 596 3026 oppositorum
634 2979 844 3014 relationem

924 1834 994 1869 quo
1021 1824 1083 1858 alii
1111 1824 1338 1869 perfugiant,
1375 1822 1438 1857 sed
1470 1822 1555 1868 quid
1582 1823 1639 1857 di-

924 1877 1038 1907 sertus
1064 1875 1141 1917 ipse
1169 1877 1350 1916 praestare
1384 1873 1513 1907 ceteris
1553 1882 1639 1916 pos-

923 1923 979 1955 sit.
1020 1920 1230 1965 Corruptela
1258 1926 1338 1954 nata
1368 1925 1422 1954 est
1449 1931 1493 1954 ex
1521 1920 1638 1965 psidie

925 1981 1109 2015 perperam
1148 1969 1265 2004 soluto
1292 1969 1470 2015 prosidio,
1506 1973 1542 2002 et
1566 1973 1638 2003 tum

924 2029 1034 2064 prave
1069 2023 1231 2053 correcto
1259 2019 1448 2063 profuyio,
1484 2027 1567 2051 mox
1602 2018 1638 2051 in

923 2067 1184 2102 recentioribus
1211 2066 1311 2100 libris
1335 2065 1509 2112 perfugio.

996 2172 1108 2207 nuper
1132 2160 1266 2206 Eprius
1294 2160 1507 2194 Marcellus.-
1534 2158 1636 2192 ‘nisu

922 2210 946 2244 4
971 2209 1019 2244 43
1045 2214 1205 2243 narratur
1233 2219 1308 2251 res,
1339 2220 1428 2254 quae
1462 2207 1529 2240 hoc
1556 2206 1637 2240 loco

922 2259 1135 2301 respicitur'.
1177 2256 1369 2291 Onsscmus.
1432 2255 1528 2288 Cave
1556 2265 1637 2287 cre-

922 2305 1009 2338 das:
1035 2306 1086 2338 ibi
1117 2306 1211 2338 enim
1234 2305 1373 2338 infestis
1390 2303 1546 2348 patribus
1566 2312 1636 2335 non

923 2353 1165 2397 eloquentiam
1217 2354 1383 2395 opposuit
1424 2349 1635 2392 Marcellus,

921 2400 984 2434 sed
1011 2411 1079 2434 una
1107 2405 1142 2433 et
1176 2400 1354 2434 invidiosa
1390 2410 1479 2433 voce
1505 2398 1637 2432 adver-

920 2449 1032 2482 sartos
1059 2450 1292 2492 compescuit.
1321 2449 1417 2482 llaec
1439 2448 1556 2492 potius
1575 2456 1636 2481 re-

920 2498 1077 2540 spiciunt
1106 2502 1287 2531 certamen
1316 2497 1357 2531 H.
1386 2497 1432 2530 tv
1460 2496 1484 2531 6
1509 2506 1636 2529 narra-

920 2550 1014 2578 tum:
1051 2551 1088 2579 ut
1123 2545 1256 2579 Galbae
1287 2546 1491 2591 principatu
1531 2544 1635 2577 rediit

921 2593 1134 2638 (Helvidius
1175 2593 1370 2636 Priscus),
1428 2591 1636 2627 Marcellum

919 2641 1069 2686 Eprium
1095 2642 1285 2676 delatorem
1322 2642 1494 2676 Thraseae
1523 2651 1635 2672 accu-

918 2701 999 2723 sare
1027 2691 1244 2735 adgreditur.
1295 2690 1353 2724 Ea
1379 2690 1462 2722 uln'o
1478 2715 1486 2730 ‚
1512 2689 1634 2721 incer-

918 2745 987 2772 eum
1014 2741 1127 2772 maior
1152 2750 1198 2771 an
1227 2740 1375 2779 iustior,
1414 2742 1572 2769 senatum
1596 2736 1634 2769 in

917 2787 1031 2820 studia
1058 2788 1270 2821 diduxerat:
1306 2797 1387 2818 uam
1425 2786 1455 2817 si
1491 2785 1633 2818 caderet

921 2835 1134 2871 Marcellus,
1170 2846 1293 2878 agmen
1328 2845 1467 2866 reorum
1493 2839 1630 2866 sterne-

918 2883 1029 2915 batur.
1086 2882 1197 2915 Primo
1226 2884 1347 2915 minen·
1373 2887 1547 2914 certamen
1565 2908 1574 2923 ‚
1599 2886 1631 2913 et

917 2931 1065 2975 cyreqiis
1108 2933 1282 2975 utriusque
1323 2930 1539 2964 orationibus
1578 2934 1631 2963 le-

916 2984 1051 3012 statum.
