1768 3216
741 214 1042 252 HISTORIARVM
1447 226 1479 250 a.
1506 224 1542 250 ι.
1568 213 1654 252 822.

172 226 243 259 158

170 341 327 382 itineris
360 339 420 380 ire
450 337 559 378 iubet
589 346 669 388 quo
700 334 898 375 Viennam
930 333 1127 375 vitarent:
1159 342 1337 385 namque
1367 335 1410 373 et
1438 331 1655 375 viennen-

168 427 234 457 ses
266 402 519 454 timebantur.
551 409 682 450 Nocte
713 420 790 461 qua
818 407 1165 461 proficiscebatur
1194 405 1331 461 legio,
1363 404 1525 448 relictis
1551 417 1654 460 pas-

167 489 242 530 sim
274 486 453 540 ignibus,
484 496 578 537 pars
604 483 809 524 Taurinae
842 482 1034 524 coloniae
1062 481 1271 532 ambusta3
1304 479 1414 534 quod
1445 479 1653 532 damnum,

165 565 207 602 ut
238 560 433 614 pleraque
464 558 560 600 belli
600 558 738 610 mala,
781 557 1007 598 maioribus
1049 556 1221 597 aliarum
1260 555 1425 596 urbium
1465 554 1654 597 cladibus
1712 580 1714 583 -

133 634 452 683 5oblitteratum.
486 632 849 682 Quartadecimani
879 635 1095 685 postquam
1114 630 1288 684 Alpibus
1319 629 1513 685 degressi
1542 632 1652 682 sunt,

162 707 502 775 seditiosissimus
543 706 717 772 quisque
758 706 879 760 signa
911 706 1119 766 Viennam
1156 704 1359 769 serebant.
1434 701 1654 746 consensu

161 780 374 824 meliorum
407 771 635 835 compressi
667 785 706 827 et
736 780 846 835 legio
880 771 920 820 in
951 759 1232 821 Britanniam
1236 764 1487 822 transvecta.
1545 778 1723 820 Pro-6⁷

160 858 294 899 ximus
324 857 488 898 Vitellio
522 869 543 897 e
575 856 793 910 praetoriis
826 855 1069 896 cohortibus
1112 859 1244 896 metus
1290 858 1392 896 erat.
1463 854 1518 907 So
1493 852 1652 895 etan-ni

161 932 363 986 primum,
417 931 567 973 deinde
598 931 736 972 addito
769 931 971 971 honestae
1002 929 1215 971 missionis
1246 929 1496 982 lenimento,
1537 937 1652 970 arma

111 1023 149 1052 ιο
162 1006 212 1047 ad
244 1007 430 1048 tribunos
462 1018 560 1047 suos
581 997 837 1057 deferebant,
871 1005 1008 1046 donec
1038 1009 1193 1046 motum
1226 1017 1248 1046 a
1268 1003 1526 1058 Vespasiano
1557 1001 1653 1044 bel-

160 1081 240 1122 lum
283 1081 588 1123 crebresceret:
632 1085 714 1121 tum
755 1084 962 1134 resumpta
1005 1079 1148 1121 militia
1190 1079 1320 1121 robur
1362 1078 1651 1120 Flavianarum

159 1156 332 1210 partium
365 1156 493 1197 suere.
551 1155 683 1196 Prima
716 1155 989 1196 classicorum
1019 1154 1132 1209 legio
1163 1154 1204 1195 in
1235 1154 1475 1208 Hispaniam
1505 1153 1649 1206 missa,

157 1233 200 1270 ut
229 1241 333 1283 pace
363 1234 403 1270 et
433 1229 517 1270 otio
551 1229 787 1270 mitesceret
799 1243 809 1279 3
849 1229 1068 1270 undecima
1101 1241 1150 1271 ac
1181 1228 1354 1282 septima
1385 1227 1473 1270 suis
1503 1226 1650 1270 hiber-

156 1303 220 1344 nis
251 1303 459 1354 redditae3
490 1304 821 1345 tertiadecimani
851 1308 1013 1345 struere
1045 1303 1342 1357 amphitheatra
1374 1302 1488 1344 iussi.
1545 1302 1648 1344 Nam

105 1378 331 1420 1⁵Caecina
364 1379 620 1431 Cremonae,
664 1379 815 1420 Valens
853 1378 1069 1420 Bononiae
1110 1378 1395 1432 spectaculum
1433 1375 1648 1432 gladiato-

296 1533 324 1566 1.
357 1543 493 1576 nanque
525 1530 588 1566 Ma.
690 1528 924 1565 uiennaenses
952 1530 1017 1565 Ma.
1119 1533 1154 1567 2.
1180 1530 1495 1577 proficiscebantur
1520 1529 1594 1565 Ma:
1621 1530 1649 1566 G

149 1580 442 1624 proficiscebatur.
519 1582 552 1615 3.
585 1580 762 1614 colonibus
788 1581 854 1614 litt.
883 1581 896 1613 i
924 1590 1101 1624 superscr.
1131 1591 1173 1613 ae
1200 1579 1265 1614 M‘d.
1349 1580 1382 1615 5.
1412 1578 1548 1615 obliter.
1576 1577 1642 1615 Ma.

151 1627 185 1661 6.
214 1630 381 1662 consensa
397 1628 458 1662 Ma.
531 1630 563 1663 7.
587 1640 708 1674 conpr.
737 1628 801 1662 Ma.
881 1629 972 1661 triu.
1004 1627 1066 1662 Ma.
1143 1629 1178 1663 8.
1205 1628 1363 1674 separati
1386 1626 1440 1662 Ma
1469 1633 1505 1662 et
1532 1628 1644 1662 celeri

152 1676 194 1721 (G
219 1679 397 1723 separati),
424 1683 609 1722 separatae
637 1677 746 1711 editio
773 1679 939 1721 princeps
967 1687 1080 1722 usque
1109 1676 1153 1710 ad
1177 1677 1397 1711 Rhenanam.
1479 1678 1533 1711 11.
1562 1688 1644 1711 cre-

151 1725 321 1759 bresceret
348 1726 396 1759 G:
424 1725 480 1763 Or,
509 1726 734 1760 crebesceret.
866 1728 918 1760 14.
963 1726 1063 1759 iussit
1097 1723 1206 1759 Gillat
1242 1725 1399 1759 correxit
1439 1724 1645 1760 Rhenanus.

154 1773 208 1806 15.
240 1776 362 1808 cecina
388 1773 451 1807 Ma.
526 1775 632 1808 ualen
658 1773 721 1808 Ma.

107 1907 109 1909 '
152 1905 212 1938 ιεῖἱ
238 1911 305 1939 cet.
336 1907 546 1939 auctoritate
581 1907 749 1940 librorum
792 1918 858 1941 ve-

152 1958 263 1986 terum
292 1955 428 1997 scripsi.
498 1955 550 1988 Of.
578 1955 752 1989 l'rooemii
781 1967 857 2000 cap,

152 2001 199 2035 32
228 2007 314 2035 extr.
361 2002 411 2035 De
426 2002 522 2036 Grais
548 2003 696 2047 Alpibus
727 2004 860 2038 Plinius

153 2048 199 2081 111
227 2049 290 2083 21:
319 2051 539 2084 Salassorum
566 2053 721 2097 Auyusta
749 2052 860 2086 Prae-

153 2098 246 2130 toria
270 2099 369 2132 iuxta
394 2101 549 2144 yeminas
576 2100 714 2146 Alpium
753 2104 859 2145 for‚es

155 2145 283 2180 Graias
309 2153 409 2191 atque
437 2147 621 2182 Poeninas.
682 2150 742 2183 His
771 2150 860 2183 Poe-⁴

152 2204 226 2236 nos,
256 2195 359 2228 Grais
388 2195 570 2230 Herculem
596 2199 762 2231 transisse
786 2210 859 2232 mc-

153 2249 298 2276 morant

225 2303 262 2324 eo
287 2292 377 2335 [lexa
411 2292 547 2327 itineris
586 2295 637 2327 ire
678 2294 769 2328 iubet
795 2307 859 2340 quo

158 2338 325 2373 Viennam
350 2341 523 2375 vitar:ent
566 2342 672 2375 solita
707 2344 763 2376 via
798 2354 860 2388 per

148 2387 257 2430 Alpes
270 2387 388 2421 Graias
416 2400 434 2422 a
463 2389 661 2424 Mediolano
685 2392 857 2426 Viennam

149 2434 298 2469 serebat.
395 2444 427 2471 et
449 2438 659 2472 Viennenses
685 2441 857 2474 timeban-

150 2488 225 2516 tur:
253 2484 298 2518 cl'.
330 2485 370 2518 lt.
403 2486 413 2518 l
441 2486 530 2521 65—
538 2487 596 2522 66.

223 2530 307 2576 Cap
321 2533 376 2567 67.
403 2536 559 2579 separati
583 2537 754 2581 primum.-
777 2546 857 2569 mo-

150 2578 277 2613 lestum
305 2587 378 2615 erat
395 2582 519 2616 eodem
545 2594 679 2628 geuene
705 2594 856 2629 pergeie

150 2629 385 2676 (separatae)
430 2642 547 2676 neque
590 2633 735 2666 veritati
772 2634 856 2666 satis

151 2678 388 2713 conveniens:
429 2690 498 2712 non
534 2682 628 2714 enim
667 2686 763 2714 totae
792 2691 856 2714 co-

151 2722 268 2757 hortes
296 2725 460 2761 dimissae
490 2733 586 2771 sunt,
629 2734 665 2761 nt
699 2729 854 2772 videtur,

151 2771 211 2804 scd
240 2772 324 2806 lecti
349 2785 393 2807 ex
422 2776 639 2811 cohortibus

223 2820 405 2854 undecima
439 2835 482 2857 ac
521 2826 666 2869 septima
694 2826 764 2859 suis
798 2826 856 2859 hi-

153 2864 295 2899 bernis:
329 2871 476 2912 septima
503 2872 671 2907 Galbiana
697 2875 732 2907 in
763 2874 855 2907 Pan-

151 2914 293 2947 noniam
323 2921 372 2959 (c.
399 2917 478 2963 86),
505 2921 689 2955 undecima
716 2924 751 2955 in
766 2922 856 2956 Dal-

150 2962 292 2997 matiam
321 2963 382 3008 (H.
410 2964 457 2999 111
484 2967 546 3013 50)
574 2971 720 3006 remissa
747 2976 812 3006 est.

1006 1906 1090 1951 Cap.
1110 1907 1167 1942 68.
1192 1913 1313 1954 partes
1336 1907 1486 1942 modeste
1513 1907 1646 1942 distra-

930 1961 1032 1988 xerat
1047 1967 1058 1988 .·
1085 1961 1203 2000 partes
1227 1955 1316 1991 dicit
1340 1966 1404 1991 eos
1430 1955 1563 1991 mimos
1583 1957 1657 2002 qui.

932 2005 1081 2047 partium
1111 2005 1228 2039 studio
1262 2016 1281 2039 a
1307 2004 1506 2040 victoribus
1535 2005 1646 2040 disei-

931 2051 1061 2086 debant
1087 2055 1248 2097 proxime
1277 2052 1387 2100 (eoo
1412 2058 1450 2088 ot
1462 2051 1532 2102 67)
1551 2064 1645 2088 enu-

930 2106 1097 2134 meratos.

1012 2149 1147 2183 ludicro
1177 2150 1298 2192 initio,
1340 2168 1356 2184 ι,
1382 2168 1399 2184 «ι
1426 2169 1446 2186 ι.
1480 2160 1644 2188 nummo

930 2210 1111 2232 caesorum
1147 2198 1318 2231 invidiam
1353 2198 1444 2232 bello
1468 2201 1644 2234 anassem.-

930 2246 1039 2292 vulgo
1056 2246 1228 2289 scribunt,
1254 2246 1466 2281 Rhenanam
1490 2248 1553 2294 qui
1573 2248 1646 2283 nius·

930 2300 1009 2339 post
1038 2297 1139 2330 initio
1165 2296 1381 2340 interposuit
1408 2296 1549 2339 secuti,
1587 2295 1645 2331 lu·-

930 2345 1026 2377 ἀίω-ο
1052 2345 1167 2387 initio,
1198 2345 1237 2378 m’
1265 2355 1495 2379 naetmerm—
1519 2346 1646 2380 auma-

928 2393 1157 2435 set‚tu1bato
1184 2393 1387 2426 sententiae
1414 2403 1522 2428 nexu.
1557 2392 1644 2427 Nam

927 2453 1090 2475 numerus
1125 2451 1327 2483 caesorum,
1363 2441 1501 2475 etiarmi
1534 2441 1644 2487 longe

928 2491 1039 2522 maior
1066 2490 1216 2531 fuisset,
1260 2489 1434 2532 impedire
1458 2488 1548 2525 nihil
1574 2499 1643 2534 po-

930 2539 994 2570 tuit
1021 2548 1092 2584 quo
1107 2539 1223 2571 minus
1249 2536 1424 2573 ludicrum
1447 2541 1545 2572 esset
1569 2538 1643 2572 ini-

928 2587 1026 2620 tium.
1078 2585 1290 2620 Medicinam
1319 2585 1491 2620 adhibere
1518 2588 1642 2620 conati

927 2640 1009 2667 sunt
1035 2635 1161 2669 Rivius
1189 2639 1224 2668 et
1237 2633 1435 2668 Beroaldus
1461 2633 1641 2671 exhiben-

929 2688 981 2716 tes
1017 2683 1151 2717 lmlicro
1185 2683 1285 2716 initio
1305 2696 1315 2715 .-
1357 2694 1524 2717 numerus
1556 2693 1643 2718 cao-

927 2742 1044 2764 sorum
1073 2732 1243 2765 invidiam
1277 2730 1364 2764 bello
1399 2733 1509 2765 auxit.
1568 2730 1638 2767 Sed

928 2781 1024 2812 avexit
1055 2781 1089 2812 in
1117 2781 1270 2813 ausisset
1308 2779 1486 2824 quomodo
1515 2789 1640 2814 corru-

927 2832 1023 2870 ptum
1056 2829 1102 2861 sit
1129 2838 1234 2862 nemo
1263 2829 1357 2861 iuste
1390 2828 1638 2872 explicaverit.

926 2875 1049 2920 Neque
1079 2876 1229 2910 meliore
1262 2886 1433 2910 successu
1471 2875 1638 2922 transpo-

930 2925 1046 2957 nenda
1072 2924 1162 2959 haec
1188 2924 1300 2959 suasit
1325 2924 1484 2969 Lipsius,
1512 2931 1551 2959 ut
1579 2936 1638 2961 es-

925 2977 980 3007 set
1006 2978 1038 3007 et
1063 2974 1198 3019 quidem
1228 2978 1351 3020 partes
1378 2973 1528 3008 modeste
1563 2974 1638 3010 dis.
