1768 3216
127 247 150 273 ι
173 235 215 273 0.
242 237 302 274 ὦ.
649 235 784 271 LIBER
809 236 838 271 1.
891 235 978 270 GAP.
1005 235 1163 272 68—70.
1527 254 1529 257 ⁴
1579 235 1628 270 ⁵7³

128 353 296 408 quidem
334 353 456 394 minis
498 365 548 394 ac
588 352 731 394 verbis
778 351 1055 405 temperabat,
1102 363 1196 392 cum
1240 349 1437 393 Claudius
1470 350 1642 403 Cossus,

127 436 233 471 umis
277 440 334 469 ex
371 426 548 481 legatis,
597 430 723 468 notae
761 426 1010 478 facundiae,
1051 425 1126 467 sed
1166 425 1338 468 dicendi
1377 429 1507 467 artem
1549 428 1643 485 apta

129 501 406 556 trepidatione
438 501 653 544 occultans
685 505 807 555 atque
839 513 890 542 eo
922 500 1123 553 validior,
1171 500 1313 542 militis
1346 500 1528 542 animum
1558 483 1644 541 mi-

129 562 770 632 tffiesfstmos—*vulgm
817 575 1056 617 mutabilem
1097 576 1245 617 subitis
1279 579 1319 616 et
1350 579 1434 617 tam
1465 585 1644 629 pronum

130 651 173 694 in
203 651 540 695 misericordiam
573 663 694 705 quam
725 650 994 692 immodicum
1026 650 1201 692 saevitia
1238 650 1427 703 [fueratJ.
1490 648 1678 691 Effusis}

130 725 338 779 lacrimis,
369 730 410 768 et
438 725 614 769 meliora
645 726 906 767 constantius
937 725 1212 779 postulando,
1256 725 1540 779 impunitatem
1571 736 1646 765 sa-

61 801 339 854 solutamque
376 801 537 843 civitati
575 801 890 854 impetravere·
929 800 1111 841 Caecina
1151 811 1309 853 paucos
1352 800 1394 840 in
1441 799 1645 841 Helvetiis

131 879 317 919 moretm
359 875 478 928 dies,
522 875 618 916 dum
662 875 896 916 sententiae
942 873 1096 915 Vitellii
1138 874 1296 914 certior
1337 873 1471 925 fieret,
1524 873 1647 915 simul

134 950 353 994 transitum
390 948 555 1004 Alpium
595 962 773 1003 parans,
820 949 972 991 laetum
1013 962 1068 990 ex
1107 948 1223 990 Italia
1262 948 1448 989 nuntium
1479 947 1647 1002 accipit,

137 1023 246 1068 alam
276 1024 475 1069 Silianam
508 1025 622 1066 circa
652 1024 805 1066 Padum
838 1028 1031 1078 agentem
1070 1027 1336 1064 sacramento
1377 1022 1532 1064 Vitellii
1572 1033 1649 1063 ac·
1663 1031 1705 1062 ιο

135 1077 690 1142 οεεείεεεῗμρἷόοοηεωειη
721 1098 932 1140 Vitellium
964 1098 1110 1140 Siliani
1143 1098 1184 1138 in
1215 1096 1363 1138 Africa
1395 1097 1649 1147 habuerant;

134 1185 232 1216 mox
260 1186 286 1216 a
314 1173 498 1226 Nerone,
531 1178 575 1214 ut
606 1174 648 1215 in
679 1173 915 1230 Aegyptum
935 1173 1311 1227 praemitterentur,
1346 1172 1490 1224 exciti,
1524 1176 1566 1213 et
1596 1172 1649 1212 ob

136 1247 290 1291 bellum
321 1248 511 1290 Vindicis
542 1249 747 1300 revocati,
780 1262 830 1290 ac
862 1253 945 1289 lum
978 1249 1019 1288 in
1038 1247 1155 1289 Italia
1186 1251 1417 1299 manentes,
1451 1247 1653 1287 instinctu

136 1320 432 1375 decurionum,
465 1322 535 1377 qui
568 1322 745 1364 Othonis
776 1323 938 1379 ignari,
983 1321 1149 1364 Vitellio
1182 1321 1382 1362 obstricti
1412 1320 1542 1362 robur
1572 1320 1653 1362 ad-

281 1462 310 1495 ί.
352 1461 458 1495 minis
492 1472 538 1495 ac
571 1462 690 1496 uerbis
725 1461 772 1496 G:
813 1460 928 1494 verbis
972 1471 1017 1494 ac
1054 1460 1159 1493 minis
1187 1471 1240 1501 a,
1277 1458 1392 1492 verbis
1418 1463 1451 1491 et
1475 1458 1580 1492 minis
1608 1461 1654 1494 Ιι.

138 1520 257 1544 cossus
280 1509 330 1544 G:
359 1510 589 1545 Cossutianus
621 1514 675 1554 b;
713 1514 829 1544 ortum
865 1509 934 1543 hoc
981 1519 1026 1542 ex
1059 1519 1111 1553 sq.
1145 1517 1246 1541 unus.
1326 1509 1359 1541 2.
1404 1518 1448 1540 ex
1475 1505 1527 1540 G:
1565 1518 1583 1539 e
1608 1510 1653 1543 l).

135 1558 172 1594 4.
207 1558 310 1604 uulgo
348 1558 403 1603 G:⁴
445 1559 567 1605 vulqus
607 1563 673 1597 ab
715 1564 751 1593 et
789 1557 828 1591 G.
931 1556 1100 1592 mutabile·
1143 1556 1170 1590 G
1213 1559 1248 1590 et
1289 1555 1534 1590 Oxonienses:
1575 1566 1655 1589 mu-

136 1606 244 1641 laln‘lo
269 1612 350 1656 gnb-
431 1609 465 1643 5.
490 1608 738 1643 misericordia
767 1613 855 1647 ah:
886 1607 914 1641 G
940 1607 1131 1640 miseriam.
1220 1604 1424 1638 immodicus
1450 1603 1650 1637 Freinshe-

140 1656 245 1689 mins.
293 1655 362 1691 ·1o.
391 1656 569 1691 Silianam
595 1657 636 1691 Η.
664 1658 686 1692 2
718 1656 756 1691 17
786 1655 859 1690 Ma:
900 1655 1063 1689 Silanum
1089 1658 1156 1690 ab
1189 1653 1244 1697 (in
1274 1657 1306 1688 l»
1333 1663 1356 1685 u
1383 1657 1582 1686 correctum
1618 1651 1654 1684 in

139 1708 207 1750 a),
233 1704 409 1749 syllanum
424 1705 462 1739 G.
517 1707 572 1740 11.
601 1705 814 1751 proconsule
840 1714 892 1741 a:
920 1703 948 1738 G
971 1701 1227 1749 proconsulem.
1281 1699 1391 1734 silani
1419 1705 1499 1742 ab,
1525 1699 1658 1744 syllam'

144 1751 184 1786 G.
247 1754 302 1787 12.
332 1754 440 1787 acciti
465 1753 629 1797 syllabae
657 1765 700 1787 ac
725 1763 903 1797 superscr.
931 1764 975 1785 ez·
1001 1764 1045 1787 a.
1126 1751 1183 1784 13.
1210 1749 1371 1782 reuocati
1397 1749 1427 1782 A
1456 1753 1492 1782 et
1520 1748 1548 1782 G
1578 1747 1657 1794 (hic

141 1801 181 1834 in
206 1805 372 1847 rasura):
393 1803 578 1847 provocati
603 1807 693 1848 ab,
721 1801 892 1836 remorati
916 1800 943 1833 B
974 1803 1010 1835 et
1040 1797 1277 1837 Oxonienses.

141 1856 276 1895 perscr-
304 1855 374 1886 lum
400 1862 446 1891 a.

1378 1808 1422 1834 αθ
1449 1803 1566 1831 lamen
1592 1806 1656 1831 Su·-

144 1990 208 2015 ora
234 1980 436 2027 legatorum
462 1982 753 2027 intentaverant3
779 1993 867 2028 per.-

940 1982 1119 2026 ruptionis
1154 1981 1235 2015 fons
1268 1979 1494 2026 quaerendus
1528 1982 1583 2012 est
1621 1978 1659 2012 in

144 2028 229 2063 inde
260 2031 337 2075 egit
373 2032 568 2076 princeps,
604 2042 724 2077 neque
761 2033 869 2065 minis

937 2030 1049 2065 verbo
1086 2032 1227 2075 suerat:
1268 2029 1304 2063 id
1339 2028 1482 2063 infersit
1519 2027 1578 2072 qui
1615 2025 1660 2060 ad

144 2082 348 2122 temperans
374 2089 444 2113 nec
469 2080 604 2115 verbis.
651 2081 692 2114 H.
722 2078 770 2114 111
795 2082 863 2115 24:

146 2129 286 2172 frustra
314 2128 420 2162 minis
445 2133 478 2162 et
504 2129 619 2163 verbis
658 2135 867 2174 provocatos

154 2173 360 2210 Vitellianos
377 2202 387 2219 ,
425 2177 456 2209 si
480 2188 605 2211 manus
631 2188 751 2211 eorum
780 2189 868 2211 ocu-

149 2222 268 2267 losque
292 2233 366 2257 mm
392 2223 552 2259 tolerent.
592 2225 646 2259 lbi
673 2225 769 2259 oculi
798 2226 868 2259 mi-

146 2272 202 2304 m‘s
226 2271 458 2316 respondent,
484 2284 610 2308 manus
635 2275 762 2308 verbis.
799 2275 867 2316 Qui

148 2323 308 2353 statuunt
332 2319 374 2356 ἓν
403 2314 466 2356 διὰ
498 2321 628 2364 δυοῖν,
667 2331 739 2355 non
768 2328 868 2357 recte

151 2366 301 2401 fuciunt.

221 2416 468 2450 immodicum:
508 2417 601 2452 hanc
627 2419 783 2451 omnium
819 2418 868 2451 li-

152 2463 296 2498 brorum
328 2464 538 2510 scripturam
581 2466 746 2512 plerique
787 2466 868 2500 edi-

148 2516 246 2547 tores
271 2517 420 2548 auctore
447 2514 697 2549 Freinshemio
735 2516 771 2548 in
797 2515 867 2548 im-

149 2561 306 2595 modicus
332 2567 571 2606 mutaverunt,
601 2563 768 2597 nonnulli
794 2563 866 2596 ulia

149 2610 290 2643 ratione
332 2612 549 2645 sententiam
583 2617 867 2656 structuramque

150 2657 342 2692 verborum
369 2660 539 2703 expedire
565 2661 694 2694 frustra
722 2668 866 2703 operam

151 2701 338 2740 dederunt.
399 2707 468 2750 Qui
494 2707 780 2742 Freinshemium
806 2718 868 2741 se-

154 2755 226 2787 cuti
250 2756 332 2787 sunt
357 2756 568 2799 scriptorem
597 2755 691 2790 hunc
718 2757 868 2800 primum

154 2801 191 2833 in
227 2803 431 2836 universum
459 2803 503 2837 de
534 2803 647 2837 milite
685 2803 869 2838 disseren-

154 2852 226 2881 tem
251 2856 294 2883 ac
330 2855 403 2884 mm
438 2852 556 2885 subito
591 2850 635 2885 ad
660 2848 868 2886 Caeciniani

155 2895 278 2931 militis
302 2899 458 2933 animuin
494 2899 747 2934 declarandum
772 2901 869 2934 reci-

154 2943 298 2979 dentem
323 2946 478 2991 fabium,
515 2952 644 2994 magno
679 2947 870 2982 distinctae

155 2991 329 3028 orationis
355 2993 554 3040 dispendio.
590 2995 635 3030 At
662 2995 757 3030 enim
785 3003 868 3030 cor-

936 2078 1148 2124 particulam
1192 2089 1295 2123 quam
1334 2077 1483 2111 verbum
1524 2075 1660 2121 requiri

937 2128 1007 2162 sibi
1035 2132 1274 2172 persuaserat.
1323 2125 1400 2160 Hoc
1427 2126 1545 2159 eiecto
1573 2134 1660 2158 sen-

937 2177 1050 2210 tentia
1074 2177 1276 2210 restituitur
1310 2174 1406 2208 clara
1444 2179 1479 2208 et
1509 2177 1659 2206 ornata:

938 2226 1072 2270 quippe
1103 2225 1187 2258 inde
1219 2235 1239 2258 a
1271 2222 1393 2258 verbis
1431 2228 1469 2256 ut
1504 2227 1554 2255 est
1587 2231 1661 2255 mos

937 2272 1038 2318 oulyo
1077 2274 1114 2306 in
1148 2282 1283 2318 genere
1328 2271 1453 2306 militis
1501 2270 1661 2316 gregarii

938 2322 1077 2355 animus
1109 2320 1336 2355 describitur.
1382 2318 1437 2352 cf.
1464 2319 1507 2352 H.
1536 2318 1567 2351 11
1592 2318 1658 2354 29:

937 2375 975 2403 ut
1002 2373 1051 2402 est
1073 2369 1196 2414 vulqus
1221 2375 1366 2412 utroque
1391 2366 1624 2401 immodicum.

1013 2415 1100 2462 Cap.
1129 2417 1186 2452 70.
1238 2417 1443 2451 Silianam.-
1495 2414 1660 2449 Silanum

942 2471 978 2500 et
1005 2465 1113 2510 paulo
1149 2470 1231 2510 post
1258 2464 1378 2498 Silani
1402 2463 1511 2505 ABG,
1546 2462 1659 2508 sylla-

937 2524 1020 2548 nam
1047 2519 1083 2549 et
1108 2513 1286 2559 syllaniG,
1311 2513 1498 2547 Sullanam
1519 2517 1555 2546 et
1573 2511 1659 2546 Sul-

937 2563 1014 2597 lam·
1044 2563 1211 2608 plerique
1239 2561 1407 2596 editores.
1451 2561 1543 2603 Quia
1567 2560 1608 2593 Η.
1628 2558 1660 2593 11

941 2611 982 2646 17
997 2610 1050 2645 Ma
1073 2613 1124 2656 (is
1153 2610 1211 2644 hic
1238 2609 1378 2656 deficit)
1391 2609 1540 2643 eandem
1567 2607 1658 2641 alam

938 2658 1116 2693 Silianam
1143 2663 1247 2693 vocat
1265 2685 1274 2700 ‚
1302 2663 1337 2692 et
1363 2657 1530 2702 quoniam
1560 2655 1659 2688 veri-

937 2707 1092 2741 similius
1122 2708 1236 2741 visum
1266 2712 1321 2740 est
1348 2706 1440 2739 hanc
1467 2704 1598 2737 alam'a
1617 2701 1656 2735 C.

940 2756 1028 2790 Silio
1065 2756 1262 2800 superioris
1297 2754 1362 2787 sub
1387 2750 1529 2785 Tiberio
1567 2749 1658 2783 Ger-

938 2805 1081 2838 maniae
1108 2803 1229 2848 legato
1256 2802 1325 2845 (cf.
1353 2800 1367 2834 1
1393 2801 1433 2834 31
1466 2803 1502 2832 et
1529 2799 1587 2840 72,
1624 2797 1659 2833 11

939 2852 962 2886 6
990 2857 1025 2886 et
1052 2851 1070 2886 7
1098 2855 1135 2884 et
1160 2851 1220 2891 25,
1246 2848 1363 2882 11142
1390 2847 1498 2889 et45‚
1527 2845 1656 2897 1Y19)

941 2904 977 2933 et
1002 2901 1081 2933 viro
1099 2897 1298 2932 clarissimo
1316 2903 1447 2929 nomen
1471 2894 1657 2938 accepisse

941 2951 1044 2993 quam
1074 2946 1118 2980 ab
1144 2945 1296 2979 obscuro
1331 2943 1482 2989 quodam
1512 2942 1657 2987 praefe-

942 2998 1012 3038 cto,
1041 2992 1230 3030 cuisuuae
1247 3000 1380 3027 nomen
1397 2991 1519 3036 fuerit,
1549 2991 1656 3037 equi-
