1768 3216
8 560 16 578 e
26 550 78 588 *eff

9 644 14 655 ι
32 641 64 659 ,<.

65 641 85 653 Γ

110 676 128 705 ⁵

100 1027 376 1083 ‚oprivignum
405 1022 444 1062 in
473 1016 658 1073 proximo
689 1013 767 1055 sibi
797 1008 961 1063 fastigio
994 1002 1227 1048 collocavit.

704 211 1001 260 ulsToulARvn
1392 209 1425 234 a.
1450 205 1488 232 u-
1513 193 1599 232 822.

730 343 773 381 ut
811 335 938 379 moris
979 333 1065 382 est,
1111 325 1376 378 adoptarem,
1425 319 1468 359 et
1503 310 1606 356 mihi

907 404 1035 450 Marci
1067 398 1206 444 Crassi
1235 393 1423 439 subolem
1453 389 1497 433 iu
1524 397 1607 444 pe-

138 515 252 554 nates
283 499 393 548 meos
423 496 681 544 adsciscere,
714 493 754 532 et
782 486 856 529 tibi
891 482 1054 536 insigne
1084 473 1289 538 Sulpiciae
1327 481 1379 512 ac
1412 466 1610 550 vlatitantia

140 586 287 627 decora
316 571 514 619 nobilitati
543 574 636 611 tuae
666 562 884 608 adiecisse.
925 556 1040 599 Nunc
1071 564 1135 594 me
1166 549 1340 591 deorum
1368 543 1612 586 hommum-

140 671 215 713 que
246 633 460 696 consensu
478 646 530 688 ad
560 641 772 697 imperium
801 638 990 678 vocatum
1019 625 1232 684 praeclara
1278 619 1441 705 indoles
1471 621 1542 660 tua
1571 618 1615 699 et

140 742 253 774 amor
281 725 435 782 patriae
464 718 617 774 impulit
644 719 687 756 ut
715 711 1007 768 principatum,
1055 703 1106 744 de
1147 711 1227 755 quo
1268 705 1450 739 maiores
1480 694 1616 734 nostri

141 805 262 849 armis
294 798 523 848 certabant,
572 791 680 834 bello
711 788 878 841 adeptus
911 778 1138 837 quiescenti
1177 774 1375 824 offeram,
1424 765 1616 822 exemplo

145 879 229 922 divi
268 871 463 929 Augusti,
510 867 578 922 qui
616 863 772 908 sororis
810 859 932 902 filium
970 852 1234 902 Marcellum,
1276 847 1374 891 dein
1414 854 1619 902 generum

427 956 523 987 mox
558 944 724 995 nepotes
755 948 876 988 suos,
913 924 1371 996 postremo·'l'iberium
1408 920 1623 987 Neronem

1289 997 1371 1042 Sed
1408 997 1621 1052 Augustus

151 1103 193 1143 in
222 1100 342 1141 domo
372 1103 652 1138 successorem
683 1085 895 1142 quaesivit,
929 1095 1007 1137 ego
1040 1080 1081 1122 in
1111 1091 1157 1120 re
1186 1075 1379 1131 publica,
1410 1083 1496 1114 non
1526 1068 1624 1124 quia

152 1174 398 1230 propinquos
429 1171 495 1209 aut
524 1165 661 1208 socios
690 1162 786 1204 belli
815 1171 897 1201 non
926 1157 1121 1199 habeam:
1153 1152 1229 1195 sed
1261 1161 1395 1203 neque
1425 1147 1517 1202 ipse
1543 1145 1626 1187 im-

155 1249 309 1304 perium
339 1243 557 1299 ambitione
587 1237 742 1291 accepi,
775 1240 814 1278 et
843 1233 983 1275 iudicii
1014 1230 1097 1272 mci
1128 1229 1419 1270 documentum
1440 1222 1523 1265 sint
1539 1231 1628 1262 non

158 1335 272 1365 meae
299 1323 458 1361 tantum·
479 1312 819 1373 necessitudines,
851 1320 950 1363 quas
981 1306 1054 1347 tibi
1083 1301 1311 1360 postposui,
1344 1299 1418 1342 sed
1450 1300 1491 1340 et
1519 1300 1628 1338 tuae.

134 362 288 407 curiata
318 354 422 414 apud
450 347 682 407 pontifices,

137 422 463 496 &effigiumfefa't
488 418 617 465 Gnaei
644 413 809 469 Pompei
839 415 880 453 et

148 953 367 1008 Agrippam
378 979 389 1000 ,

110 1414 146 1444 ιε
158 1398 230 1439 Est
256 1395 328 1436 tibi
358 1394 482 1434 frater
512 1389 601 1444 pari
629 1387 853 1437 nobilitato,
885 1387 979 1425 natu
997 1381 1143 1432 maior,
1177 1379 1326 1433 dignus
1347 1375 1427 1417 hac
1449 1372 1630 1423 fortuna,

160 1470 238 1512 nisi
267 1473 308 1511 tu
336 1467 469 1522 potior
498 1476 625 1507 esses.
684 1462 741 1503 Ea
773 1464 884 1502 aetas
914 1463 1004 1509 tua,
1054 1468 1157 1510 quae
1199 1451 1443 1507 cupiditates
1483 1446 1633 1490 adule-

161 1544 340 1588 scentiae
370 1542 448 1582 iam
479 1538 689 1594 effugerit3
729 1549 776 1577 ca
806 1535 912 1586 vita,
944 1533 985 1573 in
1017 1543 1093 1585 qua
1123 1528 1226 1571 nihil
1255 1524 1524 1583 praeteritum
1555 1534 1635 1564 ex-

161 1617 382 1660 cusandum
406 1615 572 1656 habeas.
631 1613 848 1654 Fortunam
878 1608 1009 1650 adhuc
1039 1609 1193 1648 tantum
1223 1602 1443 1646 adversam
1476 1597 1633 1641 tulisti:

160 1692 364 1736 secundae
392 1701 459 1731 res
490 1687 717 1730 acrioribus
743 1679 919 1726 'stimulis
950 1683 1107 1724 animos
1139 1679 1381 1734 explorant,
1427 1675 1521 1731 quia
1552 1674 1635 1716 mi-

299 1827 329 1859 1.
355 1825 459 1859 michi
482 1823 547 1858 Ma.
616 1825 649 1859 2.
679 1823 790 1857 Gnaei
812 1820 1075 1855 Freinshemius
1104 1819 1163 1864 qui
1188 1822 1304 1851 tamen
1330 1816 1472 1860 scripsit
1501 1812 1635 1848 cnaei.-

166 1875 219 1910 ltla
248 1879 282 1908 et
308 1875 416 1908 ceteri
443 1884 545 1906 nunc.
615 1872 750 1916 pompei
775 1869 869 1912 Gala,
895 1878 966 1901 non
994 1867 1155 1912 Pompeii.
1239 1865 1288 1898 M.
1314 1864 1379 1898 Ma.
1466 1865 1522 1898 11.
1548 1873 1636 1907 rap.

168 1924 232 1959 Ma.
285 1923 338 1956 13.
365 1923 408 1955 sit
435 1919 515 1954 GMa
541 1923 622 1965 (pro
646 1925 703 1962 sie,
729 1918 765 1955 h.
791 1929 822 1952 e.
850 1918 957 1960 sino:
985 1926 1004 1950 e
1033 1916 1146 1949 Vatic.
1173 1915 1327 1947 correxit
1350 1913 1502 1958 Lipsius.
1583 1911 1639 1946 ¹5.

171 1977 220 2006 est
246 1969 293 2004 G:
315 1969 367 2004 Ma
392 1976 433 2003 et.
477 2009 480 2012 Α
511 1969 565 2005 16.
592 1973 664 2002 etas
686 1965 752 2001 Ma.
804 1966 859 1999 17.
886 1964 996 1999 nichil
1018 1962 1083 1999 Ma.
1155 1967 1244 2008 pret.
1271 1960 1336 1996 Ma.

175 2102 263 2136 haec
292 2111 401 2134 senex
427 2100 602 2134 invalidus
629 2104 664 2133 et
681 2099 774 2133 iners
796 2099 871 2143 ipse

940 2099 1076 2142 eiusque
1102 2097 1155 2130 rei
1179 2097 1247 2142 ipsi
1264 2100 1422 2130 auctores
1434 2095 1533 2139 fiunt.
1575 2094 1648 2129 Sed

175 2149 365 2195 ignoravit.

940 2146 1188 2191 adroyationes
1216 2156 1286 2178 non
1314 2151 1439 2179 temere
1458 2154 1525 2178 nec
1541 2144 1646 2178 inex-

233 2198 389 2242 privatus
414 2197 488 2241 leqe
513 2196 651 2229 curiata
677 2195 768 2240 apud
784 2206 873 2239 pon-

179 2247 305 2288 tifices:
332 2245 389 2278 lex
415 2245 552 2278 curiata
567 2249 620 2277 est
640 2254 741 2288 quam
757 2244 874 2277 curiae

179 2298 369 2327 sanxerunt
406 2293 480 2338 (ein
509 2292 687 2326 Beschluss
714 2292 775 2324 der
804 2292 874 2325 Cu-

180 2343 284 2387 rien).
325 2341 425 2385 Ipsae
450 2345 565 2375 autem
592 2340 720 2374 Curiae
750 2340 784 2372 in
810 2339 875 2373 hac

181 2400 219 2422 re
245 2400 360 2433 neque
397 2391 639 2423 convenerunt
667 2398 783 2432 neque
809 2388 876 2435 [le-

186 2448 264 2482 gem
291 2442 516 2480 acceperunt,
543 2437 604 2470 sed
629 2436 816 2480 pontifices
836 2435 877 2469 ad

185 2486 329 2529 triginta
354 2484 517 2527 lictores,
544 2487 603 2529 qui
629 2484 763 2529 antiqui
794 2485 877 2517 iuris

183 2533 372 2576 usurpandi
401 2544 505 2567 causa
531 2533 705 2566 curiarum
736 2542 879 2566 munere

139 2602 141 2604 -
183 2581 346 2624 speciose
373 2580 632 2626 fungebantur,
657 2581 700 2614 de
732 2592 770 2614 re
796 2582 880 2624 ipsis

136 2631 140 2659 ἕ
181 2628 330 2672 probata
355 2630 568 2663 rettulerunt
601 2634 635 2662 ct
670 2630 881 2663 sententiam

184 2686 303 2710 eorum
329 2679 429 2721 quasi
451 2678 744 2722 explorat-eruum
770 2688 801 2711 v.
820 2677 883 2710 Ci-

184 2734 265 2758 cero
291 2726 327 2758 in
342 2725 434 2759 uun.
461 2725 492 2759 11
524 2727 577 2768 12,
607 2735 668 2769 pro
686 2726 797 2759 Domo
829 2725 882 2760 14.

186 2772 319 2806 Gellius
347 2773 374 2807 V
404 2773 458 2808 19.
509 2773 547 2807 Id
581 2773 704 2816 fiebat,
740 2775 768 2807 si
806 2774 884 2818 quis

186 2820 423 2866 arrogabatur.
474 2820 609 2856 Gellius
644 2823 666 2857 1>
696 2833 714 2856 c
742 2834 750 2855 :
777 2822 886 2856 adro-

186 2874 313 2914 gantur
337 2870 365 2902 ii
389 2870 466 2913 qui,
497 2881 572 2904 cum
600 2872 655 2905 sui
690 2871 777 2905 iuris
811 2877 887 2905 sunt

188 2917 236 2961 (is
261 2916 339 2950 Piso
369 2922 454 2960 erat,
482 2928 552 2952 non
577 2918 671 2953 filius
701 2919 887 2965 familias),

187 2965 226 2998 in
252 2965 405 3000 alienam
431 2977 503 3000 sese
515 2972 717 3013 potestatem
733 2967 887 3011 tradam,

937 2196 1075 2240 plorate
1099 2194 1372 2228 committuntur:
1400 2204 1483 2227 nam
1509 2194 1650 2227 comitia

943 2244 1084 2277 arbitris
1094 2243 1309 2289 pontificibus
1317 2242 1542 2288 praebentur,
1558 2253 1648 2287 quae

949 2293 1086 2325 curiata
1114 2291 1345 2338 appellantur.
1397 2291 1564 2325 Formula
1589 2301 1649 2325 ar-

949 2342 1144 2386 rogationis
1173 2341 1226 2375 sic
1241 2340 1441 2384 conscripta
1457 2345 1493 2375 et
1512 2341 1650 2374 sancita

945 2389 1001 2423 ιω
1035 2390 1173 2423 curiata
1205 2388 1385 2433 appellata
1423 2393 1487 2423 est.
1539 2388 1652 2423 Galba

948 2437 1015 2471 hoc
1041 2439 1117 2471 iure
1142 2448 1179 2470 se
1204 2447 1274 2470 non
1304 2438 1417 2471 teneri
1445 2437 1542 2480 dicit,
1569 2448 1648 2472 cum

947 2496 1100 2519 summus
1127 2487 1317 2529 imperator
1337 2492 1373 2519 et
1388 2486 1550 2530 pontifex
1571 2497 1649 2520 ma-

948 2534 1061 2567 ximus
1087 2544 1150 2568 suo
1177 2534 1322 2567 arbitrio
1348 2534 1456 2568 fllium
1484 2545 1651 2581 arrogare

950 2587 984 2616 et
1021 2593 1263 2616 successorem
1307 2594 1478 2628 quaerere
1525 2585 1650 2628 possit.

950 2631 1129 2676 Augustus
1150 2636 1269 2665 contra
1291 2642 1446 2666 summae
1463 2634 1652 2676 potestatis

951 2681 1106 2723 speciem
1151 2681 1345 2714 evitaturus
1393 2691 1490 2715 more
1543 2681 1652 2717 solito

953 2728 1044 2761 filios
1067 2729 1263 2772 adoptavit:
1279 2730 1469 2764 Suetonius
1486 2730 1579 2776 Aug.
1593 2730 1652 2766 65.

956 2777 1033 2810 Mox
1045 2787 1106 2820 pro
1117 2777 1317 2823 adoptarem
1331 2779 1532 2812 accuratius
1546 2778 1655 2813 Galba

956 2825 1089 2859 diceret
1117 2826 1348 2872 adroyarem:
1375 2837 1454 2860 narn
1481 2826 1655 2872 adoptan-

955 2877 1011 2906 tur
1037 2875 1093 2918 qui
1129 2874 1236 2908 alieni
1263 2876 1349 2909 iuris
1376 2879 1456 2908 sunt
1483 2879 1534 2921 (v.
1564 2875 1654 2911 Gell.

957 2921 980 2954 l.
1010 2925 1079 2968 c.)‚
1107 2922 1168 2956 sed
1198 2923 1289 2957 idem
1315 2924 1420 2957 etiam
1446 2924 1482 2958 in
1508 2934 1656 2972 arroga-

953 2970 1056 3004 tione
1081 2975 1198 3015 potest
1222 2971 1394 3006 adhiberi.
