1768 3216
163 236 237 274 814
720 233 782 269 DE
810 232 1096 270 ORATORIBVS

165 357 325 404 meret,
370 352 444 393 sed
480 351 601 404 plane
646 356 740 405 post
782 350 1093 394 Gabinianum?
1173 351 1229 392 At
1257 361 1338 404 ego
1371 361 1454 391 non
1487 348 1737 396 vereborw

166 428 381 469 nominare
413 426 616 480 singulos,
650 438 731 480 quo
764 426 943 477 facilius,
979 425 1204 480 propositis
1228 423 1441 478 exemplis,
1474 426 1670 477 appareat

166 501 311 554 quibus
340 500 541 554 gradibus
574 501 705 542 fracta
734 500 788 541 sit
819 504 858 541 et
889 500 1099 542 deminuta
1130 498 1381 552 eloquentia.

300 574 466 627 Appara
494 578 548 626 te,
582 574 712 628 inquit
738 575 964 626 Maternus,
998 578 1038 615 et
1066 574 1204 627 potius
1226 572 1375 614 exolve
1402 571 1667 626 promissum.

134 649 307 702 sNeque
340 648 450 690 enim
482 649 563 690 hoc
597 649 740 703 colligi
769 649 1082 700 desideramus,
1125 647 1372 689 disertiores
1417 658 1513 688 esse
1557 646 1670 688 anti-

165 735 284 776 quos,
319 723 428 777 quod
461 723 566 776 apud
605 737 669 765 me
701 723 869 777 quidem
899 723 941 764 in
973 723 1173 765 confesso
1207 727 1284 774 est,
1317 722 1393 764 sed
1416 732 1565 763 causas
1585 733 1668 763 ex-

164 799 388 852 quirimuS,
434 811 535 852 quas
580 803 619 841 te
662 799 829 841 solitum
871 803 1051 840 tractare
1094 797 1216 852 paulo
1248 802 1342 840 ante
1389 794 1666 848 memorabas,

163 872 284 925 plane
314 873 451 914 mitior
485 877 526 915 et
556 873 819 927 eloquentiae
851 878 1077 927 temporum
1118 876 1355 914 nostrorum
1392 883 1476 913 non
1522 871 1667 922 iratus,

165 952 382 1001 antequam
415 951 455 988 te
486 949 600 1001 Aper
631 947 867 990 offenderet
899 948 1082 989 maiores
1115 952 1209 989 tuos
1242 946 1509 989 lacessendO.

115 1033 154 1065 no
301 1022 393 1063 Non
438 1033 555 1073 sum,
605 1021 759 1076 inquit,
809 1021 992 1063 ostensus
1035 1022 1137 1075 Apri
1184 1021 1317 1063 nostri
1363 1020 1667 1074 disputatione:

167 1107 261 1137 nam
293 1099 334 1136 et
362 1108 439 1137 vos
471 1109 555 1136 non
587 1096 745 1138 offendi
776 1096 967 1148 decebit,
1009 1097 1045 1138 si
1076 1096 1174 1149 quid
1208 1096 1315 1137 sorte
1349 1106 1472 1136 aures
1504 1098 1668 1137 vestras

166 1170 433 1224 perstringat,
469 1183 559 1211 cum
591 1170 734 1212 sciatis
753 1170 862 1212 hanc
888 1183 983 1212 esse
1008 1169 1213 1212 eiusmodi
1244 1181 1484 1211 sermonum
1515 1168 1670 1224 legem,

167 1243 365 1285 iudicium
402 1244 527 1285 animi
558 1245 661 1286 citra
694 1244 886 1286 damnum
918 1245 1109 1286 adfectus
1140 1243 1346 1298 proferre.

261 1403 295 1436 3.
321 1404 444 1447 fracta
471 1402 516 1435 l’:
544 1402 570 1436 F
593 1405 700 1447 freta.
797 1403 979 1437 dimunula
1007 1406 1097 1449 (non
1124 1402 1255 1436 'l'rossii
1283 1402 1472 1447 diminuta)
1500 1400 1536 1436 Ρ.
1635 1402 1671 1438 4.

166 1450 315 1496 Appara
345 1456 376 1483 te
406 1450 479 1484 Fr:
508 1450 717 1496 Appropera
745 1457 776 1485 te
815 1452 1016 1496 Spirensis,
1058 1453 1267 1497 Appropera
1305 1450 1541 1485 Puteolanus:
1577 1451 1612 1484 in
1646 1450 1672 1484 F

171 1498 380 1532 Schrautius
408 1499 498 1546 legit
525 1506 696 1545 apparato
724 1501 952 1544 superposito
976 1511 998 1532 a
1027 1506 1140 1546 parte.
1256 1499 1354 1533 ‚hec
1381 1501 1470 1544 (non
1497 1498 1605 1545 haec)
1633 1498 1670 1534 P.

166 1547 200 1581 6
227 1559 280 1580 me
306 1547 440 1591 quidem
469 1547 544 1581 FP:
571 1560 624 1582 me
653 1548 808 1593 equidem
839 1548 1017 1583 editiones
1045 1553 1201 1583 veteres.
1298 1548 1330 1582 7.
1358 1547 1578 1582 memoratas
1607 1546 1671 1582 ad·-

168 1594 276 1629 ditum
305 1595 348 1628 al)
377 1595 537 1630 cditorze
564 1597 684 1631 dixisti
710 1596 894 1641 supplevit
920 1597 1075 1642 Lipsius.
1191 1596 1226 1631 8.
1265 1596 1386 1630 'nitier‘
1417 1595 1615 1641 eloquentia
1640 1601 1671 1630 et

168 1649 357 1690 temporum
381 1651 580 1678 nostrorum
605 1646 753 1679 miratus
779 1647 893 1679 iratus
922 1645 969 1688 P,
1007 1646 1146 1680 mitiore
1182 1645 1380 1689 eloquentia
1416 1650 1448 1678 et
1481 1650 1672 1690 temporum

164 1699 365 1726 nostrorum
392 1694 538 1727 miratus
564 1694 677 1728 iratus
706 1693 756 1728 F:
787 1694 941 1728 correxit
968 1694 1145 1728 Schelius.
1248 1694 1301 1729 ¹0.
1332 1694 1483 1739 offensus
1509 1704 1532 1726 a
1552 1693 1672 1738 prima

167 1740 242 1774 FP:
269 1742 419 1786 offensus
447 1742 536 1787 Apri
560 1744 673 1776 nostri
698 1742 724 1776 Ι.
754 1742 808 1776 Fr.
839 1743 1050 1777 Gronovius.
1153 1742 1387 1787 disputatione
1416 1741 1467 1775 P:
1494 1741 1670 1787 discepta-

166 1790 260 1822 tione
286 1789 323 1823 F.
416 1791 469 1824 ll.
498 1801 581 1824 nam
607 1797 638 1824 et
664 1803 723 1824 vos
749 1802 821 1824 non
847 1792 979 1837 offendi
1010 1791 1150 1825 editor:
1177 1801 1261 1824 nam
1293 1796 1323 1824 el
1349 1802 1411 1825 uos
1437 1791 1495 1835 off.
1523 1789 1561 1832 P,
1587 1801 1670 1824 nam

167 1848 319 1918 nechites
350 1839 407 1882 off.
436 1838 474 1880 F,
504 1851 569 1872 nec
595 1851 657 1873 uos
685 1841 742 1885 off.
773 1839 1003 1874 Puteolanus.
1091 1840 1145 1873 12.
1175 1840 1391 1884 persii-inqut
1419 1838 1468 1872 P:
1493 1839 1670 1884 perstrin-

166 1892 216 1930 9il
274 1912 281 1920 .

165 2014 227 2048 sed
249 2013 356 2059 plane
387 2019 463 2059 post
494 2013 753 2050 Gabinianum:
791 2015 881 2049 adeo

166 2066 310 2096 veteres
348 2066 508 2095 oratores
546 2067 779 2096 contemnunt
820 2063 881 2097 vel

166 2109 285 2153 potius
312 2119 382 2142 non
412 2109 641 2154 intelligunt,
669 2120 782 2143 novos
810 2111 880 2144 im-

166 2157 307 2192 modice
333 2158 545 2201 suspiciunt,
573 2163 611 2191 ut
636 2159 808 2202 optimum
837 2169 880 2192 ex

167 2206 322 2251 antiquis
337 2216 507 2250 superare
525 2205 593 2239 sibi
608 2206 880 2248 videantur,sed

166 2253 376 2296 Gabiniano,
402 2265 534 2287 novum
562 2265 694 2288 morem
721 2255 881 2298 inprimis

164 2303 337 2345 sectanti,
362 2301 468 2347 plane
483 2303 685 2348 (jedenfalls
715 2303 878 2337 Germani

164 2361 260 2384 nunc
287 2350 424 2394 dicunt)
451 2351 590 2394 cedant,
618 2362 664 2384 ne
682 2351 880 2385 sentientes

166 2398 309 2443 quidem
331 2400 437 2433 etiam
458 2398 553 2433 hunc
574 2398 749 2434 Cicerone
770 2399 879 2447 longe

165 2447 372 2481 inferiorem
388 2458 480 2482 esse.
508 2447 561 2482 De
576 2448 774 2482 Gabiniano
789 2449 878 2483 Hie-

163 2503 332 2538 ronymus
368 2496 404 2528 in
438 2493 569 2530 Chron.
597 2496 728 2531 Euseb.
757 2496 820 2541 (ad
845 2508 875 2531 a.

165 2542 211 2576 78
237 2553 257 2576 a
284 2542 412 2588 Chr.):
442 2543 660 2578 Gabinianus
686 2544 877 2579 celeberri-

165 2590 213 2623 mi
236 2591 387 2624 nominis
412 2590 533 2624 rhetor
552 2593 591 2625 in
611 2592 730 2626 Gallia
747 2592 874 2627 docuit.

164 2636 261 2672 Idem
287 2639 323 2671 in
350 2637 501 2672 Praefat.
525 2649 601 2684 cap.
617 2639 877 2675 8in1esaiam:

165 2686 224 2730 qui
254 2687 284 2719 si
308 2687 432 2732 [lumen
469 2686 686 2731 eloquentiae
722 2695 753 2721 et
788 2699 875 2721 con-

165 2735 291 2768 cinnas
342 2735 614 2769 declamationes
662 2736 874 2778 desiderant,

165 2780 283 2826 legant
309 2783 465 2826 Tullium,
493 2784 758 2828 Quintilianum,
787 2785 875 2819 Gal-

164 2828 303 2874 lionem,
332 2831 578 2866 Gabinianum.

236 2900 320 2945 Cap.
351 2902 409 2937 27.
470 2913 609 2948 appara
633 2908 665 2936 te
683 2924 729 2931 --
754 2903 875 2938 exolve

160 2949 367 2993 promissum
380 2961 391 2983 .-
416 2950 510 2985 idem
529 2950 598 2986 hoc
612 2956 719 2997 atque
737 2956 875 3000 appara

955 2021 985 2049 te
1007 2015 1122 2060 potius
1149 2015 1197 2053 ad
1209 2014 1437 2051 exolvendum
1447 2015 1668 2060 promissum,

951 2074 1042 2107 quae
1058 2064 1236 2107 posterior
1249 2063 1349 2096 notio
1365 2062 1539 2107 peculiari
1555 2074 1668 2097 enun—

951 2112 1038 2144 tiato
1085 2121 1254 2155 expressa
1290 2113 1565 2157 ἐπεξηγηῐικῶς
1605 2122 1669 2156 pel·

951 2158 1160 2203 particulam
1186 2158 1426 2202 copulativam
1448 2158 1667 2206 adiungitur.

950 2207 1131 2241 Maternus
1159 2208 1252 2241 enim
1278 2207 1464 2241 Messalam
1491 2207 1534 2241 ab
1566 2209 1667 2243 inse-

952 2256 1110 2289 ctatione
1128 2254 1330 2300 aequalium
1353 2260 1531 2290 oratorum
1551 2256 1667 2291 abdu-

951 2314 1034 2338 cere
1074 2313 1117 2338 eo
1157 2308 1327 2347 conatur,
1365 2304 1462 2349 quod
1496 2304 1592 2339 aliud
1633 2307 1666 2340 ei

951 2353 1173 2397 propositum
1203 2357 1238 2386 et
1265 2352 1308 2386 ah
1344 2353 1422 2397 ipso
1454 2354 1665 2398 promissum

952 2411 1030 2435 csse
1057 2406 1191 2434 monet.

1018 2471 1125 2517 paulo
1151 2477 1234 2506 ante
1249 2471 1489 2506 memorabas:
1515 2473 1664 2510 formam

950 2520 1051 2553 verbi
1077 2521 1296 2554 memor-abas
1324 2519 1432 2554 elicui
1449 2532 1493 2554 ex
1511 2523 1663 2565 proximi

948 2578 1073 2601 versus
1098 2568 1276 2604 vocabulo
1304 2569 1462 2611 miratus,
1489 2569 1584 2614 quod
1613 2571 1663 2605 ibi

948 2621 1031 2650 ante
1057 2617 1170 2650 iratus
1196 2618 1230 2650 in
1258 2616 1358 2651 libris
1383 2618 1526 2661 scriptis
1545 2618 1662 2653 offen-

948 2663 1074 2700 dimus.
1099 2664 1175 2699 Hoc
1202 2666 1297 2700 enim
1323 2675 1387 2709 per
1413 2665 1661 2711 compendium

947 2722 1154 2756 expressum
1182 2713 1404 2759 (meorabas)
1433 2724 1476 2747 ex
1494 2725 1558 2748 sua
1575 2715 1662 2750 sede

948 2760 982 2792 in
1019 2761 1298 2806 subsequentem
1336 2771 1478 2799 versum
1513 2762 1556 2796 ab
1591 2765 1660 2797 im-

946 2808 1119 2851 prudente
1149 2810 1267 2844 scriba
1292 2814 1476 2853 receptum
1503 2811 1540 2844 in
1557 2811 1660 2845 simi-

945 2855 1132 2891 litudinem
1174 2859 1275 2892 vocis
1324 2859 1436 2892 iratus
1483 2861 1660 2904 corrumpi

943 2905 1073 2949 potuit.
1091 2905 1231 2950 Lipsius
1256 2906 1353 2941 dedit
1366 2906 1498 2950 dixisti,
1525 2907 1589 2949 sed
1613 2918 1659 2943 ne

943 2957 1082 2998 tempus
1110 2954 1253 3000 quidem
1277 2954 1378 2990 verbi
1416 2955 1502 2990 satis
1538 2960 1658 3001 aptum
