1768 3216
1591 247 1641 282 ¹7¹7

141 374 233 408 rum
278 366 496 421 spirituum
541 366 640 408 illud
687 367 954 409 simulacrum
998 367 1100 409 Loci
1136 365 1398 418 morabatur,
1445 364 1641 420 oppidani

143 441 278 484 nostri
308 441 455 484 audire
484 441 719 494 noluerunt,
751 442 827 484 sed
859 454 911 484 eo
942 442 1079 484 studio
1111 446 1153 484 et
1179 441 1335 497 gaudio
1371 441 1642 494 excipienteS,

147 527 229 570 qno
259 516 433 570 perituri
459 516 629 558 Troiani
653 516 822 558 ,fatalem
858 529 1005 570 equum
1038 517 1078 558 in
1117 516 1255 558 medio
1294 516 1379 557 fori
1413 514 1478 557 sui
1519 513 1643 556 dedi-

145 593 372 643 caverunt,
414 590 634 643 statimque
659 590 979 644 proscriptionis
1005 590 1252 632 sententiam
1283 588 1495 642 accipiunt
1512 586 1643 630 villae

144 665 332 706 textores
350 695 362 716 ‚
409 664 478 717 qui
509 664 562 706 ad
591 664 789 718 profanas
820 665 942 707 huius
971 664 1182 707 simulacri
1210 663 1408 706 excubias
1451 663 1644 704 venirent

132 737 367 780 tardiores.
436 738 575 792 Pape,
621 739 713 792 quis
757 739 861 780 vidit
901 751 1080 792 unquam
1126 743 1279 780 tantam
1317 742 1384 789 (ut
1422 737 1479 779 ita
1519 736 1645 778 liceat

146 809 386 864 latinisare)
417 811 461 852 in
490 812 768 854 rationalibus
800 813 1048 855 animalibus
1079 812 1348 854 brutitatem?
1416 811 1518 861 Quis
1550 814 1647 852 tan-

146 889 228 945 tam
260 886 304 927 in
331 886 488 928 renatis
520 887 562 927 in
603 887 767 929 Christo
802 873 1114 941 gentilitatem?
1186 886 1400 941 Cogebant
1441 885 1645 927 sententia

145 960 466 1014 proscriptionis
517 964 705 1002 textores
755 965 882 1002 nocte
931 965 973 1003 et
1027 961 1097 1002 die
1143 961 1281 1002 navim
1326 961 1482 1014 stipare
1532 959 1645 1001 omni

147 1036 382 1076 armaturae
412 1047 587 1089 genere,
617 1035 900 1089 sollicitasque
925 1036 965 1076 ei
996 1035 1196 1077 excubias
1219 1039 1343 1076 nocte
1366 1038 1407 1075 et
1438 1034 1508 1075 die
1538 1045 1648 1075 con-

67 1123 75 1137 *
134 1108 323 1150 -tinuarffi
380 1108 611 1163 Mirumque
638 1109 736 1162 suit,
769 1109 880 1163 quod
912 1121 997 1151 non
1030 1109 1240 1164 cogebant
1266 1121 1342 1151 eos
1373 1112 1469 1150 ante
1510 1107 1647 1149 navim

150 1171 341 1237 Neptuno
371 1183 531 1225 hostias
561 1184 793 1237 immolare,
826 1183 879 1226 de
900 1184 1016 1226 cuius
1038 1196 1168 1226 naves
1190 1196 1287 1226 esse
1304 1183 1440 1226 solent
1456 1183 1647 1238 regione,

147 1257 225 1300 sed
254 1257 467 1312 Neptunus
497 1270 569 1301 eas
598 1258 720 1300 Marti
748 1259 1017 1311 reservabat,
1058 1259 1169 1312 quod
1199 1263 1343 1312 postea
1371 1258 1650 1312 multipliciter

148 1332 302 1375 factum
330 1337 408 1375 est.
1091 1370 1097 1373 ,

282 1406 484 1449 Textores
516 1408 683 1449 interim
714 1407 880 1449 occulto
910 1407 987 1449 sed
1017 1407 1298 1461 praecordiali
1327 1407 1484 1462 gemitu
1526 1406 1648 1448 deum

76 1527 84 1538 ,
150 1472 303 1524 iustum
333 1481 514 1524 iudicem
542 1495 669 1536 super
698 1494 773 1525 eos
807 1482 1017 1524 vindicem
1047 1482 1312 1534 invocabant,
1346 1481 1414 1535 qui
1446 1481 1499 1524 ad
1540 1481 1648 1523 hanc

151 1556 426 1611 ignominiam
457 1569 532 1599 eos
562 1557 859 1610 detrudebant,
902 1566 994 1599 eum
1040 1557 1149 1598 iuxta
1186 1561 1345 1598 rectam
1383 1556 1507 1598 vitam
1538 1555 1651 1597 anti-

152 1642 327 1684 quorum
379 1631 709 1691 Christianorum
763 1636 804 1673 et
852 1632 1177 1686 apostolicorum
1227 1631 1413 1672 virorum
1457 1641 1648 1672 manuum

150 1716 318 1747 suarum
363 1705 576 1747 laboribus
619 1706 833 1759 viverent,
877 1710 1002 1748 nocte
1040 1710 1082 1747 et
1123 1706 1191 1748 die
1234 1710 1486 1759 operantes,
1538 1703 1648 1746 unde

152 1778 363 1825 alerentur
402 1783 444 1820 et
489 1780 756 1833 vestirentur,
801 1779 1029 1833 liberisque
1066 1780 1152 1821 suis
1193 1779 1234 1820 id
1267 1780 1399 1833 ipsum
1446 1778 1650 1832 provide—

150 1857 256 1895 rent.
327 1854 592 1904 Quaerebant
633 1859 673 1896 et
718 1855 1080 1908 conquerebantur
1121 1854 1172 1896 ad
1218 1854 1397 1896 invicem
1439 1853 1650 1907 lacryma—

151 1926 292 1969 biliter
315 1927 427 1970 unde
466 1928 548 1970 illis
591 1929 726 1984 magis
767 1940 887 1982 quam
932 1929 1025 1971 aliis
1065 1928 1339 1971 mercenariis
1376 1927 1483 1970 haec
1522 1927 1651 1982 igno-

151 2002 279 2044 minia
310 2006 353 2044 et
381 2002 446 2044 vis
477 2003 802 2056 contumeliosa,
828 2002 940 2045 'cum
970 2003 1079 2045 inter
1112 2003 1371 2045 Christianos
1412 2002 1493 2044 alia
1532 2001 1650 2055 plura

153 2081 296 2119 essent
341 2077 481 2120 officia
521 2091 603 2121 suo>
636 2079 804 2120 multum
847 2078 1201 2132 aspernabiliora,
1250 2091 1341 2119 cum
1380 2082 1518 2119 tamen
1554 2076 1651 2117 nul-

151 2150 235 2192 lum
264 2151 458 2194 dicerent
485 2153 748 2206 aspernabile
766 2185 778 2206 ,
824 2152 876 2194 de
908 2163 988 2207 quo
1020 2152 1278 2194 Christianus
1308 2156 1451 2206 posset
1478 2163 1525 2192 se
1558 2150 1650 2192 sine

152 2230 330 2279 peccato
362 2227 625 2279 conducere,
659 2228 840 2281 illudque
882 2227 1016 2268 solum
1055 2231 1167 2268 esset
1195 2226 1365 2267 vitabile
1397 2230 1436 2266 et
1464 2224 1650 2279 ignobile

154 2298 264 2351 quod
306 2299 605 2340 immunditiam
645 2301 809 2352 peccati
856 2300 1123 2340 contraheret
1171 2299 1360 2349 animae,
1420 2297 1650 2349 meliorque

152 2372 207 2414 sit
251 2373 431 2415 rusticus
478 2377 615 2414 textor
659 2377 701 2414 et
739 2385 924 2426 pauper,
972 2384 1094 2425 quam
1146 2376 1318 2413 exactor
1370 2371 1649 2425 orphanorum

153 2438 195 2489 et
238 2447 440 2501 spoliator
478 2447 694 2489 viduarum
735 2446 918 2488 urbanus
959 2450 999 2487 et
1043 2446 1196 2487 nobilis
1243 2445 1384 2487 iudex.
1467 2445 1649 2498 Cumque

155 2521 260 2564 haec
291 2525 503 2564 eteorum
535 2521 684 2563 similia
725 2533 892 2573 secum,
932 2525 975 2561 ut
1020 2520 1131 2573 dixi,
1177 2519 1502 2574 lacrymabiliter
1543 2530 1650 2560 con-

154 2601 459 2650 quererentur,
506 2596 817 2650 concrepabant
860 2600 955 2638 ante
1011 2595 1111 2636 illud
1156 2595 1301 2636 nescio
1351 2594 1468 2635 cuius
1514 2593 1650 2646 potius

154 2670 292 2712 dicam
341 2671 495 2712 Bacchi
546 2683 599 2712 an
648 2671 853 2722 Veneris,
906 2671 1083 2724 Neptuni
1121 2669 1211 2711 sive
1258 2669 1431 2719 MartiS,
1487 2667 1562 2707 sed
1607 2670 1651 2707 ut

154 2743 295 2785 verius
338 2743 474 2786 dicam
514 2748 610 2785 ante
655 2744 836 2785 omnium
880 2744 1156 2798 malignorum
1205 2742 1418 2795 spirituum
1469 2751 1650 2782 execra-

156 2811 238 2854 bile
270 2811 523 2853 domicilium
555 2824 715 2866 genera
754 2813 1014 2855 diversorum
1056 2811 1337 2861 musicorum,
1381 2809 1512 2862 turpia
1543 2821 1649 2850 can-

157 2887 237 2928 tica
283 2891 325 2929 et
370 2887 567 2942 religioni
618 2886 878 2929 Christianae
926 2886 1098 2940 indigna
1143 2884 1465 2926 concinentium.
1539 2883 1649 2926 San-

157 2962 283 3004 citum
314 2973 479 3018 quoque
525 2966 613 3005 erat
658 2974 682 3003 a
726 2961 959 3015 iudicibus,
1004 2964 1048 3002 ut
1086 2963 1254 3014 praeter
1290 2963 1503 3011 textoreS,
1552 2958 1648 3014 qui-
