1768 3216
148 242 228 279 25ss
649 243 710 278 DE
739 243 944 280 MATERNI
969 244 1166 282 NERONE.

154 359 400 414 tragoediae
430 371 566 403 novae
597 365 637 402 et
659 361 857 417 Thyestes
900 363 1195 406 inscribendae
1225 362 1512 420 argumentum
1545 363 1652 420 apud

153 435 331 476 animum
362 447 479 476 suum
514 435 755 491 dispositum
784 438 862 480 iam
895 439 1074 482 habebat
1094 443 1137 480 ¹⁰.
1536 487 1543 495 Ι

288 509 365 560 Qui
397 523 499 553 vero
526 512 775 566 praecipuus
808 513 928 555 huius
963 514 1015 555 de
1046 514 1228 555 Domitio
1253 514 1543 568 disputationis
1564 513 1655 556 sru-

152 586 239 625 ctus
270 583 486 627 habendus
515 586 693 641 videtur,
727 588 762 629 is
794 588 836 628 in
868 600 917 630 eo
949 589 1109 642 positus
1141 592 1203 630 est
1228 588 1337 642 quod
1357 599 1468 630 nunc
1489 587 1652 631 demum

149 657 359 700 luculente
397 665 587 715 apparet,
629 662 838 715 quomodo
873 663 1083 704 Maternus
1129 663 1224 704 vivo
1263 663 1432 705 Nerone
1472 663 1653 706 Caesare

149 733 281 788 ipsum
314 735 355 776 in
387 735 524 778 fabula
552 741 766 791 praetexta
797 738 951 792 primas
983 742 1122 792 partes
1151 738 1422 781 sustinentem
1452 738 1653 780 inducere

151 813 190 852 et
222 814 360 852 tamen
391 812 483 854 sine
516 813 738 856 manifesto
773 814 884 856 vitae
915 814 1104 868 periculo
1135 814 1368 856 libertatem
1400 815 1518 856 vocis
1553 826 1654 856 suae

150 885 258 927 tueri
293 890 333 928 et
361 886 412 928 ab
447 887 655 930 adulando
688 888 899 931 abstinere
933 893 1088 943 posset.
1156 888 1258 931 Nam
1292 888 1495 931 liberrimi
1524 889 1654 943 spiri-

148 962 211 1001 tus
244 959 469 1014 hominem,
504 962 665 1016 qualem
701 975 754 1005 ex
783 963 914 1005 Taciti
946 962 1115 1018 dialogo
1149 963 1423 1018 cognovimus
1454 963 1650 1016 vitaeque

149 1034 261 1076 exitu
290 1048 386 1078 sese
416 1036 505 1090 ipse
536 1037 743 1091 probavit,
777 1049 921 1079 coram
951 1037 1119 1079 Nerone
1151 1037 1193 1078 in
1223 1037 1484 1079 adulationes
1506 1036 1652 1091 prola-—

149 1120 265 1162 psum
296 1122 392 1152 esse
423 1123 633 1166 nunquam
665 1111 900 1153 credemus.
976 1112 1177 1154 Nimirum
1207 1124 1379 1166 puerum
1409 1112 1649 1165 Domitium,

152 1182 298 1227 florem
330 1185 553 1228 iuventutis
583 1200 631 1229 ac
662 1179 904 1240 nobilitatis,
937 1199 1101 1230 amores
1122 1187 1260 1241 populi
1289 1187 1466 1230 Romani
1485 1187 1652 1229 descri-

149 1259 244 1312 psit,
277 1260 491 1302 Claudium
523 1261 734 1303 Neronem
756 1262 986 1316 principem
1013 1263 1186 1316 eiusque
1203 1263 1515 1315 immanitatem,
1547 1274 1653 1316 quae

149 1333 277 1375 multo
308 1339 404 1389 post
434 1335 603 1391 cognita
636 1340 711 1389 est,
743 1336 845 1378 nihil
877 1337 1048 1378 curavit.
1097 1336 1215 1387 Quod
1242 1336 1352 1379 Nero
1385 1336 1652 1379 laetissimam

154 1420 268 1462 spem
299 1409 351 1451 de
381 1423 427 1452 se
459 1410 555 1451 olim
594 1415 837 1465 conceptam
874 1412 1000 1453 foede
1033 1412 1192 1464 fefellit,
1226 1412 1267 1453 id
1290 1425 1364 1454 sua
1383 1412 1512 1466 ipsius
1534 1411 1652 1466 culpa

148 1483 303 1526 sactum
338 1490 448 1539 erat,
494 1491 533 1528 ct
563 1486 644 1527 hoc
673 1487 883 1528 Maternus
913 1486 1137 1541 prudenter
1169 1488 1368 1542 ignorare
1402 1491 1442 1528 et
1470 1487 1651 1529 reticere

147 1558 288 1601 voluit.
351 1560 433 1602 Sed
462 1560 592 1602 nihilo
623 1561 758 1603 minus
790 1561 868 1602 hac
898 1574 973 1603 sua
1004 1562 1141 1604 sabula
1181 1562 1281 1604 satis
1325 1573 1448 1603 ausus
1495 1565 1558 1603 est
1600 1574 1650 1603 ac

146 1634 316 1676 multum
347 1635 521 1689 periculi
553 1637 673 1678 adiit:
707 1637 913 1679 Vatinium
948 1637 1056 1678 enim
1078 1640 1388 1691 praepotentem
1407 1635 1449 1677 in
1469 1636 1649 1678 amicitia

150 1710 265 1751 saevi
295 1710 495 1765 principis
528 1711 608 1753 nisi
640 1711 738 1753 inde
770 1711 1007 1763 deiecisset,
1043 1711 1132 1764 ipse
1164 1711 1383 1753 incolumis
1419 1710 1650 1766 perdurare

148 1783 220 1825 vix
246 1785 390 1837 potuit.
452 1785 594 1839 ltaque
627 1786 760 1839 primo
792 1785 983 1839 poeticae
1021 1786 1298 1839 professionis
1334 1786 1532 1840 ingressu
1559 1785 1652 1827 Ma—

147 1861 307 1899 ternum
339 1863 525 1901 nostrum
557 1861 690 1902 virum
722 1861 870 1902 fortem
906 1865 945 1902 et
981 1860 1153 1902 liberum
1183 1865 1222 1902 et
1266 1860 1465 1902 audacem
1511 1860 1652 1901 offen-

149 1933 299 1985 dimus,
332 1933 492 1987 qualem
526 1934 701 1976 eundem
733 1947 877 1977 rursus
910 1934 1259 1988 deprehendimus
1303 1934 1378 1976 sub
1418 1934 1651 1988 principatu

147 2006 423 2060 Vespasiani,
476 2021 568 2050 cum
609 2009 788 2051 fabulam
825 2010 1017 2051 recitavit
1045 2013 1326 2063 praetextam,
1367 2021 1447 2063 qua
1479 2009 1650 2051 Catonis

148 2079 357 2123 Uticensis
389 2082 532 2123 nobile
575 2083 699 2124 letum
742 2088 782 2124 et
829 2084 1102 2125 constantiam
1141 2088 1181 2124 et
1220 2083 1424 2124 libertatis
1465 2094 1649 2125 amorem

147 2156 339 2210 exposuit
365 2168 500 2210 eoque
530 2157 596 2198 vel
623 2158 869 2211 Vespasiani
901 2158 1190 2211 patientissimi
1221 2158 1336 2200 senis
1375 2157 1520 2199 amicis
1557 2157 1648 2198 dis-

146 2230 289 2283 plicuit
336 2231 410 2282 (cf.
444 2231 549 2273 Dial.
597 2245 632 2273 c.
665 2233 690 2274 2
733 2236 772 2274 et
803 2233 829 2274 3
863 2237 903 2274 et
938 2234 1039 2285 10);
1097 2233 1272 2274 eandem
1325 2232 1484 2274 liberae
1528 2231 1647 2273 vocis

148 2304 365 2347 audaciam
397 2306 477 2347 iam
508 2306 550 2347 in
582 2306 732 2350 iuvene
759 2308 946 2349 Materno
976 2307 1197 2361 postremis
1230 2307 1410 2349 Neronis
1444 2305 1647 2360 tempori-

147 2378 223 2421 bus
256 2380 507 2422 incurrimus
526 2413 536 2433 ,
571 2394 649 2435 qua
682 2395 813 2424 senex
842 2381 977 2423 multis
1007 2382 1126 2423 annis
1156 2386 1251 2435 post
1280 2380 1505 2423 Domitiani
1537 2381 1648 2422 Cae-

148 2453 255 2495 saris
289 2454 392 2495 iram
424 2455 573 2496 meruit
606 2460 646 2496 et
676 2455 818 2498 ultimo
847 2455 1050 2510 supplicio
1081 2456 1246 2510 punitus
1266 2460 1348 2498 est:
1383 2469 1421 2497 v.
1440 2455 1519 2497 Dio
1540 2453 1646 2508 apud

146 2526 400 2580 Xiphilinum
433 2529 575 2571 LXVII
608 2530 671 2570 1‘2.

222 2669 277 2705 10.
311 2668 419 2704 Tacit.
447 2669 541 2704 Dial.
569 2671 613 2704 3:
649 2671 769 2715 quodsi
795 2683 863 2715 qua
932 2672 1026 2705 diam
1052 2672 1205 2718 disposui
1221 2673 1292 2708 iam
1319 2677 1350 2705 et
1374 2672 1473 2705 intra
1497 2682 1550 2705 me
1574 2669 1648 2716 ipse

147 2719 260 2751 omisit
300 2718 387 2752 caeo
407 2745 415 2761 ,
467 2719 624 2763 sequenti
654 2720 863 2753 recitatione
933 2722 1095 2765 formavi.

151 2764 308 2813 Thyestes
335 2767 436 2802 dicet.
474 2767 579 2802 Hanc
603 2768 695 2802 enim
722 2773 863 2813 tragoe-
