1768 3216
744 191 832 229 GAe.
859 193 1016 231 26—28.
1550 196 1623 232 815

260 308 406 364 Perge,
438 309 570 363 inquit
598 310 830 352 Maternus:
863 323 954 352 cum
985 311 1038 354 de
1072 312 1250 366 antiquis
1264 312 1472 366 loquaris,
1503 316 1622 355 utere

127 383 293 438 ant-iqua
324 383 539 436 libertate,
586 398 608 428 a
639 397 717 438 qua
750 386 815 427 vel
847 386 981 440 magis
1026 386 1374 441 degeneravimus
1411 398 1532 441 quam
1569 387 1620 430 ab

126 459 376 513 eloquent-ia.

260 533 359 576 Tum
389 534 582 586 Messala,
614 534 706 576 Non
739 534 993 587 reconditas,
1024 534 1224 586 Materne,
1258 547 1407 576 causas
1425 535 1620 589 requiris,

124 620 204 651 nec
234 612 304 650 aut
336 608 522 662 tibiipsi
553 613 622 650 aut
663 609 759 651 huic
799 608 992 651 Secundo
1037 608 1101 650 vel
1141 608 1237 650 huic
1281 608 1396 662 Apro
1437 609 1652 663 ignotas,5

126 683 291 725 etiamsi
333 682 432 724 mihi
468 687 609 736 partes
653 683 885 737 adsignatis
924 682 1169 736 proferendi
1208 683 1251 722 in
1289 683 1467 724 medinm
1515 695 1622 736 quae

128 769 273 801 omnes
305 757 518 801 sent-imus.
562 757 664 806 Quis
697 757 807 798 enirn
839 757 1005 811 ignorat
1034 760 1075 798 et
1100 756 1377 810 eloquentiam
1398 761 1440 797 et
1459 761 1622 798 ceteras

127 835 239 874 artes
257 831 493 876 descivisse
510 831 561 874 ab
589 831 657 873 illa
689 835 834 872 vetere
854 831 990 885 gloria
1020 842 1104 872 non
1139 830 1279 884 inopia
1302 830 1526 883 hominum,
1547 831 1623 872 sed

125 904 288 950 desidia
318 906 541 949 iuventutis
572 909 614 947 et
641 905 897 959 negligentia
932 909 1144 958 parentum
1177 909 1217 946 et
1248 905 1467 946 inscientia
1496 918 1624 958 prae-

127 979 366 1034 cipientium
393 983 434 1021 et
467 979 680 1021 oblivione
708 980 837 1023 moris
869 979 1058 1032 antiqui?
1090 979 1206 1028 Quae
1236 978 1343 1020 mala
1367 979 1542 1031 primum
1582 979 1679 1022 inno

125 1054 231 1100 urbe
261 1058 356 1096 nata
374 1085 386 1107 ,
418 1065 516 1095 mox
543 1066 620 1107 per
647 1053 803 1095 Italiam
832 1053 947 1105 susa,
992 1053 1073 1094 iam
1103 1053 1144 1093 in
1175 1052 1414 1106 provincias
1444 1056 1624 1096 manant.

128 1130 383 1183 Quamquam
413 1132 554 1171 vest-ra
584 1128 703 1170 vobis
736 1129 900 1169 notiora
931 1131 1038 1169 sunt.
1121 1126 1211 1181 Ego
1255 1126 1308 1167 de
1344 1126 1447 1167 urbe
1490 1130 1530 1167 et
1560 1126 1625 1167 his

128 1204 307 1259 propriis
338 1216 387 1245 ac
417 1203 653 1268 vernaculis
685 1203 796 1244 vitiis
828 1202 998 1255 loquar,
1043 1214 1148 1255 quae
1179 1205 1299 1243 natos
1330 1201 1468 1242 statim
1509 1201 1628 1242 exci-

56 553 114 592 28

209 1335 238 1369 1,
268 1334 482 1368 Maternus:
510 1344 587 1366 cum
614 1333 660 1365 P:
692 1332 887 1374 Maternus,
916 1337 947 1364 et
975 1342 1050 1364 cum
1076 1330 1114 1364 F.

129 1393 270 1418 versum
297 1382 341 1416 ab
366 1382 437 1416 alia
466 1392 571 1414 manu
598 1392 621 1414 a
646 1380 696 1414 P:
730 1391 798 1425 qua
823 1378 861 1414 F.

129 1442 235 1466 manu
268 1431 317 1466 Tu*
343 1434 378 1465 et
408 1429 467 1475 qui
494 1430 635 1473 punctis
662 1429 852 1462 subnotato
880 1427 931 1461 P:
961 1428 1072 1462 ceteri
1100 1426 1160 1460 Et.
1298 1427 1332 1460 6.

493 1478 529 1513 8.
557 1478 622 1512 illa
647 1477 727 1511 FP:
756 1478 825 1511 ista
850 1477 1019 1521 antiquae
1047 1475 1234 1510 editiones.

130 1482 257 1514 etenim
281 1480 354 1513 iam
377 1480 419 1513 si.

130 1539 200 1563 non
228 1528 265 1563 Ρ.

130 1583 207 1612 stra
229 1576 325 1611 vobis
350 1576 473 1622 legit),
500 1581 623 1609 nostra
650 1574 750 1607 nobis
777 1574 980 1608 Rhenanus.

128 1706 287 1741 videtur.
316 1703 419 1738 Conf.
460 1714 490 1737 c.
523 1705 584 1737 12:
627 1702 846 1747 eloquentiae

132 1767 213 1790 usus
250 1764 373 1787 recens
411 1758 442 1786 et
477 1763 520 1785 ex
552 1750 654 1784 malis
695 1750 847 1784 moribus

132 1809 236 1837 natus
261 1807 376 1846 atque,
402 1807 438 1834 ut
463 1806 498 1833 tn
517 1799 656 1833 dicebas
676 1798 782 1844 Aper,
810 1800 848 1831 in

133 1853 246 1886 locum
271 1849 332 1884 teli
356 1855 524 1895 repertus.
553 1848 770 1882 Mentionem
800 1846 847 1880 il-

134 1901 202 1935 lam
231 1898 384 1934 Messala
413 1898 500 1932 fecit
527 1908 558 1930 c.
589 1898 643 1930 15.

205 1981 278 2004 non
303 1971 437 2004 iratus:
462 1969 497 2002 in
528 1967 581 2001 FP
608 1967 702 2012 quod
716 1966 850 2012 legitur

132 2021 258 2062 iratus,
285 2029 331 2053 ex
352 2016 565 2062 compendio
591 2017 632 2049 ᾖ.
661 2016 786 2055 iratus,
813 2014 848 2048 h.

135 2080 168 2103 e.
195 2079 268 2102 non
285 2067 412 2109 iratus,
437 2070 557 2099 natum
577 2075 656 2099 csse
671 2063 848 2097 existimo.

135 2115 389 2153 Doederlinius
423 2114 624 2158 suspicatus
656 2116 710 2146 est
739 2111 851 2144 minus

134 2166 259 2207 iratus,
284 2164 348 2199 sed
375 2163 443 2197 hoc
471 2162 589 2196 verbis
613 2161 720 2208 plane
736 2160 853 2193 mitior

136 2224 207 2248 non
223 2212 405 2247 convenit.
427 2210 598 2244 Praetulit
615 2215 730 2244 tamen
746 2207 852 2243 Orel-

138 2262 207 2297 lius

212 2309 302 2354 Apri
325 2307 437 2341 nostri
456 2306 710 2351 disputatione:
739 2305 773 2336 in
791 2313 851 2336 co-

140 2357 279 2392 dicibus
320 2367 343 2390 a
381 2356 499 2401 prima
539 2353 720 2396 corruptio
771 2350 853 2383 hinc

143 2406 322 2452 provenit,
350 2403 444 2450 quod
472 2404 506 2436 in
535 2402 731 2436 vetustiore
763 2398 852 2432 libro

143 2456 212 2490 fuit
236 2453 354 2500 alirim
382 2452 440 2487 vel
476 2451 626 2498 apriti-1,
652 2449 685 2482 Ιι.
713 2459 743 2482 c.
775 2447 855 2494 apri

143 2504 267 2538 nostri.
307 2501 498 2536 Recentior
524 2499 640 2532 scriba
665 2495 699 2530 id
727 2506 806 2529 esse
833 2506 856 2527 a

140 2553 234 2600 prim
273 2552 438 2595 opinatus
476 2549 646 2581 continno
684 2555 706 2577 a
739 2545 856 2589 prima

144 2600 348 2646 supplevit:
374 2607 451 2630 nam
473 2597 540 2629 hoc
556 2600 637 2628 ante
658 2593 855 2638 proximum

145 2657 275 2682 nomen
292 2646 523 2691 disputatione
542 2643 674 2687 requiri
696 2639 856 2673 credidit.

148 2696 192 2730 Ut
219 2706 312 2729 nunc
339 2706 371 2727 m
398 2704 441 2727 ex
471 2703 494 2724 n
523 2696 557 2725 et
585 2702 621 2731 e,
650 2691 702 2724 sic
727 2690 762 2722 in
791 2687 855 2721 Hi-

147 2745 266 2778 storiis
302 2743 348 2776 lv
379 2744 400 2777 2
425 2750 488 2785 pro
530 2740 689 2773 Ariciam
722 2735 855 2781 duplici

148 2794 237 2827 vitio
282 2791 426 2825 urciani
464 2793 582 2822 natum
620 2791 674 2821 est
714 2786 748 2819 in
791 2782 855 2818 Ma.

149 2840 360 2877 Pronomtne
385 2839 497 2875 nostri
521 2837 686 2882 mitigare
711 2832 862 2868 Messala

147 2889 268 2925 studet
293 2898 385 2934 quae
419 2885 522 2921 modo
557 2883 664 2928 paulo
700 2881 863 2917 acerbius

150 2939 319 2974 adversus
345 2936 431 2979 Apri
458 2942 659 2968 sermonem
683 2939 863 2973 exposue-

1185 1331 1218 1364 2.
1246 1340 1315 1373 qua
1340 1329 1495 1373 ascripto
1522 1339 1628 1374 supra

926 1383 960 1414 4.
984 1381 1068 1425 tum]
1097 1378 1155 1422 qui
1182 1378 1409 1422 superposito
1432 1378 1475 1410 ab
1503 1377 1627 1412 eadem

1363 1426 1500 1459 etiamsi
1526 1426 1574 1459 P:
1601 1425 1628 1459 F

1358 1476 1413 1508 11.
1440 1475 1479 1507 in
1505 1484 1560 1507 om
1588 1473 1626 1516 F,

329 1529 383 1563 12.
411 1532 530 1560 uestra
557 1527 654 1560 uobis
680 1525 725 1559 P:
753 1526 780 1559 F
808 1531 925 1559 vestra
950 1525 1049 1558 nobis
1074 1522 1299 1568 (Schrautius
1327 1523 1433 1556 etiam
1449 1522 1485 1555 in
1511 1521 1538 1555 F
1565 1533 1627 1555 ve-

1075 1573 1128 1606 12.
1155 1572 1199 1604 iis
1222 1570 1259 1604 P.

916 1705 981 1734 rat.
1009 1699 1153 1733 Rectius
1180 1698 1291 1744 igitur
1317 1701 1353 1730 et
1380 1695 1537 1740 pressius
1564 1704 1629 1728 co-

919 1748 1037 1782 dicum
1065 1747 1221 1792 vestigia
1245 1750 1390 1780 secutus
1420 1748 1473 1777 est
1489 1743 1629 1777 Gron'o-

919 1798 1000 1830 vius
1028 1806 1133 1841 quam
1160 1795 1334 1840 Silligius,
1362 1793 1421 1837 qui
1439 1793 1628 1825 coniectu-

917 1856 988 1878 ram
1017 1845 1107 1889 Apri
1132 1843 1195 1877 illa
1212 1841 1431 1888 excogitavit
1447 1841 1630 1884 probatam

918 1893 1066 1928 Orellio.

986 1974 1070 2001 uam
1096 1967 1127 1996 et
1152 1971 1212 1995 vos
1237 1971 1309 1993 non
1334 1958 1464 2005 offendi
1479 1957 1631 1992 decebit:

919 2014 955 2046 in
981 2012 1117 2056 optimo
1158 2008 1284 2043 codice
1318 2008 1451 2043 excidit
1483 2007 1632 2053 negatio

919 2061 1115 2106 antiquitus
1143 2061 1286 2092 exarata
1312 2060 1363 2092 πᾶ
1389 2061 1423 2090 et
1446 2060 1529 2089 ante
1546 2065 1633 2100 pro-

921 2111 1051 2143 ximum
1086 2106 1216 2153 offendi
1256 2109 1418 2139 truncata
1461 2114 1505 2145 u,
1552 2103 1634 2137 dein

920 2159 1063 2203 penitus
1093 2155 1310 2189 oblitterata.
1347 2153 1386 2186 In
1413 2151 1633 2185 Farnesiano

921 2207 980 2251 qui
1018 2203 1249 2247 interpolavit
1288 2212 1369 2234 nam
1395 2211 1460 2232 nec
1483 2209 1543 2231 vos
1577 2199 1633 2241 of-

918 2254 1016 2297 fendi
1042 2251 1185 2291 decebit,
1211 2250 1334 2282 vitium
1361 2247 1486 2281 adesse
1511 2246 1634 2287 sensit,

920 2300 981 2334 sed
1034 2310 1104 2332 non
1148 2307 1212 2330 suo
1258 2296 1338 2329 loco
1389 2292 1633 2338 investigavit,

922 2359 1038 2392 neque
1063 2347 1147 2380 satis
1174 2345 1336 2379 Latinum
1365 2347 1418 2376 est
1443 2341 1537 2387 quod
1574 2341 1632 2374 in-

922 2396 1012 2429 tulit.
1041 2395 1137 2428 tlanc
1153 2394 1363 2437 scripturam
1380 2400 1500 2424 rursus
1519 2390 1633 2423 inter-

923 2444 1059 2489 polavit
1099 2441 1314 2477 Puteolanus
1330 2465 1339 2481 ,
1384 2444 1422 2472 ut
1463 2437 1634 2472 evaderet

922 2505 986 2528 nec
1011 2503 1070 2526 vos
1095 2490 1227 2536 offendi
1254 2487 1396 2529 decebit,
1425 2486 1519 2532 quod
1536 2485 1634 2519 Lati-

922 2541 1024 2575 nitati
1049 2540 1184 2574 sufficit
1210 2537 1273 2571 sed
1306 2535 1349 2570 ab
1384 2536 1530 2579 antiquo
1564 2533 1633 2566 loci

924 2590 1043 2626 habitu
1074 2588 1182 2632 longe
1208 2584 1356 2619 recedit.

996 2670 1100 2694 aures
1128 2662 1260 2691 vestras
1284 2654 1522 2700 perstrinqast
1551 2651 1573 2684 i.
1602 2661 1634 2683 e.

925 2708 967 2742 ad
997 2717 1099 2742 aures
1129 2708 1263 2739 vestras
1291 2703 1465 2746 ingratum
1494 2702 1529 2732 et
1556 2707 1635 2731 mo.-

929 2758 1054 2790 lestum
1083 2752 1231 2788 accidat.
1275 2749 1438 2783 lton-atius
1466 2746 1578 2780 Carm.
1606 2744 1635 2779 ΙΙ

935 2807 949 2837 1
980 2805 1046 2839 17:
1087 2803 1156 2836 iam
1185 2810 1278 2832 ηιιιισ
1303 2795 1436 2831 minaci
1462 2804 1635 2828 murmure

933 2863 1099 2886 cornuum
1122 2847 1331 2895 perstringis
1357 2855 1472 2878 aures.

1005 2921 1090 2965 Cap.
1120 2919 1176 2954 28.
1205 2924 1410 2963 quamquam
1434 2918 1551 2948 vestra
1576 2921 1639 2945 vo-
