1768 3216
770 246 858 282 clv.
885 247 1042 285 22-23.
1594 246 1668 283 ²⁰7

164 360 346 403 Noniani
377 373 430 404 ex
460 363 774 417 comparatione
803 364 1007 406 Sisennae
1038 368 1107 406 aut
1135 364 1338 406 Varronis
1379 364 1548 417 sordet;
1595 364 1666 419 qui

169 435 381 478 rhetorum
415 441 653 480 nostrorum
688 439 1011 481 commentarios
1050 439 1265 481 fastidiunt
1301 439 1509 493 oderunt,
1549 439 1665 482 Calvi

166 511 381 554 mirantur.
443 513 556 563 Quos
593 526 710 556 more
746 514 887 568 prisco
929 514 1036 568 apud
1079 514 1261 557 iudIcem
1302 514 1533 557 fabulantes
1571 526 1659 556 non

164 586 379 629 auditores
408 593 651 642 sequuntur,
684 601 768 630 non
799 589 972 643 populus
1001 589 1137 642 audit,
1172 590 1242 631 vix
1270 589 1451 644 denique
1480 589 1664 645 litigator

166 661 420 716 perpetitur:
452 663 560 705 adeo
595 664 742 705 maesti
774 668 814 706 et
844 663 986 706 inculti
1018 662 1128 705 illam
1159 664 1304 718 ipsam,
1338 677 1459 719 quam
1490 664 1696 722 iactant,5

165 736 383 779 sanitatem
415 749 500 779 non
531 738 725 780 firmitate
755 739 831 780 sed
863 739 1019 780 ieiunio
1051 743 1375 793 consequuntur.
1452 739 1582 782 Porro
1608 751 1662 780 ne

169 810 213 852 in
243 823 424 867 corpore
451 813 619 867 quidem
660 814 928 857 valitudinem
969 814 1121 856 medici
1162 815 1340 869 probant
1386 825 1493 869 quae
1536 813 1663 856 animi

165 886 377 929 anxietate
406 888 632 944 contingit3
658 901 823 943 vparum
854 894 918 931 est
950 902 1122 945 aegrum
1150 902 1233 932 non
1264 902 1383 932 esse:
1428 890 1578 932 fortem
1621 893 1663 931 et

163 960 318 1003 laetum
349 965 391 1003 et
421 962 603 1004 alacrem
636 963 748 1004 volo.
808 964 943 1017 Prope
970 964 1088 1006 abest
1119 965 1170 1006 ab
1199 964 1463 1017 infirmitate,
1505 965 1548 1005 in
1579 975 1660 1018 quo

165 1035 258 1078 'sola
283 1036 441 1078 sanitas
461 1036 667 1079 laudatur.
695 1037 781 1079 Vos
802 1049 920 1090 vero,
951 1038 1229 1091 disertissimi,
1246 1043 1290 1079 ut
1310 1039 1499 1093 potestis,
1530 1043 1574 1080 ut
1596 1039 1714 1082 sa-no

165 1110 274 1163 citis,
305 1110 523 1154 inlustrate
548 1112 734 1154 seculum
754 1116 941 1154 nostrum
971 1112 1253 1166 pulcherrimo
1284 1125 1444 1168 genere
1476 1113 1660 1155 dicendi.

163 1185 266 1227 Nam
297 1190 339 1228 et
367 1189 435 1239 te,
480 1186 683 1240 Messala,
729 1187 853 1229 video
894 1187 1121 1229 laetissima
1162 1200 1352 1242 quaeque
1397 1188 1659 1242 antiquorum

163 1259 417 1312 Imitantem;
449 1265 491 1302 et
517 1273 612 1314 vos,
642 1262 829 1303 Materne
860 1274 910 1303 ac
941 1262 1148 1314 Secunde,
1182 1262 1236 1303 ita
1256 1262 1451 1316 gravitati
1466 1275 1662 1305 sensuum

164 1335 342 1377 nitorem
373 1339 415 1377 et
444 1335 596 1377 cultum
625 1335 850 1377 verborum
881 1335 1091 1388 miscetis,
1129 1349 1179 1377 ea
1210 1335 1360 1377 electio
1390 1337 1661 1389 inventionis,

163 1409 199 1451 is
233 1410 340 1452 ordo
365 1422 519 1463 rerum,
552 1423 602 1453 ea
631 1411 822 1465 quotiens
857 1423 980 1452 causa
1007 1410 1143 1465 poscit
1171 1410 1352 1464 ubertas,
1391 1423 1441 1454 ea
1472 1411 1716 1466 quotiensns

276 1560 309 1592 1.
339 1559 492 1593 noniam‘
516 1558 634 1593 medio
660 1570 686 1592 n
714 1569 892 1603 superscr.
918 1572 938 1594 v
965 1559 1001 1593 P.
1098 1560 1132 1595 2.
1160 1558 1357 1605 fastidiunt.
1384 1559 1530 1594 oderunt
1555 1569 1662 1605 supra

164 1609 309 1640 versum
333 1607 378 1641 ab
405 1607 452 1642 al.
478 1618 584 1642 manu
610 1609 823 1652 interposito
852 1614 885 1642 et
914 1608 957 1642 P:
984 1609 1094 1642 ceteri
1120 1608 1330 1653 fastidiunt:
1355 1608 1514 1643 oderunt.
1627 1608 1662 1643 5.

163 1654 232 1690 illa
255 1654 281 1689 P
307 1666 352 1690 ex
382 1667 525 1699 rasura3
554 1656 672 1691 fuerat
696 1658 811 1691 istam.
906 1658 941 1692 6.
969 1668 1040 1690 non
1061 1657 1242 1703 firmitate]
1269 1658 1510 1702 infirmitatem
1536 1656 1574 1700 P,
1599 1658 1660 1690 in-

160 1705 363 1748 firmitatem
391 1704 444 1738 F:
484 1707 641 1739 correxit
664 1705 861 1740 Acidalius.
952 1706 985 1740 7.
1011 1706 1110 1740 catil.
1138 1705 1174 1749 P,
1201 1715 1272 1738 non
1295 1705 1400 1740 calet.
1503 1705 1540 1740 8.
1572 1715 1661 1738 con-

168 1753 272 1800 tingit
298 1751 374 1787 FP:
403 1755 585 1799 conlingat
611 1765 631 1788 e
657 1755 751 1788 coni.
783 1755 892 1788 tacite
918 1754 1070 1798 Lipsius.
1190 1755 1245 1789 10.
1273 1754 1346 1787 solo
1372 1754 1410 1788 I'.
1547 1751 1662 1787 diser-

168 1802 292 1836 tissimi
322 1802 393 1836 ciri
424 1802 622 1837 Acidalius.
674 1807 873 1847 praestaret
904 1803 998 1848 quod
1035 1801 1221 1836 Bekkerus
1246 1802 1411 1836 Acidalio
1446 1802 1568 1836 tribuit
1602 1812 1662 1835 cos

167 1861 265 1893 cero,
282 1851 354 1884 viri
378 1851 442 1885 dis.
516 1857 553 1885 ut
575 1852 718 1897 potestis
747 1852 879 1886 excidit
905 1863 924 1885 e
949 1851 1079 1885 'I'rossii
1109 1850 1317 1894 exemplari,
1344 1851 1443 1885 adest
1468 1852 1504 1884 in
1515 1850 1551 1884 P.
1606 1851 1662 1885 12.

168 1898 337 1934 letissima
362 1897 432 1934 Iitt.
458 1911 476 1934 e
501 1910 680 1944 superscr.
710 1912 729 1934 c
755 1899 793 1934 P.
906 1901 960 1935 15.
988 1906 1020 1935 et
1046 1900 1201 1945 quotiens
1227 1898 1274 1934 P:
1301 1911 1344 1934 ea
1370 1901 1524 1945 quotiens
1550 1899 1664 1943 Wop-

168 1947 329 1982 kensius.

169 2069 366 2106 clausulam
396 2081 470 2104 esse
493 2070 630 2104 videtur
655 2071 832 2105 vitaturus
849 2075 885 2104 et
953 2081 989 2105 v,
1018 2076 1138 2104 annot.
1167 2070 1211 2104 ad
1238 2069 1316 2105 XIII
1344 2070 1404 2105 20.
1522 2066 1666 2102 Servilii

167 2119 366 2154 modestiae-
393 2118 529 2164 aliquid
555 2118 736 2153 additurus
755 2118 882 2153 Cicero
954 2120 1138 2154 Noniani.-
1186 2119 1231 2153 cf.
1259 2118 1341 2152 xtv
1372 2117 1415 2152 19
1442 2127 1520 2151 cum
1549 2125 1665 2150 anno-

167 2167 277 2214 paulo
303 2168 448 2212 saepius
464 2167 607 2202 admisit
624 2179 697 2202 esse
709 2168 882 2210 videatur,

167 2217 204 2251 id
229 2216 325 2263 quod
352 2216 459 2250 etiam
487 2216 729 2258 Quintilianus
756 2216 884 2250 obser-

166 2265 267 2300 vavit
294 2265 339 2299 lx
369 2266 394 2299 4
420 2265 488 2299 73:
527 2264 579 2298 ‘in
604 2265 735 2309 Africa
766 2264 882 2310 [uisse’

166 2314 305 2347 britium
332 2313 469 2346 senarii
493 2318 555 2355 est,
583 2318 616 2346 et
639 2314 792 2358 primum
816 2324 883 2358 pro

166 2363 207 2404 Q.
234 2361 382 2407 Lt'yario
408 2366 512 2406 caput
538 2360 670 2395 claudit
679 2373 692 2403 ;
715 2361 803 2394 ‘esse
828 2361 884 2394 vi-

167 2409 315 2453 dealm’,
343 2409 416 2443 iam
444 2409 550 2442 nimis
576 2410 759 2453 frequens,
785 2414 884 2442 octo-

166 2460 309 2494 naar-inm
335 2457 505 2500 inchoan
532 2458 561 2491 Χ
588 2459 611 2493 2
635 2457 682 2491 8:
718 2468 884 2490 noveram

167 2508 346 2553 quosdam,
372 2507 431 2551 qui
455 2517 492 2540 se
508 2506 655 2552 pulchre
674 2506 883 2552 expressisse

166 2567 276 2602 genus
289 2555 378 2590 illud
390 2555 550 2589 caelestis
567 2555 670 2589 huius
684 2555 722 2588 in
737 2554 882 2588 dicendo

166 2606 237 2639 ciri
260 2605 327 2639 sibi
349 2603 575 2646 viderentur,
603 2604 635 2636 si
658 2604 696 2636 in
722 2602 883 2636 clausula

165 2655 361 2699 posuissent
390 2653 477 2686 ‘esse
511 2651 694 2685 videatur’.
746 2651 882 2684 Probus

167 2702 322 2735 Institut.
369 2710 515 2746 gramm.
552 2699 583 2733 11
608 2700 630 2732 4
658 2700 679 2733 5
707 2701 761 2743 (p.
791 2699 878 2734 1491

167 2750 246 2796 P.):
274 2748 461 2783 trochaeus
487 2753 519 2781 et
540 2758 656 2794 paeon
681 2748 803 2782 tertius
821 2749 882 2792 sa-

168 2799 260 2832 cient
296 2798 397 2832 illam
429 2802 641 2830 structurum
675 2795 783 2830 Tullio
816 2807 882 2842 pe-

169 2846 351 2888 culiarem,
373 2845 461 2880 ‘esse
486 2844 668 2879 videatur'.

242 2940 372 2984 Aufidii
396 2939 519 2974 Bassi:
556 2945 676 2973 orator
703 2943 737 2973 et
765 2949 881 2973 rorum

170 2989 324 3035 scriptor
363 2994 446 3024 ante
487 2988 639 3023 Plinium
682 2988 881 3031 maiorem;

952 2171 1100 2202 tatione.
1152 2168 1256 2201 Locis
1287 2167 1337 2200 ibi
1371 2166 1534 2209 ascriptis
1577 2164 1666 2197 adde

953 2216 1060 2251 Plinii
1080 2215 1121 2251 N.
1140 2216 1182 2250 H.
1198 2214 1344 2249 XXVIII
1361 2215 1394 2257 5,
1422 2211 1584 2247 XXXVII
1605 2214 1663 2247 21.

1043 2286 1239 2320 Sisennae:
1283 2285 1329 2319 cf.
1370 2288 1489 2318 annot.
1540 2282 1584 2316 ad
1621 2281 1662 2315 H.

952 2333 1000 2366 III
1025 2335 1083 2368 51.

1026 2415 1128 2448 quam
1162 2405 1316 2446 iactant,
1344 2402 1552 2439 sanitatem:
1578 2401 1664 2435 lIcet

954 2452 1037 2485 hinc
1063 2452 1273 2486 condiscere
1298 2452 1437 2485 Atticos
1462 2450 1547 2484 illos
1579 2460 1663 2483 ora-

953 2505 1048 2534 tores
1093 2501 1160 2546 (εἰ.
1193 2500 1236 2535 ad
1264 2511 1294 2534 c.
1327 2500 1388 2546 18)
1425 2510 1445 2533 a
1479 2499 1663 2533 Ciceronis

953 2554 1071 2584 aetate
1114 2549 1260 2583 durasse
1306 2550 1413 2582 etiam
1460 2558 1573 2593 usque
1620 2547 1664 2580 ad

953 2598 1145 2633 Tacitinam
1177 2603 1213 2632 et
1249 2597 1411 2643 longius:
1451 2607 1533 2629 mox
1570 2596 1662 2629 enim

953 2646 1083 2681 Fronto
1111 2651 1147 2681 et
1172 2651 1368 2681 sectatores
1395 2646 1429 2678 in
1459 2655 1501 2677 eo
1529 2654 1663 2688 genere

953 2695 1093 2729 modum
1119 2706 1258 2729 omnem
1279 2697 1520 2727 excesserunt.
1548 2691 1663 2732 Quin-

953 2744 1097 2778 tilianus
1127 2744 1189 2778 ΧΠ
1219 2743 1262 2777 10
1282 2744 1318 2784 §.
1350 2742 1394 2775 14
1419 2745 1454 2774 et
1483 2741 1546 2775 15:
1572 2740 1663 2773 unde

950 2804 1046 2826 nunc
1084 2802 1214 2838 quoque
1248 2789 1343 2823 aridi
1375 2794 1406 2822 et
1453 2789 1592 2822 emeca·
1632 2794 1664 2822 et

954 2852 1139 2886 exangues.
1206 2839 1253 2872 11⁸·
1275 2842 1354 2871 sunt
1381 2837 1471 2870 enim
1497 2837 1556 2881 qui
1579 2847 1663 2870 suae

951 2888 1182 2923 imbecillitati
1201 2887 1365 2920 san-'tatis
1381 2884 1662 2931 appellationem,

953 2949 1041 2982 quae
1066 2942 1114 2971 est
1139 2936 1290 2969 maz-ime
1314 2935 1511 2977 contraria,
1539 2933 1662 2967 obten-

952 2986 1056 3030 daemt,
1084 2986 1143 3031 qui
1167 2985 1250 3031 quia
1278 2982 1467 3018 clariorem
1492 2982 1561 3017 vim
1586 2982 1661 3017 elo-
