1768 3216
177 213 224 247 '72
756 197 1062 236 HISTORIARVM
1445 205 1478 229 a.
1505 202 1542 229 u.
1567 191 1654 230 822.

172 326 341 369 animos.
390 322 559 366 Addidit
588 319 736 361 Valens
767 322 959 358 trecenos
991 313 1165 369 singulis
1196 312 1391 353 militibus
1423 309 1654 353 sestertios.

170 400 268 440 Tum
298 402 475 440 vetustas
506 395 765 449 dignitasque
797 390 987 432 coloniae
1017 388 1167 452 valuitn,
1190 392 1240 453 et
1271 387 1399 449 verba
1431 384 1549 427 Fabii
1578 396 1654 427 sa·-

169 474 288 515 lutem
338 469 733 520 incolumitatemque
785 464 1078 507 Viennensium
1131 453 1458 503 commendantis
1510 459 1655 513 aequis

171 547 332 588 auribus
375 546 556 596 accepta.
616 540 781 596 Publice
828 543 964 593 tamen
1015 536 1139 577 arinis
1181 534 1360 596 multati,
1400 533 1575 588 privatis
1616 536 1658 575 et

139 618 409 673 spromiscuis
456 616 586 669 copiis
636 598 777 655 iuvere
818 612 997 653 militem.
1060 609 1141 652 Sed
1183 610 1289 651 fama
1340 612 1538 650 constans
1581 607 1658 650 suit

167 693 294 746 ipsum
345 691 556 733 Valentem
594 701 742 743 magna
782 687 955 740 pecunia
996 689 1187 738 emptum.
1250 684 1287 724 ls
1330 683 1401 724 diu
1441 681 1656 735 sordidus,

167 770 336 820 repente
368 766 482 806 dives
524 763 789 804 mutationem
831 761 1019 802 fortunae
1060 759 1166 800 male
1217 758 1409 811 tegebat,
1462 756 1656 799 accensis

170 844 352 895 egestate
392 839 517 893 longa
567 837 824 891 cupidinibus
865 834 1182 884 immoderatus,
1233 837 1273 873 et
1322 832 1435 887 inopi
1484 832 1653 874 iuventa

171 927 299 956 senex
327 913 538 967 prodigus.
597 913 724 953 Lento
757 909 907 951 deinde
938 908 1103 963 agmine
1133 920 1208 961 per
1237 907 1340 948 fines
1382 906 1659 962 Allobrogum

125 1000 220 1028 mac
250 987 542 1029 Vocontiorum
575 986 718 1026 ductus
750 984 971 1034 exercitus,
1005 983 1092 1036 ipsa
1125 982 1316 1023 itinerum
1344 981 1481 1047 ¹spatia
1502 985 1544 1023 et
1563 985 1656 1024 sta-

171 1062 344 1102 tivorum
377 1061 619 1102 mutationes
651 1059 884 1100 venditante
925 1058 1055 1108 duce,
1099 1056 1235 1098 foedis
1274 1055 1539 1109 pactionibus
1579 1055 1661 1119 gd·-

173 1147 316 1176 versus
357 1133 622 1188 possessores
664 1145 856 1188 agrorum
899 1136 938 1173 et
967 1131 1233 1185 magistratus
1275 1130 1522 1182 civitatum„
1553 1129 1660 1172 adeo

173 1208 388 1249 minaciter
423 1212 466 1248 ut
508 1208 632 1248 Luco.
659 1206 942 1259 (municipium
984 1205 1023 1246 id
1065 1204 1364 1245 Vocontiorum
1406 1207 1490 1256 est)
1542 1203 1658 1246 faces

171 1282 418 1332 admoverit,
472 1281 604 1322 donec
651 1281 823 1334 pecunia
873 1281 1145 1334 mitigaretur.
1208 1279 1408 1327 Quotiens
1455 1277 1662 1332 pecuniae

122 1356 341 1396 ¹⁵materia
388 1355 578 1407 deesset,
630 1355 780 1408 stupris
832 1359 871 1395 et
919 1353 1134 1396 adulteriis
1180 1353 1447 1394 exorabatur.
1509 1352 1579 1395 Sic
1609 1351 1661 1393 ad

172 1428 296 1481 Alpes
327 1434 578 1482 perventum.

305 1504 394 1545 Plus
412 1505 602 1557 «praedae
635 1516 683 1545 ac
715 1503 931 1557 sanguinis
965 1502 1144 1544 Caecina
1176 1502 1326 1543 hausit.
1389 1501 1732 1544 Inritaverant67

172 1577 372 1619 turbidum
397 1578 604 1631 ingenium
621 1577 812 1630 Helvetii,
839 1577 995 1618 Gallica
1027 1589 1149 1631 gens,
1183 1576 1281 1618 olim
1313 1576 1440 1618 armis
1462 1576 1661 1630 virisque,

306 1714 336 1746 1.
364 1718 520 1747 trecenos
546 1712 609 1756 Ma,
638 1715 788 1747 tricenos
816 1713 842 1747 G
869 1717 905 1746 et
925 1711 1163 1747 Oxonienses.
1217 1715 1249 1748 2.
1279 1717 1415 1747 vetusta
1441 1712 1663 1758 dignitasque

171 1758 244 1793 Ma:
263 1766 457 1794 correctum
484 1763 519 1794 in
547 1761 585 1795 G.
636 1762 710 1805 fabi
751 1761 812 1795 Ma.
882 1763 916 1796 3.
957 1762 1130 1795 niensium
1158 1759 1224 1794 Ma.
1303 1763 1424 1805 aequis
1449 1762 1507 1806 (in
1532 1771 1662 1796 versus

170 1808 258 1853 fine)
284 1810 467 1842 saaeuritus
493 1807 565 1842 Ma:
593 1814 787 1843 correctum
814 1811 848 1843 in
882 1809 920 1843 G.
1004 1811 1039 1844 4.
1064 1808 1228 1854 publicae
1255 1808 1318 1844 Ma.
1408 1810 1441 1845 7.
1467 1810 1662 1845 mutatione

175 1856 229 1898 (in
257 1866 379 1889 versus
406 1857 491 1899 line)
521 1868 598 1889 nem
629 1857 691 1890 Ma.
768 1858 800 1892 8.
830 1859 912 1890 inm.
943 1856 1007 1891 Ma.
1085 1858 1118 1892 9.
1147 1859 1324 1902 ayvning'ne
1350 1857 1415 1892 Ma.
1493 1856 1663 1893 Allobro.-

173 1914 250 1947 9um
276 1914 298 1935 a
325 1904 377 1948 (in
403 1915 524 1937 versus
556 1905 642 1951 line)
671 1917 713 1938 ac
740 1904 809 1939 Ma:
835 1906 1052 1950 allobrogum
1078 1912 1108 1939 et
1136 1905 1174 1939 G.
1250 1907 1304 1942 10.
1332 1907 1580 1941 uocanh'orum
1595 1905 1662 1950 Ma,

101 1988 108 1993 .
173 1951 411 1984 uocuntiorum
437 1952 475 1985 G.
578 1954 631 1986 11.
658 1954 770 1997 saedis
795 1953 859 1987 Ma.
966 1954 1020 1987 17.
1052 1955 1074 1999 ᾖ
1106 1955 1252 1988 caecina
1279 1955 1334 2000 (id
1362 1960 1416 1990 est
1437 1966 1540 2001 prae,
1567 1954 1663 2001 quod

175 1999 316 2041 irrepsit
347 2010 390 2032 ex
416 2001 578 2043 praeced.
602 2002 777 2047 praedae)
806 2000 870 2035 Ma.
971 2002 1025 2036 18.
1053 2002 1178 2036 helveti
1209 2003 1272 2037 Ma.
1371 2003 1472 2038 solim
1499 2001 1565 2047 Μ’,
1596 2002 1663 2038 sols·

176 2046 214 2078 in
239 2045 297 2080 BG
325 2051 360 2080 et
384 2047 470 2080 alii:
502 2050 654 2082 correxit
680 2049 883 2082 Rhenanus.

248 2165 317 2193 tum
344 2166 492 2195 vetustas
527 2163 743 2208 dignitasque
780 2165 876 2198 coto-
910 2174 917 2180 ·

177 2207 258 2240 niae
290 2208 422 2242 valuit:
460 2211 614 2244 imitatur
654 2213 805 2258 mitigati
843 2219 877 2247 et

178 2257 294 2289 satiati
325 2256 446 2290 militis
472 2258 599 2301 verba,
639 2262 697 2304 qui
725 2262 792 2294 iam
816 2271 876 2295 re-

179 2303 340 2337 cordatur
378 2310 411 2338 et
443 2316 504 2340 ore
548 2307 628 2340 tulit
664 2314 875 2343 vetustatem

178 2356 213 2384 et
238 2351 442 2396 dignitatem
478 2353 661 2398 coloniae*⁷
697 2367 765 2402 quo
802 2359 877 2392 irae

178 2398 310 2479 ἓθηίῐθο
337 2399 516 2436 honestam
545 2414 683 2438 causam
710 2411 878 2449 praeten-

203 2451 288 2481 eret.

251 2495 368 2528 Luco.-
394 2496 527 2532 Plinius
550 2500 590 2534 N.
620 2500 659 2533 ll.
689 2501 733 2534 ΙΙΙ
758 2502 878 2548 5(4):

946 2167 1038 2200 nisio
1067 2168 1202 2214 (Certis)
1240 2179 1283 2201 ex
1310 2167 1489 2204 Helvetiis
1513 2168 1560 2204 ad
1585 2168 1661 2204 ltn-

946 2214 1000 2249 los
1028 2221 1237 2250 commeant.

1019 2263 1103 2308 Cap.
1124 2264 1180 2299 67.
1220 2264 1296 2310 plus
1319 2264 1478 2309 praedae
1503 2275 1549 2298 ae
1572 2275 1661 2301 san-

945 2312 1060 2355 guinis
1104 2312 1261 2346 Caecina
1309 2312 1426 2346 hausit
1447 2325 1456 2346 :
1503 2311 1662 2353 Caecina

946 2364 1121 2405 tamquam
1149 2362 1310 2395 immanis
1337 2360 1454 2396 bestia
1475 2360 1535 2396 vel
1552 2371 1660 2396 mon-

946 2413 1054 2441 strum
1090 2408 1252 2443 hausisse
1287 2408 1416 2443 dicitur
1455 2419 1546 2455 quae
1580 2411 1660 2454 ipsu

949 2461 983 2490 et
1002 2456 1133 2490 milites
1150 2458 1321 2501 rapiendo
1340 2457 1578 2501 abstulerunt,
1595 2467 1663 2493 oc·

948 2504 1098 2538 cidendo
1125 2506 1356 2540 sustulerunt.

188 2541 427 2577 Vocontiorum
437 2547 584 2581 civitatis
597 2549 798 2592 foederatae
813 2551 878 2584 duo

179 2591 323 2646 capim,-
360 2592 460 2626 Vasio
499 2596 681 2651 (Vaison)
707 2604 738 2631 et
765 2598 879 2632 Lucus

178 2637 322 2682 Auguste
347 2639 400 2684 (le
426 2641 528 2688 Luc).

247 2689 416 2730 pecuniae
440 2692 608 2735 materia,
643 2693 677 2726 h.
705 2705 735 2727 e.
773 2705 879 2738 prae-
936 2729 939 2732 ,

179 2742 258 2767 sens
269 2735 345 2768 sive
363 2741 600 2780 praesentaria
615 2742 767 2784 pecunia
776 2743 880 2787 [baa-

179 2786 234 2813 res
261 2781 372 2817 aelati.

250 2829 296 2862 ad
320 2830 446 2875 Alpes:
474 2833 637 2879 intellige
663 2834 773 2878 Alpes
795 2835 882 2869 Cot..

182 2874 246 2907 tias
273 2879 322 2920 (c.
344 2879 423 2924 61).
458 2880 508 2915 Ea
535 2882 592 2914 via
621 2881 749 2916 Valens
776 2895 881 2918 exer-

184 2921 287 2956 citum
312 2924 421 2969 duxit,
447 2937 514 2973 qua
541 2938 635 2962 nunc
665 2928 782 2965 Monte
811 2929 881 2968 Ce-

1021 2553 1103 2586 olim
1129 2555 1237 2588 armis
1269 2555 1421 2599 virisque
1464 2576 1504 2583 -
1536 2553 1663 2588 clm-az

951 2600 1039 2634 haec
1065 2603 1207 2646 scripsit
1242 2602 1450 2637 recordatus
1485 2612 1578 2648 quae
1601 2601 1664 2636 lu-

949 2647 1018 2681 lius
1038 2648 1168 2684 Caesar
1196 2651 1235 2685 B.
1253 2651 1292 2685 G.
1320 2651 1334 2685 1
1360 2650 1481 2687 2—-29
1505 2649 1663 2685 tradidit.

1034 2700 1302 2733 unetvicesimae
1329 2699 1499 2744 leyiom's:
1541 2698 1577 2731 in
1610 2697 1665 2732 Ma

949 2747 1122 2779 unaetvic.
1158 2746 1277 2782 littera
1304 2758 1327 2781 α
1358 2757 1470 2791 prave
1508 2745 1664 2786 admixta

951 2796 1024 2834 est,
1052 2793 1146 2837 quod
1173 2797 1285 2839 primo
1315 2804 1399 2829 casu
1425 2794 1662 2830 ”unetvicesi-

950 2851 1007 2873 ma
1034 2852 1073 2875 ea
1103 2842 1200 2888 legio
1220 2844 1339 2877 vocari
1363 2840 1482 2876 solet:
1509 2841 1572 2877 sed
1595 2853 1664 2889 ge...

951 2889 1084 2923 nitivus
1123 2901 1201 2925 cum
1240 2891 1398 2936 requirat
1429 2891 1666 2926 uniuselm'ce..

949 2937 1073 2981 simae,
1100 2937 1206 2986 idque
1235 2937 1371 2985 aliquid
1386 2938 1575 2975 molestiae
1597 2938 1666 2981 ha-,
