1768 3216
64 388 99 435 ξ’

759 196 1100 236 ANNOTATIONIS.

239 315 311 355 est,
337 321 407 347 non
432 313 605 360 singulari
632 314 777 360 generis
803 315 911 350 femi-

237 371 312 405 nini
345 372 387 406 15
415 373 448 406 5.

190 429 272 466 Titii
298 431 440 466 sodales
470 431 564 467 uude
582 433 755 478 appellati
787 435 796 468 1
828 434 886 470 54.

187 496 273 538 toga
300 493 500 526 enitescere
531 493 570 526 11
607 493 640 527 7.

187 556 308 599 togam
334 551 477 587 virilem
505 554 675 586 maturius
709 565 810 599 quam
846 566 910 599 per

234 611 352 661 legem
363 623 504 647 sumere
521 623 592 647 non
606 613 821 658 prohibitum
835 619 910 649 erat

237 673 281 706 12
306 671 366 707 41.

180 737 309 779 ,togata
335 732 463 767 cohors
494 734 521 767 ll
553 735 568 767 1
597 733 654 768 38.

190 797 390 839 togatorum
406 795 592 828 comitatus
605 798 640 828 et
652 804 816 840 egressus
827 793 854 828 Ο
873 795 908 829 6.

188 850 325 887 tolleno
352 853 381 886 H
405 854 430 888 4
454 853 512 888 30.

183 912 330 948 totidem
361 915 444 948 anni
473 924 614 953 menses
647 918 682 948 et
708 913 785 948 dies
812 915 905 948 inter

195 974 198 977 ’
232 972 407 1020 Gallicum
444 978 480 1007 et
512 972 663 1008 Neronis
697 974 902 1009 incendium

237 1032 279 1067 15
304 1033 363 1067 41.

181 1090 342 1126 Trachali
375 1091 560 1137 ingenium
600 1067 791 1125 oratorium
823 1093 850 1126 Η
884 1094 899 1126 1

228 1149 287 1185 90.

125 1224 128 1226 ’
179 1214 332 1249 tractare
361 1209 395 1243 h.
424 1219 456 1244 e.
487 1209 604 1243 animo
628 1208 777 1243 volvere
804 1209 825 1242 2
855 1210 887 1243 5.

178 1269 327 1304 traditor
342 1268 529 1303 mutandus
555 1268 698 1303 videtur
726 1279 804 1302 cum
827 1272 900 1302 tar-

227 1329 271 1365 do
304 1329 451 1364 ductore
477 1327 503 1362 Η
528 1329 552 1363 4
575 1328 632 1363 24.
698 1319 701 1325 ¹

181 1389 375 1436 tragoedus
401 1393 436 1422 et
457 1388 614 1434 tragicus
647 1387 687 1420 15
714 1385 773 1422 65.
841 1431 847 1435 .

177 1450 321 1486 trahere
347 1448 496 1494 praedas
531 1448 553 1483 3
579 1448 636 1483 20.
678 1446 818 1481 trahere
854 1447 897 1481 ad

229 1509 454 1545 clementiam
481 1506 616 1552 aliquid
647 1506 688 1540 12
716 1507 773 1541 52.
810 1506 901 1540 trahi

225 1570 261 1603 in
285 1568 435 1603 crimina
467 1567 508 1601 15
534 1566 592 1602 68.
622 1564 764 1599 trahere
791 1576 897 1600 exer-

231 1630 322 1663 citus
348 1628 444 1661 vires
470 1627 499 1660 H
527 1628 548 1661 2
573 1627 630 1661 57.
661 1625 807 1659 verbum
830 1631 902 1660 tum

227 1688 447 1723 difficultatis
495 1690 640 1730 propter
678 1687 895 1729 renitentes,

228 1753 301 1782 tum
328 1749 454 1782 ruinae
482 1747 671 1792 imaginem
700 1746 847 1790 praebet
873 1745 900 1780 ll

227 1808 247 1842 2
273 1808 331 1851 61,
358 1807 380 1840 3
406 1806 464 1841 55.
492 1806 633 1840 trahere
658 1806 760 1838 ruina
787 1805 814 1839 G
840 1805 898 1839 36.

224 1867 315 1902 trahi
342 1866 558 1901 factionibus
589 1870 623 1899 et
643 1865 769 1899 studiis
785 1864 815 1897 A
839 1865 892 1898 12.

176 1928 340 1961 traiectio
369 1925 606 1971 epithetomm
638 1923 665 1958 Ο
698 1924 751 1959 19.

176 1986 414 2030 Transpadani
459 1986 495 2019 in
537 1984 719 2018 civitatem
762 1982 896 2027 recepti

227 2047 265 2079 11
296 2046 353 2080 24.

175 2105 398 2140 Trevirorum
425 2103 592 2148 oppidum
620 2104 654 2136 in
683 2102 806 2136 dextra
818 2102 894 2136 Mo-

222 2164 336 2198 sellae
361 2164 438 2208 ripa
465 2164 570 2196 situm
598 2162 665 2196 fuit
694 2162 721 2195 ll
748 2161 770 2194 4
797 2162 855 2196 77.

172 2223 321 2266 Treviri,
351 2233 421 2256 non
448 2223 591 2256 Treveri
622 2223 643 2255 3
676 2222 735 2256 42.

172 2282 402 2317 Tribocorum
431 2282 534 2315 sedes
555 2282 581 2315 G
608 2281 665 2315 28.
695 2279 762 2313 tria
788 2284 894 2324 quat-

221 2347 347 2376 tuorve
390 2341 565 2374 vocabula
600 2341 634 2373 in
672 2339 740 2372 duo
776 2348 891 2372 mem-

217 2403 280 2436 bra
306 2401 502 2445 composita
532 2402 568 2433 11
599 2400 633 2434 6.
676 2399 700 2432 ll
733 2399 746 2432 1
777 2398 823 2434 50
854 2402 889 2432 et

217 2463 283 2504 70,
316 2462 338 2496 3
364 2461 410 2496 39
436 2465 471 2494 et
495 2460 567 2503 46,
605 2459 627 2493 4
654 2459 674 2493 5
714 2462 749 2492 et
777 2458 822 2493 52
849 2462 885 2492 et

214 2523 261 2559 56
289 2526 324 2556 et
352 2522 409 2557 58.

167 2583 395 2617 tribunicium
435 2582 488 2614 ius
523 2580 600 2613 sive
639 2581 796 2622 potestas
824 2576 889 2610 tri-

216 2642 360 2676 bunicia
391 2642 405 2673 1
435 2642 456 2674 2
487 2644 521 2674 et
551 2640 583 2673 3.

168 2702 300 2736 tribuni
320 2701 569 2734 honestissimo
586 2698 665 2732 loco
685 2698 786 2731 ludos
799 2707 883 2741 spe-

216 2761 357 2795 ctabant
388 2760 430 2795 16
462 2760 513 2793 12.

169 2821 388 2855 tribunorum
426 2819 574 2852 militum
615 2817 802 2852 consulare
834 2817 888 2850 ius

219 2873 311 2914 11.>

1606 209 1676 243 378

959 316 1071 351 tribus
1118 316 1308 354 Caesarum
1350 323 1570 366 temporibus
1605 334 1676 359 non

1008 376 1182 412 vilissima
1226 379 1350 423 populi
1401 380 1548 416 Romani
1595 394 1676 429 pars

1010 436 1089 480 suit,
1115 437 1179 471 sed
1204 437 1388 473 honestior
1403 445 1438 474 et
1460 440 1677 488 locupletior

1009 496 1038 529 H
1064 496 1087 530 3
1113 497 1170 532 58.

958 555 1090 589 tributa
1116 561 1152 590 et
1177 558 1372 603 vectigalia
1401 559 1443 593 13
1469 560 1526 595 50.

958 615 1144 650 trierarchi
1171 617 1200 650 H
1231 618 1253 652 3
1282 618 1338 652 11.

958 676 1049 709 trina
1075 675 1172 710 bella
1198 676 1224 710 11
1256 677 1271 710 1
1304 678 1338 711 2.

954 734 1203 770 Trinobantum
1231 736 1334 771 sedes
1371 737 1414 771 14
1440 739 1498 774 31.
1545 738 1672 774 Trino-

1007 795 1132 829 bantes
1168 795 1313 842 legendi
1347 807 1409 842 pro
1442 798 1671 845 Brigantibus

1001 855 1033 888 A
1058 855 1115 889 31.

953 914 1086 958 Tris-to,
1124 925 1195 949 non
1229 915 1381 960 Tuisco‚
1412 917 1663 956 Germanorum

1002 975 1088 1008 deus
1117 974 1144 1009 G
1169 977 1204 1011 2.

954 1033 1183 1078 triumphalia
1207 1039 1412 1083 ornam-enta
1438 1036 1461 1070 4
1486 1037 1544 1071 23.

953 1097 1069 1127 truces
1097 1098 1156 1126 aut
1189 1094 1308 1138 pavidi
1345 1096 1601 1143 (praetoriani)
1637 1097 1668 1133 H
1715 1121 1718 1123 >

999 1152 1022 1185 2
1047 1150 1106 1187 44.

952 1210 1043 1243 trudi
1071 1211 1106 1243 in
1133 1221 1228 1244 arma
1256 1211 1282 1244 Η
1309 1213 1331 1246 5
1357 1213 1415 1247 25.

952 1268 1110 1302 'l'ullinus
1127 1269 1310 1304 Volcatius
1336 1276 1371 1304 et
1386 1270 1600 1305 Tertullinus
1622 1272 1662 1307 V.

997 1338 1067 1361 non
1096 1339 1186 1362 unus
1214 1334 1269 1363 est
1298 1329 1339 1364 16
1367 1329 1400 1364 8.

953 1391 1025 1421 tum
1053 1388 1145 1422 idem
1174 1387 1249 1422 fere
1277 1389 1370 1435 quod
1397 1398 1476 1422 mox
1509 1388 1550 1423 14
1577 1389 1633 1424 21.

947 1447 1102 1482 tumidae
1146 1453 1262 1483 terrae
1306 1450 1340 1483 h.
1377 1461 1408 1484 e.
1456 1454 1665 1487 montuosae

999 1509 1021 1542 2
1047 1507 1106 1542 23.

947 1571 1031 1600 tune
1057 1571 1093 1599 et
1122 1570 1194 1600 tum
1221 1568 1244 1602 4
1270 1567 1462 1611 4,1111.

952 1627 1128 1660 tunicatus
1155 1627 1307 1672 populus
1334 1627 1361 1662 Ο
1391 1627 1423 1662 7.

948 1686 1106 1720 turbatae
1144 1686 1245 1732 leges
1279 1688 1315 1721 vi
1350 1686 1482 1720 ambitu
1510 1688 1663 1732 pecunia

1001 1747 1027 1779 17
1050 1746 1084 1780 2.

951 1809 1086 1838 turmae
1114 1808 1149 1838 et
1174 1803 1251 1838 alae
1279 1804 1299 1837 2
1328 1804 1386 1847 52,
1414 1806 1430 1839 1
1458 1804 1516 1847 60,
1537 1805 1578 1838 12
1604 1804 1661 1838 31.

945 1864 1049 1896 turris
1086 1862 1240 1909 (Palais)
1269 1863 1297 1896 H
1324 1863 1346 1898 3
1371 1863 1428 1898 38.
1457 1864 1560 1897 turris
1582 1863 1659 1897 An-

996 1924 1092 1956 tonia
1121 1922 1146 1955 Η
1175 1923 1196 1956 5
1230 1923 1282 1956 11.

947 1981 1059 2016 tutela
1087 1982 1242 2014 omnium
1270 1981 1297 2015 G
1323 1980 1380 2015 45.

949 2046 1060 2075 tutum
1076 2041 1280 2086 suffugium,
1310 2045 1344 2074 et
1370 2041 1488 2087 magni
1510 2042 1662 2076 nominis

993 2101 1221 2134 miseratione
1262 2105 1482 2144 reperturum
1527 2101 1659 2145 bonos,

993 2160 1275 2193 consociaturum
1304 2159 1454 2194 audaces
1484 2160 1527 2193 14
1552 2160 1610 2194 58.

948 2220 1245 2264 tyrannicidarum
1273 2220 1427 2263 praemia
1454 2219 1481 2253 Ο
1510 2219 1567 2254 35.

942 2339 1030 2372 uber
1056 2347 1117 2382 pro
1146 2337 1307 2371 ubertate
1337 2337 1364 2370 ll
1392 2337 1414 2371 3
1440 2337 1498 2371 34.

939 2397 1018 2433 Ubii
1049 2396 1187 2443 quando
1227 2397 1269 2430 ab
1306 2397 1464 2442 Agrippa
1495 2396 1655 2431 Rhenum

983 2457 1133 2491 traducti
1161 2457 1231 2490 sint
1261 2457 1300 2490 12
1328 2457 1388 2491 27.

944 2516 1023 2552 Ubii
1044 2537 1088 2544 -
1115 2516 1352 2550 Romanorum
1377 2525 1504 2550 nomen
1524 2517 1655 2562 Agrip..

987 2577 1154 2621 pinenses
1181 2580 1394 2610 vocarentur
1421 2575 1447 2608 Η
1478 2575 1500 2608 4
1528 2575 1586 2609 28.

938 2635 1077 2681 Ulpiani
1109 2647 1205 2670 error
1249 2636 1291 2670 de
1326 2635 1474 2680 quodam
1511 2639 1654 2670 senatus

984 2696 1145 2730 consulto
1172 2697 1195 2729 4
1221 2696 1278 2731 20.

937 2756 1106 2790 ulteriora
1148 2757 1169 2789 i.
1199 2767 1230 2789 e.
1266 2765 1357 2800 quae
1395 2759 1488 2788 trans
1523 2754 1650 2786 flumen

987 2817 1053 2849 sita
1081 2820 1134 2849 cst
1160 2815 1261 2861 regio
1289 2814 1316 2847 ll
1344 2813 1367 2847 4
1393 2814 1449 2848 77.

937 2876 1080 2909 ultimus
1108 2875 1215 2920 fugae
1243 2874 1268 2907 Η
1299 2875 1320 2908 3
1350 2873 1402 2907 16.
