<?xml version="1.0" encoding="UTF-8"?>
<!DOCTYPE html PUBLIC "-//W3C//DTD XHTML 1.0 Transitional//EN"
    "http://www.w3.org/TR/xhtml1/DTD/xhtml1-transitional.dtd">
<html xmlns="http://www.w3.org/1999/xhtml" xml:lang="en" lang="en">
 <head>
  <title>
</title>
<meta http-equiv="Content-Type" content="text/html;charset=utf-8" />
  <meta name='ocr-system' content='tesseract 3.04.00' />
  <meta name='ocr-capabilities' content='ocr_page ocr_carea ocr_par ocr_line ocrx_word'/>
</head>
<body>
  <div class='ocr_page' id='page_1' title='image "./operaadcodicesan03taciuoft/operaadcodicesan03taciuoft_0409.png"; bbox 0 0 1768 3216; ppageno 0'>
   <div class='ocr_carea' id='block_1_1' title="bbox 57 515 113 554">
    <p class='ocr_par' dir='ltr' id='par_1_1' title="bbox 57 515 113 554">
     <span class='ocr_line' id='line_1_1' title="bbox 57 515 113 554; baseline 0 0"><span class='ocrx_word' id='word_1_1' title='bbox 57 515 113 554; x_wconf 77' lang='lat'><strong>19</strong></span> 
     </span>
    </p>
   </div>
   <div class='ocr_carea' id='block_1_2' title="bbox 261 62 493 93">
    <p class='ocr_par' dir='ltr' id='par_1_2' title="bbox 261 62 493 93">
     <span class='ocr_line' id='line_1_2' title="bbox 261 62 493 93; baseline 0 -25"><span class='ocrx_word' id='word_1_2' title='bbox 261 88 326 93; x_wconf 42' lang='lat' dir='ltr'><strong>*M</strong></span> <span class='ocrx_word' id='word_1_3' title='bbox 335 62 493 89; x_wconf 33' lang='lat' dir='ltr'><strong>Vst‘l(</strong></span> 
     </span>
    </p>
   </div>
   <div class='ocr_carea' id='block_1_3' title="bbox 1555 236 1627 268">
    <p class='ocr_par' dir='ltr' id='par_1_3' title="bbox 1555 236 1627 268">
     <span class='ocr_line' id='line_1_3' title="bbox 1555 236 1627 268; baseline 0 0"><span class='ocrx_word' id='word_1_4' title='bbox 1555 236 1627 268; x_wconf 72' lang='lat'><strong>899</strong></span> 
     </span>
    </p>
   </div>
   <div class='ocr_carea' id='block_1_4' title="bbox 125 233 1148 279">
    <p class='ocr_par' dir='ltr' id='par_1_4' title="bbox 125 233 1148 279">
     <span class='ocr_line' id='line_1_4' title="bbox 125 233 1148 279; baseline -0.004 -7"><span class='ocrx_word' id='word_1_5' title='bbox 125 245 151 279; x_wconf 63' lang='lat' dir='ltr'>g</span> <span class='ocrx_word' id='word_1_6' title='bbox 172 233 215 272; x_wconf 76' lang='lat' dir='ltr'><strong>G.</strong></span> <span class='ocrx_word' id='word_1_7' title='bbox 244 236 303 272; x_wconf 87' lang='grc'><strong>70.</strong></span> <span class='ocrx_word' id='word_1_8' title='bbox 615 235 752 270; x_wconf 87' lang='lat' dir='ltr'><strong>LlBER</strong></span> <span class='ocrx_word' id='word_1_9' title='bbox 780 236 821 270; x_wconf 87' lang='lat' dir='ltr'><strong>V.</strong></span> <span class='ocrx_word' id='word_1_10' title='bbox 876 235 962 270; x_wconf 71' lang='lat' dir='ltr'><strong>Gn.</strong></span> <span class='ocrx_word' id='word_1_11' title='bbox 994 235 1148 271; x_wconf 80' lang='lat'><strong>18-19,</strong></span> 
     </span>
    </p>
   </div>
   <div class='ocr_carea' id='block_1_5' title="bbox 124 351 1768 806">
    <p class='ocr_par' dir='ltr' id='par_1_5' title="bbox 125 351 1629 483">
     <span class='ocr_line' id='line_1_5' title="bbox 126 351 1629 412; baseline -0.003 -15"><span class='ocrx_word' id='word_1_12' title='bbox 126 352 250 412; x_wconf 64' lang='lat' dir='ltr'><strong>toret,</strong></span> <span class='ocrx_word' id='word_1_13' title='bbox 281 353 319 395; x_wconf 93' lang='lat' dir='ltr'><strong>si</strong></span> <span class='ocrx_word' id='word_1_14' title='bbox 347 354 534 396; x_wconf 87' lang='lat' dir='ltr'><strong>Romana</strong></span> <span class='ocrx_word' id='word_1_15' title='bbox 561 354 713 396; x_wconf 91' lang='lat' dir='ltr'><strong>classis</strong></span> <span class='ocrx_word' id='word_1_16' title='bbox 742 352 863 408; x_wconf 87' lang='lat' dir='ltr'><strong>sequi</strong></span> <span class='ocrx_word' id='word_1_17' title='bbox 891 356 1152 395; x_wconf 76' lang='lat' dir='ltr'><strong>maturasset.</strong></span> <span class='ocrx_word' id='word_1_18' title='bbox 1207 352 1270 395; x_wconf 91' lang='lat' dir='ltr'><strong>Ne</strong></span> <span class='ocrx_word' id='word_1_19' title='bbox 1300 352 1430 407; x_wconf 80' lang='lat' dir='ltr'><strong>eques</strong></span> <span class='ocrx_word' id='word_1_20' title='bbox 1461 351 1629 407; x_wconf 89' lang='lat' dir='ltr'><strong>quidem</strong></span> 
     </span>
     <span class='ocr_line' id='line_1_6' title="bbox 125 427 1352 483; baseline -0.001 -14"><span class='ocrx_word' id='word_1_21' title='bbox 125 427 287 481; x_wconf 84' lang='lat' dir='ltr'><strong>institit,</strong></span> <span class='ocrx_word' id='word_1_22' title='bbox 316 432 489 483; x_wconf 85' lang='lat' dir='ltr'><strong>repente</strong></span> <span class='ocrx_word' id='word_1_23' title='bbox 520 429 624 472; x_wconf 82' lang='lat' dir='ltr'><strong>fusis</strong></span> <span class='ocrx_word' id='word_1_24' title='bbox 655 427 856 471; x_wconf 86' lang='lat' dir='ltr'>imbribus</span> <span class='ocrx_word' id='word_1_25' title='bbox 887 431 929 470; x_wconf 85' lang='lat' dir='ltr'><strong>et</strong></span> <span class='ocrx_word' id='word_1_26' title='bbox 956 428 1187 482; x_wconf 89' lang='lat' dir='ltr'><strong>propinqua</strong></span> <span class='ocrx_word' id='word_1_27' title='bbox 1213 431 1352 469; x_wconf 90' lang='lat' dir='ltr'><strong>nocte.</strong></span> 
     </span>
    </p>

    <p class='ocr_par' dir='ltr' id='par_1_6' title="bbox 124 502 1768 806">
     <span class='ocr_line' id='line_1_7' title="bbox 259 502 1630 558; baseline 0 -14"><span class='ocrx_word' id='word_1_28' title='bbox 259 502 431 546; x_wconf 86' lang='lat' dir='ltr'><strong>Postera</strong></span> <span class='ocrx_word' id='word_1_29' title='bbox 451 503 520 546; x_wconf 90' lang='lat' dir='ltr'><strong>die</strong></span> <span class='ocrx_word' id='word_1_30' title='bbox 544 502 869 557; x_wconf 87' lang='lat' dir='ltr'><strong>quartadecuma</strong></span> <span class='ocrx_word' id='word_1_31' title='bbox 890 502 1002 558; x_wconf 86' lang='lat' dir='ltr'><strong>legio</strong></span> <span class='ocrx_word' id='word_1_32' title='bbox 1028 503 1070 543; x_wconf 94' lang='lat' dir='ltr'><strong>in</strong></span> <span class='ocrx_word' id='word_1_33' title='bbox 1088 503 1349 557; x_wconf 86' lang='lat' dir='ltr'><strong>superiorem</strong></span> <span class='ocrx_word' id='word_1_34' title='bbox 1369 503 1630 556; x_wconf 88' lang='lat' dir='ltr'><strong>provinciam</strong></span> 
     </span>
     <span class='ocr_line' id='line_1_8' title="bbox 126 539 1768 646; baseline -0.001 -24"><span class='ocrx_word' id='word_1_35' title='bbox 126 576 245 633; x_wconf 74' lang='lat' dir='ltr'><strong>Gallo</strong></span> <span class='ocrx_word' id='word_1_36' title='bbox 270 577 411 620; x_wconf 90' lang='lat' dir='ltr'><strong>Annio</strong></span> <span class='ocrx_word' id='word_1_37' title='bbox 438 578 593 630; x_wconf 85' lang='lat' dir='ltr'><strong>missa3</strong></span> <span class='ocrx_word' id='word_1_38' title='bbox 638 577 814 620; x_wconf 89' lang='lat' dir='ltr'><strong>Cerialis</strong></span> <span class='ocrx_word' id='word_1_39' title='bbox 856 578 1085 620; x_wconf 89' lang='lat' dir='ltr'><strong>exercitum</strong></span> <span class='ocrx_word' id='word_1_40' title='bbox 1125 578 1300 621; x_wconf 89' lang='lat' dir='ltr'><strong>decuma</strong></span> <span class='ocrx_word' id='word_1_41' title='bbox 1341 592 1394 621; x_wconf 83' lang='lat' dir='ltr'><strong>ex</strong></span> <span class='ocrx_word' id='word_1_42' title='bbox 1430 578 1630 632; x_wconf 82' lang='lat' dir='ltr'><strong>Hispania</strong></span> <span class='ocrx_word' id='word_1_43' title='bbox 1658 539 1768 646; x_wconf 51' lang='lat' dir='ltr'><strong>{U&#39;</strong></span> 
     </span>
     <span class='ocr_line' id='line_1_9' title="bbox 124 620 1768 708; baseline -0.001 -14"><span class='ocrx_word' id='word_1_44' title='bbox 124 651 238 708; x_wconf 82' lang='lat' dir='ltr'><strong>legio</strong></span> <span class='ocrx_word' id='word_1_45' title='bbox 267 652 487 707; x_wconf 85' lang='lat' dir='ltr'><strong>supplevit.</strong></span> <span class='ocrx_word' id='word_1_46' title='bbox 534 653 655 695; x_wconf 89' lang='lat' dir='ltr'><strong>Civili</strong></span> <span class='ocrx_word' id='word_1_47' title='bbox 686 653 950 699; x_wconf 83' lang='lat' dir='ltr'>Chaucorum</span> <span class='ocrx_word' id='word_1_48' title='bbox 975 654 1326 697; x_wconf 78' lang='lat' dir='ltr'><strong>auxiliavenere.</strong></span> <span class='ocrx_word' id='word_1_49' title='bbox 1367 654 1461 696; x_wconf 91' lang='lat' dir='ltr'><strong>Non</strong></span> <span class='ocrx_word' id='word_1_50' title='bbox 1491 647 1686 699; x_wconf 71' lang='lat' dir='ltr'><strong>tamens}</strong></span> <span class='ocrx_word' id='word_1_51' title='bbox 1706 620 1768 664; x_wconf 44' lang='grc' dir='ltr'><strong>’ὼ</strong></span> 
     </span>
     <span class='ocr_line' id='line_1_10' title="bbox 129 728 1632 806; baseline -0.001 -32"><span class='ocrx_word' id='word_1_52' title='bbox 129 741 256 774; x_wconf 78' lang='lat' dir='ltr'><strong>ausus</strong></span> <span class='ocrx_word' id='word_1_53' title='bbox 287 728 797 806; x_wconf 49' lang='lat' dir='ltr'><strong>oppEl-ufflssatavorum]</strong></span> <span class='ocrx_word' id='word_1_54' title='bbox 829 730 956 771; x_wconf 90' lang='lat' dir='ltr'><strong>armis</strong></span> <span class='ocrx_word' id='word_1_55' title='bbox 986 730 1107 782; x_wconf 87' lang='lat' dir='ltr'><strong>tueri,</strong></span> <span class='ocrx_word' id='word_1_56' title='bbox 1139 730 1268 783; x_wconf 82' lang='lat' dir='ltr'><strong>raptis</strong></span> <span class='ocrx_word' id='word_1_57' title='bbox 1300 741 1407 784; x_wconf 88' lang='lat' dir='ltr'><strong>quae</strong></span> <span class='ocrx_word' id='word_1_58' title='bbox 1430 730 1530 772; x_wconf 85' lang='lat' dir='ltr'><strong>ferri</strong></span> <span class='ocrx_word' id='word_1_59' title='bbox 1551 742 1632 784; x_wconf 90' lang='lat' dir='ltr'><strong>po-</strong></span> 
     </span>
    </p>
   </div>
   <div class='ocr_carea' id='block_1_6' title="bbox 127 794 1631 860">
    <p class='ocr_par' dir='ltr' id='par_1_7' title="bbox 127 794 1631 860">
     <span class='ocr_line' id='line_1_11' title="bbox 127 794 1631 860; baseline -0.001 -12"><span class='ocrx_word' id='word_1_60' title='bbox 127 808 290 858; x_wconf 81' lang='lat' dir='ltr'><strong>terant,</strong></span> <span class='ocrx_word' id='word_1_61' title='bbox 333 803 487 845; x_wconf 88' lang='lat' dir='ltr'><strong>ceteris</strong></span> <span class='ocrx_word' id='word_1_62' title='bbox 535 794 846 859; x_wconf 33' lang='lat' dir='ltr'><strong>iniectoflgni,</strong></span> <span class='ocrx_word' id='word_1_63' title='bbox 892 804 935 845; x_wconf 91' lang='lat' dir='ltr'><strong>in</strong></span> <span class='ocrx_word' id='word_1_64' title='bbox 976 804 1151 845; x_wconf 84' lang='lat' dir='ltr'><strong>insulam</strong></span> <span class='ocrx_word' id='word_1_65' title='bbox 1193 804 1432 857; x_wconf 84' lang='lat' dir='ltr'><strong>concessit,</strong></span> <span class='ocrx_word' id='word_1_66' title='bbox 1472 817 1631 860; x_wconf 88' lang='lat' dir='ltr'><strong>gnarus</strong></span> 
     </span>
    </p>
   </div>
   <div class='ocr_carea' id='block_1_7' title="bbox 65 878 1631 933">
    <p class='ocr_par' dir='ltr' id='par_1_8' title="bbox 65 878 1631 933">
     <span class='ocr_line' id='line_1_12' title="bbox 65 878 1631 933; baseline -0.001 -10"><span class='ocrx_word' id='word_1_67' title='bbox 65 918 73 922; x_wconf 93' lang='lat'><strong>.</strong></span> <span class='ocrx_word' id='word_1_68' title='bbox 129 880 281 923; x_wconf 83' lang='lat' dir='ltr'><strong>deesse</strong></span> <span class='ocrx_word' id='word_1_69' title='bbox 326 891 457 920; x_wconf 88' lang='lat' dir='ltr'><strong>naves</strong></span> <span class='ocrx_word' id='word_1_70' title='bbox 502 878 726 921; x_wconf 87' lang='lat' dir='ltr'><strong>efficiendo</strong></span> <span class='ocrx_word' id='word_1_71' title='bbox 764 879 909 932; x_wconf 88' lang='lat' dir='ltr'><strong>ponti,</strong></span> <span class='ocrx_word' id='word_1_72' title='bbox 956 891 1093 933; x_wconf 88' lang='lat' dir='ltr'><strong>neque</strong></span> <span class='ocrx_word' id='word_1_73' title='bbox 1133 880 1360 921; x_wconf 88' lang='lat' dir='ltr'><strong>exercitum</strong></span> <span class='ocrx_word' id='word_1_74' title='bbox 1403 880 1631 922; x_wconf 90' lang='lat' dir='ltr'><strong>Romanum</strong></span> 
     </span>
    </p>
   </div>
   <div class='ocr_carea' id='block_1_8' title="bbox 127 953 1632 1004">
    <p class='ocr_par' dir='ltr' id='par_1_9' title="bbox 127 953 1632 1004">
     <span class='ocr_line' id='line_1_13' title="bbox 127 953 1632 1004; baseline -0.001 -7"><span class='ocrx_word' id='word_1_75' title='bbox 127 954 248 997; x_wconf 87' lang='lat' dir='ltr'><strong>aliter</strong></span> <span class='ocrx_word' id='word_1_76' title='bbox 273 953 628 996; x_wconf 86' lang='lat' dir='ltr'><strong>transmissurum.</strong></span> <span class='ocrx_word' id='word_1_77' title='bbox 686 954 795 1004; x_wconf 86' lang='lat' dir='ltr'><strong>Quin</strong></span> <span class='ocrx_word' id='word_1_78' title='bbox 822 958 863 994; x_wconf 91' lang='lat' dir='ltr'><strong>et</strong></span> <span class='ocrx_word' id='word_1_79' title='bbox 894 954 1021 995; x_wconf 87' lang='lat' dir='ltr'><strong>diruit</strong></span> <span class='ocrx_word' id='word_1_80' title='bbox 1050 954 1200 995; x_wconf 88' lang='lat' dir='ltr'><strong>molem</strong></span> <span class='ocrx_word' id='word_1_81' title='bbox 1232 967 1254 996; x_wconf 92' lang='lat' dir='ltr'><strong>a</strong></span> <span class='ocrx_word' id='word_1_82' title='bbox 1285 955 1422 996; x_wconf 90' lang='lat' dir='ltr'><strong>Druso</strong></span> <span class='ocrx_word' id='word_1_83' title='bbox 1453 955 1632 996; x_wconf 86' lang='lat' dir='ltr'><strong>Germa-</strong></span> 
     </span>
    </p>
   </div>
   <div class='ocr_carea' id='block_1_9' title="bbox 125 1028 1686 1083">
    <p class='ocr_par' dir='ltr' id='par_1_10' title="bbox 125 1028 1686 1083">
     <span class='ocr_line' id='line_1_14' title="bbox 125 1028 1686 1083; baseline -0.001 -12"><span class='ocrx_word' id='word_1_84' title='bbox 125 1030 224 1071; x_wconf 79' lang='lat' dir='ltr'><strong>nico</strong></span> <span class='ocrx_word' id='word_1_85' title='bbox 254 1029 433 1082; x_wconf 84' lang='lat' dir='ltr'><strong>saetam,</strong></span> <span class='ocrx_word' id='word_1_86' title='bbox 466 1028 736 1082; x_wconf 84' lang='lat' dir='ltr'><strong>Rhenumque</strong></span> <span class='ocrx_word' id='word_1_87' title='bbox 778 1040 912 1082; x_wconf 91' lang='lat' dir='ltr'><strong>prono</strong></span> <span class='ocrx_word' id='word_1_88' title='bbox 955 1029 1075 1071; x_wconf 86' lang='lat' dir='ltr'><strong>alveo</strong></span> <span class='ocrx_word' id='word_1_89' title='bbox 1122 1030 1166 1070; x_wconf 92' lang='lat' dir='ltr'><strong>in</strong></span> <span class='ocrx_word' id='word_1_90' title='bbox 1208 1029 1380 1071; x_wconf 85' lang='lat' dir='ltr'><strong>Galliam</strong></span> <span class='ocrx_word' id='word_1_91' title='bbox 1426 1034 1631 1083; x_wconf 86' lang='lat' dir='ltr'><strong>ruentem,</strong></span> <span class='ocrx_word' id='word_1_92' title='bbox 1647 1039 1686 1071; x_wconf 81' lang='lat' dir='ltr'><strong>to</strong></span> 
     </span>
    </p>
   </div>
   <div class='ocr_carea' id='block_1_10' title="bbox 127 1102 980 1158">
    <p class='ocr_par' dir='ltr' id='par_1_11' title="bbox 127 1102 980 1158">
     <span class='ocr_line' id='line_1_15' title="bbox 127 1102 980 1158; baseline -0.004 -12"><span class='ocrx_word' id='word_1_93' title='bbox 127 1103 316 1146; x_wconf 88' lang='lat' dir='ltr'><strong>disiectis</strong></span> <span class='ocrx_word' id='word_1_94' title='bbox 347 1115 453 1158; x_wconf 89' lang='lat' dir='ltr'><strong>quae</strong></span> <span class='ocrx_word' id='word_1_95' title='bbox 483 1103 778 1155; x_wconf 87' lang='lat' dir='ltr'><strong>morabantur,</strong></span> <span class='ocrx_word' id='word_1_96' title='bbox 822 1102 980 1144; x_wconf 82' lang='lat' dir='ltr'><strong>effudit.</strong></span> 
     </span>
    </p>
   </div>
   <div class='ocr_carea' id='block_1_11' title="bbox 1053 1103 1631 1157">
    <p class='ocr_par' dir='ltr' id='par_1_12' title="bbox 1053 1103 1631 1157">
     <span class='ocr_line' id='line_1_16' title="bbox 1053 1103 1631 1157; baseline 0.003 -13"><span class='ocrx_word' id='word_1_97' title='bbox 1053 1103 1122 1145; x_wconf 89' lang='lat' dir='ltr'><strong>Sic</strong></span> <span class='ocrx_word' id='word_1_98' title='bbox 1162 1103 1275 1145; x_wconf 88' lang='lat' dir='ltr'><strong>velut</strong></span> <span class='ocrx_word' id='word_1_99' title='bbox 1315 1104 1464 1146; x_wconf 88' lang='lat' dir='ltr'><strong>abacto</strong></span> <span class='ocrx_word' id='word_1_100' title='bbox 1496 1117 1631 1157; x_wconf 90' lang='lat' dir='ltr'><strong>amne,</strong></span> 
     </span>
    </p>
   </div>
   <div class='ocr_carea' id='block_1_12' title="bbox 127 1174 1635 1232">
    <p class='ocr_par' dir='ltr' id='par_1_13' title="bbox 127 1174 1635 1232">
     <span class='ocr_line' id='line_1_17' title="bbox 127 1174 1635 1232; baseline 0.001 -12"><span class='ocrx_word' id='word_1_101' title='bbox 127 1179 264 1222; x_wconf 88' lang='lat' dir='ltr'><strong>tenuis</strong></span> <span class='ocrx_word' id='word_1_102' title='bbox 294 1174 438 1222; x_wconf 84' lang='lat' dir='ltr'><strong>alveus</strong></span> <span class='ocrx_word' id='word_1_103' title='bbox 469 1179 644 1221; x_wconf 88' lang='lat' dir='ltr'><strong>insulam</strong></span> <span class='ocrx_word' id='word_1_104' title='bbox 676 1179 785 1219; x_wconf 89' lang='lat' dir='ltr'><strong>inter</strong></span> <span class='ocrx_word' id='word_1_105' title='bbox 817 1178 1132 1232; x_wconf 83' lang='lat' dir='ltr'><strong>Germanosque</strong></span> <span class='ocrx_word' id='word_1_106' title='bbox 1163 1179 1464 1221; x_wconf 88' lang='lat' dir='ltr'><strong>continentium</strong></span> <span class='ocrx_word' id='word_1_107' title='bbox 1493 1183 1635 1221; x_wconf 86' lang='lat' dir='ltr'><strong>terra-</strong></span> 
     </span>
    </p>
   </div>
   <div class='ocr_carea' id='block_1_13' title="bbox 263 1364 1629 1412">
    <p class='ocr_par' dir='ltr' id='par_1_14' title="bbox 263 1364 1629 1412">
     <span class='ocr_line' id='line_1_18' title="bbox 263 1364 1629 1412; baseline -0.002 -10"><span class='ocrx_word' id='word_1_108' title='bbox 263 1368 300 1403; x_wconf 82' lang='lat'><strong>4.</strong></span> <span class='ocrx_word' id='word_1_109' title='bbox 340 1371 458 1401; x_wconf 84' lang='lat' dir='ltr'><strong>utrum</strong></span> <span class='ocrx_word' id='word_1_110' title='bbox 483 1367 520 1401; x_wconf 91' lang='lat' dir='ltr'><strong>in</strong></span> <span class='ocrx_word' id='word_1_111' title='bbox 546 1365 600 1401; x_wconf 75' lang='lat' dir='ltr'><strong>Ma</strong></span> <span class='ocrx_word' id='word_1_112' title='bbox 629 1367 770 1410; x_wconf 78' lang='lat' dir='ltr'><strong>amnia,</strong></span> <span class='ocrx_word' id='word_1_113' title='bbox 810 1377 855 1400; x_wconf 92' lang='lat' dir='ltr'><strong>an</strong></span> <span class='ocrx_word' id='word_1_114' title='bbox 881 1367 1004 1400; x_wconf 64' lang='lat' dir='ltr'><strong>aninlo</strong></span> <span class='ocrx_word' id='word_1_115' title='bbox 1030 1366 1202 1412; x_wconf 83' lang='lat' dir='ltr'><strong>distingui</strong></span> <span class='ocrx_word' id='word_1_116' title='bbox 1229 1365 1383 1411; x_wconf 86' lang='lat' dir='ltr'><strong>nequit:</strong></span> <span class='ocrx_word' id='word_1_117' title='bbox 1416 1371 1498 1408; x_wconf 85' lang='grc' dir='ltr'><em>αῖο,</em></span> <span class='ocrx_word' id='word_1_118' title='bbox 1531 1364 1567 1399; x_wconf 84' lang='lat' dir='ltr'><strong>h.</strong></span> <span class='ocrx_word' id='word_1_119' title='bbox 1596 1376 1629 1399; x_wconf 92' lang='lat' dir='ltr'><strong>e.</strong></span> 
     </span>
    </p>
   </div>
   <div class='ocr_carea' id='block_1_14' title="bbox 128 1415 708 1461">
    <p class='ocr_par' dir='ltr' id='par_1_15' title="bbox 128 1415 708 1461">
     <span class='ocr_line' id='line_1_19' title="bbox 128 1415 708 1461; baseline -0.011 -7"><span class='ocrx_word' id='word_1_120' title='bbox 128 1419 259 1461; x_wconf 73' lang='lat' dir='ltr'><strong>animo,</strong></span> <span class='ocrx_word' id='word_1_121' title='bbox 288 1415 338 1450; x_wconf 87' lang='lat' dir='ltr'><strong>G.</strong></span> <span class='ocrx_word' id='word_1_122' title='bbox 362 1417 451 1450; x_wconf 83' lang='lat' dir='ltr'><strong>am’o</strong></span> <span class='ocrx_word' id='word_1_123' title='bbox 477 1415 708 1450; x_wconf 83' lang='lat' dir='ltr'><strong>Puteolanus.</strong></span> 
     </span>
    </p>
   </div>
   <div class='ocr_carea' id='block_1_15' title="bbox 793 1414 1167 1449">
    <p class='ocr_par' dir='ltr' id='par_1_16' title="bbox 793 1414 1167 1449">
     <span class='ocr_line' id='line_1_20' title="bbox 793 1414 1167 1449; baseline 0 0"><span class='ocrx_word' id='word_1_124' title='bbox 793 1415 827 1449; x_wconf 87' lang='lat'><strong>5.</strong></span> <span class='ocrx_word' id='word_1_125' title='bbox 855 1427 1046 1449; x_wconf 76' lang='lat' dir='ltr'><strong>cuneorum</strong></span> <span class='ocrx_word' id='word_1_126' title='bbox 1072 1414 1167 1449; x_wconf 60' lang='lat' dir='ltr'><strong>Gilia.</strong></span> 
     </span>
    </p>
   </div>
   <div class='ocr_carea' id='block_1_16' title="bbox 1259 1412 1634 1460">
    <p class='ocr_par' dir='ltr' id='par_1_17' title="bbox 1259 1412 1634 1460">
     <span class='ocr_line' id='line_1_21' title="bbox 1259 1412 1634 1460; baseline -0.011 -12"><span class='ocrx_word' id='word_1_127' title='bbox 1259 1415 1293 1449; x_wconf 85' lang='lat'><strong>6.</strong></span> <span class='ocrx_word' id='word_1_128' title='bbox 1321 1414 1448 1460; x_wconf 64' lang='lat' dir='ltr'><strong>oppida</strong></span> <span class='ocrx_word' id='word_1_129' title='bbox 1474 1412 1539 1457; x_wconf 68' lang='lat' dir='ltr'><strong>ma,</strong></span> <span class='ocrx_word' id='word_1_130' title='bbox 1566 1426 1634 1459; x_wconf 74' lang='lat' dir='ltr'><strong>op-</strong></span> 
     </span>
    </p>
   </div>
   <div class='ocr_carea' id='block_1_17' title="bbox 104 1462 1632 1646">
    <p class='ocr_par' dir='ltr' id='par_1_18' title="bbox 104 1462 1632 1646">
     <span class='ocr_line' id='line_1_22' title="bbox 271 1462 1631 1511; baseline -0.002 -11"><span class='ocrx_word' id='word_1_131' title='bbox 271 1464 312 1507; x_wconf 88' lang='lat' dir='ltr'><strong>G,</strong></span> <span class='ocrx_word' id='word_1_132' title='bbox 340 1465 469 1511; x_wconf 77' lang='lat' dir='ltr'><strong>oppida</strong></span> <span class='ocrx_word' id='word_1_133' title='bbox 494 1463 568 1498; x_wconf 92' lang='lat' dir='ltr'><strong>alii.</strong></span> <span class='ocrx_word' id='word_1_134' title='bbox 658 1463 814 1510; x_wconf 85' lang='lat' dir='ltr'><strong>glossam</strong></span> <span class='ocrx_word' id='word_1_135' title='bbox 842 1464 1056 1498; x_wconf 79' lang='lat' dir='ltr'><strong>Batavorum</strong></span> <span class='ocrx_word' id='word_1_136' title='bbox 1082 1463 1221 1497; x_wconf 87' lang='lat' dir='ltr'><strong>notavit</strong></span> <span class='ocrx_word' id='word_1_137' title='bbox 1247 1463 1376 1497; x_wconf 87' lang='lat' dir='ltr'><strong>editor.</strong></span> <span class='ocrx_word' id='word_1_138' title='bbox 1475 1474 1537 1508; x_wconf 82' lang='lat' dir='ltr'><strong>que</strong></span> <span class='ocrx_word' id='word_1_139' title='bbox 1565 1462 1631 1497; x_wconf 63' lang='lat' dir='ltr'><strong>Ma.</strong></span> 
     </span>
     <span class='ocr_line' id='line_1_23' title="bbox 128 1510 1631 1557; baseline -0.005 -5"><span class='ocrx_word' id='word_1_140' title='bbox 128 1516 163 1552; x_wconf 87' lang='grc'><strong>9.</strong></span> <span class='ocrx_word' id='word_1_141' title='bbox 191 1515 292 1550; x_wconf 66' lang='lat' dir='ltr'><strong>danie</strong></span> <span class='ocrx_word' id='word_1_142' title='bbox 316 1513 394 1548; x_wconf 64' lang='lat' dir='ltr'><strong>Ma:</strong></span> <span class='ocrx_word' id='word_1_143' title='bbox 422 1513 450 1548; x_wconf 91' lang='lat' dir='ltr'>G</span> <span class='ocrx_word' id='word_1_144' title='bbox 475 1513 594 1547; x_wconf 75' lang='lat' dir='ltr'><strong>dimit.</strong></span> <span class='ocrx_word' id='word_1_145' title='bbox 699 1513 754 1547; x_wconf 86' lang='lat'><strong>10.</strong></span> <span class='ocrx_word' id='word_1_146' title='bbox 781 1515 883 1557; x_wconf 82' lang='lat' dir='ltr'><strong>facta</strong></span> <span class='ocrx_word' id='word_1_147' title='bbox 910 1511 981 1547; x_wconf 67' lang='lat' dir='ltr'><strong>Ma:</strong></span> <span class='ocrx_word' id='word_1_148' title='bbox 1010 1513 1036 1547; x_wconf 90' lang='lat' dir='ltr'><strong>G</strong></span> <span class='ocrx_word' id='word_1_149' title='bbox 1063 1514 1178 1557; x_wconf 69' lang='lat' dir='ltr'><strong>sachi.</strong></span> <span class='ocrx_word' id='word_1_150' title='bbox 1277 1511 1375 1546; x_wconf 84' lang='lat' dir='ltr'><strong>albco</strong></span> <span class='ocrx_word' id='word_1_151' title='bbox 1402 1510 1467 1545; x_wconf 70' lang='lat' dir='ltr'><strong>Ma.</strong></span> <span class='ocrx_word' id='word_1_152' title='bbox 1576 1513 1631 1545; x_wconf 91' lang='lat'><strong>11.</strong></span> 
     </span>
     <span class='ocr_line' id='line_1_24' title="bbox 104 1559 1632 1646; baseline -0.003 -48"><span class='ocrx_word' id='word_1_153' title='bbox 104 1562 328 1646; x_wconf 46' lang='lat' dir='ltr'><strong>’aqlltenffaffla</strong></span> <span class='ocrx_word' id='word_1_154' title='bbox 436 1563 562 1597; x_wconf 78' lang='lat' dir='ltr'><strong>abacto</strong></span> <span class='ocrx_word' id='word_1_155' title='bbox 589 1559 664 1603; x_wconf 72' lang='lat' dir='ltr'><strong>Ma,</strong></span> <span class='ocrx_word' id='word_1_156' title='bbox 700 1561 744 1595; x_wconf 84' lang='lat' dir='ltr'><strong>ab</strong></span> <span class='ocrx_word' id='word_1_157' title='bbox 769 1568 849 1595; x_wconf 84' lang='lat' dir='ltr'><strong>acto</strong></span> <span class='ocrx_word' id='word_1_158' title='bbox 876 1561 924 1605; x_wconf 91' lang='lat' dir='ltr'><strong>G,</strong></span> <span class='ocrx_word' id='word_1_159' title='bbox 952 1561 996 1595; x_wconf 84' lang='lat' dir='ltr'><strong>ab</strong></span> <span class='ocrx_word' id='word_1_160' title='bbox 1024 1567 1139 1596; x_wconf 69' lang='lat' dir='ltr'><strong>arnoto</strong></span> <span class='ocrx_word' id='word_1_161' title='bbox 1166 1561 1216 1604; x_wconf 86' lang='lat' dir='ltr'><strong>R,</strong></span> <span class='ocrx_word' id='word_1_162' title='bbox 1256 1566 1371 1595; x_wconf 75' lang='lat' dir='ltr'><strong>amoto</strong></span> <span class='ocrx_word' id='word_1_163' title='bbox 1403 1561 1447 1594; x_wconf 88' lang='lat' dir='ltr'><strong>A.</strong></span> <span class='ocrx_word' id='word_1_164' title='bbox 1576 1561 1632 1595; x_wconf 84' lang='lat'><strong>12.</strong></span> 
     </span>
    </p>
   </div>
   <div class='ocr_carea' id='block_1_18' title="bbox 123 1773 849 2736">
    <p class='ocr_par' dir='ltr' id='par_1_19' title="bbox 123 1773 849 2065">
     <span class='ocr_line' id='line_1_25' title="bbox 123 1773 849 1815; baseline -0.004 -6"><span class='ocrx_word' id='word_1_165' title='bbox 123 1782 200 1809; x_wconf 64' lang='lat' dir='ltr'><strong>‘non</strong></span> <span class='ocrx_word' id='word_1_166' title='bbox 225 1775 441 1811; x_wconf 79' lang='lat' dir='ltr'><strong>Batavorum</strong></span> <span class='ocrx_word' id='word_1_167' title='bbox 475 1773 587 1807; x_wconf 78' lang='lat' dir='ltr'><strong>armis</strong></span> <span class='ocrx_word' id='word_1_168' title='bbox 616 1773 709 1807; x_wconf 73' lang='lat' dir='ltr'><strong>tueri</strong></span> <span class='ocrx_word' id='word_1_169' title='bbox 725 1799 735 1815; x_wconf 92' lang='lat'><strong>‚</strong></span> <span class='ocrx_word' id='word_1_170' title='bbox 787 1774 849 1807; x_wconf 82' lang='lat' dir='ltr'><strong>sed</strong></span> 
     </span>
     <span class='ocr_line' id='line_1_26' title="bbox 132 1821 848 1866; baseline -0.006 -8"><span class='ocrx_word' id='word_1_171' title='bbox 132 1825 242 1858; x_wconf 76' lang='lat' dir='ltr'><strong>amis</strong></span> <span class='ocrx_word' id='word_1_172' title='bbox 269 1824 374 1866; x_wconf 76' lang='lat' dir='ltr'><strong>tucri,</strong></span> <span class='ocrx_word' id='word_1_173' title='bbox 401 1823 438 1856; x_wconf 87' lang='lat' dir='ltr'><strong>h.</strong></span> <span class='ocrx_word' id='word_1_174' title='bbox 454 1833 486 1856; x_wconf 89' lang='lat' dir='ltr'><strong>e.</strong></span> <span class='ocrx_word' id='word_1_175' title='bbox 513 1821 737 1855; x_wconf 87' lang='lat' dir='ltr'><strong>obsidionem</strong></span> <span class='ocrx_word' id='word_1_176' title='bbox 765 1833 848 1855; x_wconf 84' lang='lat' dir='ltr'><strong>sus-</strong></span> 
     </span>
     <span class='ocr_line' id='line_1_27' title="bbox 127 1871 847 1915; baseline -0.004 -9"><span class='ocrx_word' id='word_1_177' title='bbox 127 1873 245 1906; x_wconf 86' lang='lat' dir='ltr'><strong>tinere</strong></span> <span class='ocrx_word' id='word_1_178' title='bbox 293 1877 329 1906; x_wconf 79' lang='lat' dir='ltr'><strong>et</strong></span> <span class='ocrx_word' id='word_1_179' title='bbox 371 1871 565 1915; x_wconf 83' lang='lat' dir='ltr'><strong>repellere.</strong></span> <span class='ocrx_word' id='word_1_180' title='bbox 633 1871 847 1904; x_wconf 75' lang='lat' dir='ltr'><strong>Batavorum</strong></span> 
     </span>
     <span class='ocr_line' id='line_1_28' title="bbox 128 1919 848 1979; baseline -0.008 -24"><span class='ocrx_word' id='word_1_181' title='bbox 128 1921 327 1955; x_wconf 86' lang='lat' dir='ltr'><strong>adiectum</strong></span> <span class='ocrx_word' id='word_1_182' title='bbox 336 1925 422 1955; x_wconf 83' lang='lat' dir='ltr'><strong>esta</strong></span> <span class='ocrx_word' id='word_1_183' title='bbox 438 1919 640 1979; x_wconf 82' lang='lat' dir='ltr'><strong>glossatore</strong></span> <span class='ocrx_word' id='word_1_184' title='bbox 660 1920 720 1964; x_wconf 89' lang='lat' dir='ltr'><strong>qui</strong></span> <span class='ocrx_word' id='word_1_185' title='bbox 747 1921 848 1965; x_wconf 74' lang='lat' dir='ltr'><strong>oppi-</strong></span> 
     </span>
     <span class='ocr_line' id='line_1_29' title="bbox 129 1968 848 2015; baseline -0.003 -12"><span class='ocrx_word' id='word_1_186' title='bbox 129 1970 209 2003; x_wconf 74' lang='lat' dir='ltr'><strong>dum</strong></span> <span class='ocrx_word' id='word_1_187' title='bbox 259 1979 340 2003; x_wconf 84' lang='lat' dir='ltr'><strong>esse</strong></span> <span class='ocrx_word' id='word_1_188' title='bbox 381 1970 476 2015; x_wconf 76' lang='grc' dir='ltr'><em>ἔρυμ</em></span> <span class='ocrx_word' id='word_1_189' title='bbox 467 1971 507 2003; x_wconf 70' lang='lat' dir='ltr'><strong>ui</strong></span> <span class='ocrx_word' id='word_1_190' title='bbox 546 1982 582 2004; x_wconf 82' lang='lat' dir='ltr'><em>n</em></span> <span class='ocrx_word' id='word_1_191' title='bbox 634 1968 848 2012; x_wconf 87' lang='lat' dir='ltr'><strong>opinabatur</strong></span> 
     </span>
     <span class='ocr_line' id='line_1_30' title="bbox 131 2016 786 2065; baseline -0.005 -13"><span class='ocrx_word' id='word_1_192' title='bbox 131 2019 252 2065; x_wconf 76' lang='lat' dir='ltr'><strong>(einen</strong></span> <span class='ocrx_word' id='word_1_193' title='bbox 274 2020 389 2063; x_wconf 68' lang='lat' dir='ltr'><strong>fasten</strong></span> <span class='ocrx_word' id='word_1_194' title='bbox 416 2016 480 2050; x_wconf 76' lang='lat' dir='ltr'><strong>Ore</strong></span> <span class='ocrx_word' id='word_1_195' title='bbox 510 2017 574 2051; x_wconf 81' lang='lat' dir='ltr'><strong>der</strong></span> <span class='ocrx_word' id='word_1_196' title='bbox 602 2017 786 2061; x_wconf 66' lang='grc' dir='ltr'><strong>Βαιαυεν).</strong></span> 
     </span>
    </p>

    <p class='ocr_par' dir='ltr' id='par_1_20' title="bbox 128 2065 847 2545">
     <span class='ocr_line' id='line_1_31' title="bbox 199 2065 847 2100; baseline 0 -1"><span class='ocrx_word' id='word_1_197' title='bbox 199 2067 239 2100; x_wconf 72' lang='lat' dir='ltr'><strong>in</strong></span> <span class='ocrx_word' id='word_1_198' title='bbox 262 2065 416 2100; x_wconf 72' lang='lat' dir='ltr'><strong>insulam</strong></span> <span class='ocrx_word' id='word_1_199' title='bbox 442 2066 635 2100; x_wconf 75' lang='lat' dir='ltr'><strong>concessit·</strong></span> <span class='ocrx_word' id='word_1_200' title='bbox 671 2066 710 2098; x_wconf 73' lang='lat' dir='ltr'><strong>in</strong></span> <span class='ocrx_word' id='word_1_201' title='bbox 744 2066 847 2099; x_wconf 76' lang='lat' dir='ltr'><strong>insu-</strong></span> 
     </span>
     <span class='ocr_line' id='line_1_32' title="bbox 132 2113 846 2158; baseline -0.003 -9"><span class='ocrx_word' id='word_1_202' title='bbox 132 2114 206 2149; x_wconf 80' lang='lat' dir='ltr'><strong>lam</strong></span> <span class='ocrx_word' id='word_1_203' title='bbox 231 2113 367 2149; x_wconf 81' lang='lat' dir='ltr'><strong>Graece</strong></span> <span class='ocrx_word' id='word_1_204' title='bbox 396 2119 451 2148; x_wconf 88' lang='lat' dir='ltr'><strong>est</strong></span> <span class='ocrx_word' id='word_1_205' title='bbox 478 2116 517 2154; x_wconf 75' lang='grc' dir='ltr'><strong>ἐς</strong></span> <span class='ocrx_word' id='word_1_206' title='bbox 542 2128 608 2158; x_wconf 75' lang='grc' dir='ltr'><strong>την</strong></span> <span class='ocrx_word' id='word_1_207' title='bbox 635 2128 676 2156; x_wconf 77' lang='grc' dir='ltr'><strong>γι,</strong></span> <span class='ocrx_word' id='word_1_208' title='bbox 687 2125 781 2157; x_wconf 79' lang='grc' dir='ltr'><em>σον,</em></span> <span class='ocrx_word' id='word_1_209' title='bbox 812 2115 846 2147; x_wconf 90' lang='lat' dir='ltr'><strong>h.</strong></span> 
     </span>
     <span class='ocr_line' id='line_1_33' title="bbox 131 2161 847 2207; baseline -0.001 -10"><span class='ocrx_word' id='word_1_210' title='bbox 131 2174 164 2197; x_wconf 87' lang='lat' dir='ltr'><strong>e.</strong></span> <span class='ocrx_word' id='word_1_211' title='bbox 191 2164 228 2196; x_wconf 90' lang='lat' dir='ltr'><strong>in</strong></span> <span class='ocrx_word' id='word_1_212' title='bbox 254 2162 410 2197; x_wconf 89' lang='lat' dir='ltr'><strong>insulam</strong></span> <span class='ocrx_word' id='word_1_213' title='bbox 437 2162 654 2196; x_wconf 89' lang='lat' dir='ltr'><strong>Batavorum</strong></span> <span class='ocrx_word' id='word_1_214' title='bbox 670 2188 679 2204; x_wconf 89' lang='lat'><strong>,</strong></span> <span class='ocrx_word' id='word_1_215' title='bbox 707 2161 751 2196; x_wconf 87' lang='lat' dir='ltr'><strong>de</strong></span> <span class='ocrx_word' id='word_1_216' title='bbox 778 2173 847 2207; x_wconf 86' lang='lat' dir='ltr'><strong>qua</strong></span> 
     </span>
     <span class='ocr_line' id='line_1_34' title="bbox 128 2210 847 2254; baseline -0.007 -9"><span class='ocrx_word' id='word_1_217' title='bbox 128 2221 164 2245; x_wconf 83' lang='lat' dir='ltr'><strong>v.</strong></span> <span class='ocrx_word' id='word_1_218' title='bbox 190 2211 222 2245; x_wconf 91' lang='lat'><strong>11</strong></span> <span class='ocrx_word' id='word_1_219' title='bbox 245 2211 281 2254; x_wconf 87' lang='lat'><strong>6,</strong></span> <span class='ocrx_word' id='word_1_220' title='bbox 302 2211 345 2245; x_wconf 84' lang='grc' dir='ltr'><strong>Η.</strong></span> <span class='ocrx_word' id='word_1_221' title='bbox 372 2210 417 2245; x_wconf 92' lang='lat' dir='ltr'><strong>lv</strong></span> <span class='ocrx_word' id='word_1_222' title='bbox 448 2213 504 2247; x_wconf 80' lang='lat'><strong>12.</strong></span> <span class='ocrx_word' id='word_1_223' title='bbox 531 2211 584 2245; x_wconf 89' lang='lat' dir='ltr'><strong>Eo</strong></span> <span class='ocrx_word' id='word_1_224' title='bbox 601 2210 728 2244; x_wconf 85' lang='lat' dir='ltr'><strong>Civilis</strong></span> <span class='ocrx_word' id='word_1_225' title='bbox 757 2221 847 2245; x_wconf 85' lang='lat' dir='ltr'><strong>con-</strong></span> 
     </span>
     <span class='ocr_line' id='line_1_35' title="bbox 129 2259 847 2294; baseline -0.001 0"><span class='ocrx_word' id='word_1_226' title='bbox 129 2261 239 2294; x_wconf 78' lang='lat' dir='ltr'><strong>cessit</strong></span> <span class='ocrx_word' id='word_1_227' title='bbox 274 2261 426 2293; x_wconf 89' lang='lat' dir='ltr'><strong>traiecto</strong></span> <span class='ocrx_word' id='word_1_228' title='bbox 462 2270 566 2293; x_wconf 88' lang='lat' dir='ltr'><strong>amne</strong></span> <span class='ocrx_word' id='word_1_229' title='bbox 602 2259 730 2293; x_wconf 77' lang='lat' dir='ltr'><strong>Vahali</strong></span> <span class='ocrx_word' id='word_1_230' title='bbox 769 2261 847 2293; x_wconf 90' lang='lat' dir='ltr'><strong>sive</strong></span> 
     </span>
     <span class='ocr_line' id='line_1_36' title="bbox 131 2307 847 2352; baseline 0 -12"><span class='ocrx_word' id='word_1_231' title='bbox 131 2310 189 2352; x_wconf 85' lang='lat' dir='ltr'><strong>(ut</strong></span> <span class='ocrx_word' id='word_1_232' title='bbox 214 2316 314 2341; x_wconf 87' lang='lat' dir='ltr'><strong>more</strong></span> <span class='ocrx_word' id='word_1_233' title='bbox 339 2307 501 2341; x_wconf 84' lang='lat' dir='ltr'><strong>Tacitino</strong></span> <span class='ocrx_word' id='word_1_234' title='bbox 528 2307 662 2352; x_wconf 85' lang='lat' dir='ltr'><strong>dicam)</strong></span> <span class='ocrx_word' id='word_1_235' title='bbox 699 2307 847 2340; x_wconf 76' lang='lat' dir='ltr'><strong>Rheno.-</strong></span> 
     </span>
     <span class='ocr_line' id='line_1_37' title="bbox 134 2354 847 2399; baseline 0 -11"><span class='ocrx_word' id='word_1_236' title='bbox 134 2357 212 2399; x_wconf 80' lang='lat' dir='ltr'><strong>ipse</strong></span> <span class='ocrx_word' id='word_1_237' title='bbox 239 2357 335 2390; x_wconf 87' lang='lat' dir='ltr'><strong>enim</strong></span> <span class='ocrx_word' id='word_1_238' title='bbox 360 2354 457 2395; x_wconf 86' lang='lat' dir='ltr'><strong>hunc</strong></span> <span class='ocrx_word' id='word_1_239' title='bbox 484 2366 623 2389; x_wconf 89' lang='lat' dir='ltr'><strong>amnem</strong></span> <span class='ocrx_word' id='word_1_240' title='bbox 650 2365 694 2388; x_wconf 83' lang='lat' dir='ltr'><strong>ex</strong></span> <span class='ocrx_word' id='word_1_241' title='bbox 721 2355 847 2389; x_wconf 84' lang='lat' dir='ltr'><strong>Rheno</strong></span> 
     </span>
     <span class='ocr_line' id='line_1_38' title="bbox 131 2401 845 2445; baseline 0 -8"><span class='ocrx_word' id='word_1_242' title='bbox 131 2403 302 2438; x_wconf 84' lang='lat' dir='ltr'><strong>fluentem</strong></span> <span class='ocrx_word' id='word_1_243' title='bbox 331 2403 489 2438; x_wconf 72' lang='lat' dir='ltr'><strong>Rhenum</strong></span> <span class='ocrx_word' id='word_1_244' title='bbox 516 2407 622 2437; x_wconf 88' lang='lat' dir='ltr'><strong>vocat</strong></span> <span class='ocrx_word' id='word_1_245' title='bbox 662 2401 710 2444; x_wconf 87' lang='lat' dir='ltr'><strong>(ll</strong></span> <span class='ocrx_word' id='word_1_246' title='bbox 736 2402 776 2445; x_wconf 87' lang='lat'><strong>6,</strong></span> <span class='ocrx_word' id='word_1_247' title='bbox 803 2403 845 2437; x_wconf 82' lang='lat' dir='ltr'><strong>ll.</strong></span> 
     </span>
     <span class='ocr_line' id='line_1_39' title="bbox 137 2450 847 2498; baseline -0.003 -12"><span class='ocrx_word' id='word_1_248' title='bbox 137 2452 167 2486; x_wconf 87' lang='lat' dir='ltr'>V</span> <span class='ocrx_word' id='word_1_249' title='bbox 197 2452 240 2487; x_wconf 82' lang='lat'><strong>¹9</strong></span> <span class='ocrx_word' id='word_1_250' title='bbox 264 2451 334 2494; x_wconf 84' lang='lat' dir='ltr'><strong>bis,</strong></span> <span class='ocrx_word' id='word_1_251' title='bbox 355 2450 442 2485; x_wconf 90' lang='lat' dir='ltr'><strong>ibid.</strong></span> <span class='ocrx_word' id='word_1_252' title='bbox 473 2452 538 2498; x_wconf 81' lang='lat'><strong>23)</strong></span> <span class='ocrx_word' id='word_1_253' title='bbox 556 2478 566 2494; x_wconf 92' lang='lat'>‚</span> <span class='ocrx_word' id='word_1_254' title='bbox 612 2450 755 2485; x_wconf 71' lang='lat' dir='ltr'><strong>Vahalis</strong></span> <span class='ocrx_word' id='word_1_255' title='bbox 780 2462 847 2484; x_wconf 85' lang='lat' dir='ltr'><strong>au-</strong></span> 
     </span>
     <span class='ocr_line' id='line_1_40' title="bbox 130 2499 845 2545; baseline -0.001 -12"><span class='ocrx_word' id='word_1_256' title='bbox 130 2505 204 2535; x_wconf 81' lang='lat' dir='ltr'><strong>tem</strong></span> <span class='ocrx_word' id='word_1_257' title='bbox 221 2510 351 2534; x_wconf 82' lang='lat' dir='ltr'><strong>nomen</strong></span> <span class='ocrx_word' id='word_1_258' title='bbox 371 2499 504 2534; x_wconf 80' lang='lat' dir='ltr'><strong>accolis</strong></span> <span class='ocrx_word' id='word_1_259' title='bbox 528 2499 702 2544; x_wconf 87' lang='lat' dir='ltr'><strong>relinquit</strong></span> <span class='ocrx_word' id='word_1_260' title='bbox 723 2499 770 2545; x_wconf 74' lang='grc' dir='ltr'><strong>(ΙΙ</strong></span> <span class='ocrx_word' id='word_1_261' title='bbox 789 2500 845 2545; x_wconf 86' lang='grc'><strong>6).</strong></span> 
     </span>
    </p>

    <p class='ocr_par' dir='ltr' id='par_1_21' title="bbox 132 2547 847 2632">
     <span class='ocr_line' id='line_1_41' title="bbox 195 2547 847 2595; baseline -0.003 -13"><span class='ocrx_word' id='word_1_262' title='bbox 195 2548 380 2594; x_wconf 73' lang='lat' dir='ltr'><strong>efficiendo</strong></span> <span class='ocrx_word' id='word_1_263' title='bbox 403 2549 527 2595; x_wconf 76' lang='lat' dir='ltr'><strong>ponti:</strong></span> <span class='ocrx_word' id='word_1_264' title='bbox 557 2547 724 2582; x_wconf 80' lang='lat' dir='ltr'><strong>faciendo</strong></span> <span class='ocrx_word' id='word_1_265' title='bbox 751 2553 847 2581; x_wconf 87' lang='lat' dir='ltr'><strong>trans</strong></span> 
     </span>
     <span class='ocr_line' id='line_1_42' title="bbox 132 2596 319 2632; baseline 0.005 -1"><span class='ocrx_word' id='word_1_266' title='bbox 132 2596 319 2632; x_wconf 80' lang='lat' dir='ltr'><strong>Vahalem.</strong></span> 
     </span>
    </p>

    <p class='ocr_par' dir='ltr' id='par_1_22' title="bbox 131 2645 847 2736">
     <span class='ocr_line' id='line_1_43' title="bbox 203 2645 847 2688; baseline -0.003 -9"><span class='ocrx_word' id='word_1_267' title='bbox 203 2646 330 2679; x_wconf 69' lang='lat' dir='ltr'><strong>molem</strong></span> <span class='ocrx_word' id='word_1_268' title='bbox 356 2657 380 2679; x_wconf 87' lang='lat' dir='ltr'><strong>a</strong></span> <span class='ocrx_word' id='word_1_269' title='bbox 406 2645 523 2679; x_wconf 78' lang='lat' dir='ltr'><strong>Druso</strong></span> <span class='ocrx_word' id='word_1_270' title='bbox 548 2645 759 2679; x_wconf 79' lang='lat' dir='ltr'><strong>Germanico</strong></span> <span class='ocrx_word' id='word_1_271' title='bbox 784 2646 847 2688; x_wconf 80' lang='lat' dir='ltr'><strong>fa-</strong></span> 
     </span>
     <span class='ocr_line' id='line_1_44' title="bbox 131 2693 846 2736; baseline -0.004 -8"><span class='ocrx_word' id='word_1_272' title='bbox 131 2700 248 2728; x_wconf 82' lang='lat' dir='ltr'><strong>ctam:</strong></span> <span class='ocrx_word' id='word_1_273' title='bbox 284 2694 380 2727; x_wconf 80' lang='lat' dir='ltr'><strong>facta</strong></span> <span class='ocrx_word' id='word_1_274' title='bbox 411 2698 511 2736; x_wconf 87' lang='lat' dir='ltr'><strong>erat,</strong></span> <span class='ocrx_word' id='word_1_275' title='bbox 558 2704 605 2726; x_wconf 91' lang='lat' dir='ltr'><strong>ne</strong></span> <span class='ocrx_word' id='word_1_276' title='bbox 646 2693 756 2726; x_wconf 87' lang='lat' dir='ltr'><strong>nimia</strong></span> <span class='ocrx_word' id='word_1_277' title='bbox 791 2693 846 2725; x_wconf 88' lang='lat' dir='ltr'><strong>vis</strong></span> 
     </span>
    </p>
   </div>
   <div class='ocr_carea' id='block_1_19' title="bbox 94 2740 846 2787">
    <p class='ocr_par' dir='ltr' id='par_1_23' title="bbox 94 2740 846 2787">
     <span class='ocr_line' id='line_1_45' title="bbox 94 2740 846 2787; baseline -0.003 -11"><span class='ocrx_word' id='word_1_278' title='bbox 94 2783 102 2787; x_wconf 88' lang='lat'><strong>.</strong></span> <span class='ocrx_word' id='word_1_279' title='bbox 131 2752 246 2787; x_wconf 88' lang='lat' dir='ltr'><strong>aquae</strong></span> <span class='ocrx_word' id='word_1_280' title='bbox 282 2751 327 2775; x_wconf 81' lang='lat' dir='ltr'><strong>ex</strong></span> <span class='ocrx_word' id='word_1_281' title='bbox 353 2741 479 2775; x_wconf 86' lang='lat' dir='ltr'><strong>Rheno</strong></span> <span class='ocrx_word' id='word_1_282' title='bbox 514 2742 549 2773; x_wconf 93' lang='lat' dir='ltr'><strong>in</strong></span> <span class='ocrx_word' id='word_1_283' title='bbox 577 2740 747 2774; x_wconf 79' lang='lat' dir='ltr'><strong>Vahalem</strong></span> <span class='ocrx_word' id='word_1_284' title='bbox 788 2741 846 2774; x_wconf 85' lang='lat' dir='ltr'><strong>ef-</strong></span> 
     </span>
    </p>
   </div>
   <div class='ocr_carea' id='block_1_20' title="bbox 131 2789 847 3030">
    <p class='ocr_par' dir='ltr' id='par_1_24' title="bbox 131 2789 847 3030">
     <span class='ocr_line' id='line_1_46' title="bbox 132 2789 844 2833; baseline -0.003 -9"><span class='ocrx_word' id='word_1_285' title='bbox 132 2789 355 2833; x_wconf 74' lang='lat' dir='ltr'><strong>funderetur,</strong></span> <span class='ocrx_word' id='word_1_286' title='bbox 381 2794 419 2822; x_wconf 89' lang='lat' dir='ltr'><strong>ut</strong></span> <span class='ocrx_word' id='word_1_287' title='bbox 441 2789 537 2823; x_wconf 88' lang='lat' dir='ltr'><strong>bona</strong></span> <span class='ocrx_word' id='word_1_288' title='bbox 564 2799 645 2833; x_wconf 90' lang='lat' dir='ltr'><strong>pars</strong></span> <span class='ocrx_word' id='word_1_289' title='bbox 671 2798 844 2832; x_wconf 87' lang='lat' dir='ltr'><strong>superes-</strong></span> 
     </span>
     <span class='ocr_line' id='line_1_47' title="bbox 131 2837 846 2883; baseline -0.001 -11"><span class='ocrx_word' id='word_1_290' title='bbox 131 2843 212 2880; x_wconf 84' lang='lat' dir='ltr'><strong>set,</strong></span> <span class='ocrx_word' id='word_1_291' title='bbox 243 2848 336 2883; x_wconf 87' lang='lat' dir='ltr'><strong>quae</strong></span> <span class='ocrx_word' id='word_1_292' title='bbox 369 2843 406 2871; x_wconf 84' lang='lat' dir='ltr'><strong>et</strong></span> <span class='ocrx_word' id='word_1_293' title='bbox 430 2837 652 2871; x_wconf 85' lang='lat' dir='ltr'><strong>Germaniam</strong></span> <span class='ocrx_word' id='word_1_294' title='bbox 690 2847 846 2881; x_wconf 87' lang='lat' dir='ltr'><strong>praeve-</strong></span> 
     </span>
     <span class='ocr_line' id='line_1_48' title="bbox 134 2885 846 2929; baseline -0.004 -9"><span class='ocrx_word' id='word_1_295' title='bbox 134 2885 253 2920; x_wconf 90' lang='lat' dir='ltr'><strong>hendo</strong></span> <span class='ocrx_word' id='word_1_296' title='bbox 280 2885 428 2921; x_wconf 85' lang='lat' dir='ltr'><strong>Oceano</strong></span> <span class='ocrx_word' id='word_1_297' title='bbox 455 2887 686 2928; x_wconf 81' lang='lat' dir='ltr'><strong>misceretur,</strong></span> <span class='ocrx_word' id='word_1_298' title='bbox 717 2890 753 2919; x_wconf 89' lang='lat' dir='ltr'><strong>et</strong></span> <span class='ocrx_word' id='word_1_299' title='bbox 782 2895 846 2929; x_wconf 86' lang='lat' dir='ltr'><strong>per</strong></span> 
     </span>
     <span class='ocr_line' id='line_1_49' title="bbox 132 2933 847 2980; baseline -0.004 -11"><span class='ocrx_word' id='word_1_300' title='bbox 132 2934 264 2969; x_wconf 79' lang='lat' dir='ltr'><strong>fossam</strong></span> <span class='ocrx_word' id='word_1_301' title='bbox 291 2934 503 2968; x_wconf 84' lang='lat' dir='ltr'><strong>Drusianam</strong></span> <span class='ocrx_word' id='word_1_302' title='bbox 531 2933 660 2980; x_wconf 80' lang='lat' dir='ltr'><strong>(Yssel)</strong></span> <span class='ocrx_word' id='word_1_303' title='bbox 687 2933 847 2973; x_wconf 90' lang='lat' dir='ltr'><strong>inlacus</strong></span> 
     </span>
     <span class='ocr_line' id='line_1_50' title="bbox 132 2981 847 3030; baseline -0.004 -11"><span class='ocrx_word' id='word_1_304' title='bbox 132 2984 220 3019; x_wconf 88' lang='lat' dir='ltr'><strong>mari</strong></span> <span class='ocrx_word' id='word_1_305' title='bbox 246 2983 387 3018; x_wconf 86' lang='lat' dir='ltr'><strong>vicinos</strong></span> <span class='ocrx_word' id='word_1_306' title='bbox 411 2982 687 3030; x_wconf 82' lang='lat' dir='ltr'><strong>(Zuyder-See)</strong></span> <span class='ocrx_word' id='word_1_307' title='bbox 715 2981 847 3016; x_wconf 80' lang='lat' dir='ltr'><strong>efflue-</strong></span> 
     </span>
    </p>
   </div>
   <div class='ocr_carea' id='block_1_21' title="bbox 915 1771 1635 3024">
    <p class='ocr_par' dir='ltr' id='par_1_25' title="bbox 915 1771 1635 2726">
     <span class='ocr_line' id='line_1_51' title="bbox 917 1771 1634 1816; baseline -0.003 -10"><span class='ocrx_word' id='word_1_308' title='bbox 917 1776 983 1806; x_wconf 87' lang='lat' dir='ltr'><strong>ret.</strong></span> <span class='ocrx_word' id='word_1_309' title='bbox 1035 1772 1087 1805; x_wconf 88' lang='lat' dir='ltr'><strong>Ea</strong></span> <span class='ocrx_word' id='word_1_310' title='bbox 1112 1771 1252 1815; x_wconf 90' lang='lat' dir='ltr'><strong>moles,</strong></span> <span class='ocrx_word' id='word_1_311' title='bbox 1287 1771 1383 1806; x_wconf 80' lang='lat' dir='ltr'><strong>facta</strong></span> <span class='ocrx_word' id='word_1_312' title='bbox 1417 1771 1460 1805; x_wconf 89' lang='lat' dir='ltr'><strong>ad</strong></span> <span class='ocrx_word' id='word_1_313' title='bbox 1495 1771 1634 1816; x_wconf 89' lang='lat' dir='ltr'><strong>princi-</strong></span> 
     </span>
     <span class='ocr_line' id='line_1_52' title="bbox 919 1820 1634 1865; baseline -0.001 -11"><span class='ocrx_word' id='word_1_314' title='bbox 919 1823 1013 1865; x_wconf 90' lang='lat' dir='ltr'><strong>pium</strong></span> <span class='ocrx_word' id='word_1_315' title='bbox 1054 1820 1227 1864; x_wconf 84' lang='lat' dir='ltr'><strong>Vahalis,</strong></span> <span class='ocrx_word' id='word_1_316' title='bbox 1283 1826 1469 1865; x_wconf 82' lang='lat' dir='ltr'><strong>postquam</strong></span> <span class='ocrx_word' id='word_1_317' title='bbox 1517 1821 1634 1854; x_wconf 88' lang='lat' dir='ltr'><strong>diruta</strong></span> 
     </span>
     <span class='ocr_line' id='line_1_53' title="bbox 918 1868 1633 1915; baseline -0.003 -12"><span class='ocrx_word' id='word_1_318' title='bbox 918 1875 1016 1913; x_wconf 83' lang='lat' dir='ltr'><strong>erat,</strong></span> <span class='ocrx_word' id='word_1_319' title='bbox 1045 1869 1190 1903; x_wconf 83' lang='lat' dir='ltr'><strong>Rhenus</strong></span> <span class='ocrx_word' id='word_1_320' title='bbox 1217 1869 1406 1915; x_wconf 83' lang='lat' dir='ltr'><strong>(Vahalis)</strong></span> <span class='ocrx_word' id='word_1_321' title='bbox 1443 1869 1490 1902; x_wconf 81' lang='lat' dir='ltr'><strong>ad</strong></span> <span class='ocrx_word' id='word_1_322' title='bbox 1516 1868 1633 1903; x_wconf 82' lang='lat' dir='ltr'><strong>Galli-</strong></span> 
     </span>
     <span class='ocr_line' id='line_1_54' title="bbox 920 1917 1634 1963; baseline -0.001 -12"><span class='ocrx_word' id='word_1_323' title='bbox 920 1929 996 1951; x_wconf 82' lang='lat' dir='ltr'><strong>cum</strong></span> <span class='ocrx_word' id='word_1_324' title='bbox 1023 1919 1139 1963; x_wconf 83' lang='lat' dir='ltr'><strong>ripam</strong></span> <span class='ocrx_word' id='word_1_325' title='bbox 1166 1928 1251 1961; x_wconf 87' lang='lat' dir='ltr'><strong>non,</strong></span> <span class='ocrx_word' id='word_1_326' title='bbox 1272 1922 1310 1950; x_wconf 84' lang='lat' dir='ltr'><strong>ut</strong></span> <span class='ocrx_word' id='word_1_327' title='bbox 1335 1922 1432 1959; x_wconf 85' lang='lat' dir='ltr'><strong>ante,</strong></span> <span class='ocrx_word' id='word_1_328' title='bbox 1455 1917 1634 1963; x_wconf 78' lang='lat' dir='ltr'><strong>placidior</strong></span> 
     </span>
     <span class='ocr_line' id='line_1_55' title="bbox 917 1966 1633 2011; baseline -0.001 -12"><span class='ocrx_word' id='word_1_329' title='bbox 917 1967 1083 2011; x_wconf 76' lang='lat' dir='ltr'><strong>affluebat</strong></span> <span class='ocrx_word' id='word_1_330' title='bbox 1110 1966 1162 2011; x_wconf 87' lang='lat' dir='ltr'><strong>(ll</strong></span> <span class='ocrx_word' id='word_1_331' title='bbox 1187 1966 1257 2009; x_wconf 86' lang='lat'><strong>6),</strong></span> <span class='ocrx_word' id='word_1_332' title='bbox 1286 1966 1348 2000; x_wconf 89' lang='lat' dir='ltr'><strong>sed</strong></span> <span class='ocrx_word' id='word_1_333' title='bbox 1376 1967 1453 2010; x_wconf 90' lang='lat' dir='ltr'><strong>ipse</strong></span> <span class='ocrx_word' id='word_1_334' title='bbox 1478 1968 1633 2000; x_wconf 89' lang='lat' dir='ltr'><strong>immen-</strong></span> 
     </span>
     <span class='ocr_line' id='line_1_56' title="bbox 915 2014 1633 2060; baseline 0.001 -13"><span class='ocrx_word' id='word_1_335' title='bbox 915 2026 992 2048; x_wconf 90' lang='lat' dir='ltr'><strong>sum</strong></span> <span class='ocrx_word' id='word_1_336' title='bbox 1013 2020 1138 2049; x_wconf 88' lang='lat' dir='ltr'><strong>auctus</strong></span> <span class='ocrx_word' id='word_1_337' title='bbox 1166 2020 1235 2048; x_wconf 91' lang='lat' dir='ltr'><strong>tam</strong></span> <span class='ocrx_word' id='word_1_338' title='bbox 1263 2016 1297 2048; x_wconf 85' lang='lat' dir='ltr'><strong>ei</strong></span> <span class='ocrx_word' id='word_1_339' title='bbox 1312 2014 1438 2048; x_wconf 84' lang='lat' dir='ltr'><strong>Rheno</strong></span> <span class='ocrx_word' id='word_1_340' title='bbox 1465 2016 1524 2060; x_wconf 88' lang='lat' dir='ltr'><strong>qui</strong></span> <span class='ocrx_word' id='word_1_341' title='bbox 1541 2015 1633 2048; x_wconf 89' lang='lat' dir='ltr'><strong>Ger-</strong></span> 
     </span>
     <span class='ocr_line' id='line_1_57' title="bbox 918 2062 1633 2108; baseline 0 -12"><span class='ocrx_word' id='word_1_342' title='bbox 918 2065 1068 2097; x_wconf 88' lang='lat' dir='ltr'><strong>maniam</strong></span> <span class='ocrx_word' id='word_1_343' title='bbox 1106 2062 1328 2108; x_wconf 84' lang='lat' dir='ltr'><strong>praelabitur</strong></span> <span class='ocrx_word' id='word_1_344' title='bbox 1366 2074 1470 2108; x_wconf 90' lang='lat' dir='ltr'><strong>quam</strong></span> <span class='ocrx_word' id='word_1_345' title='bbox 1512 2063 1633 2097; x_wconf 76' lang='lat' dir='ltr'><strong>fossae</strong></span> 
     </span>
     <span class='ocr_line' id='line_1_58' title="bbox 916 2111 1632 2156; baseline 0.003 -12"><span class='ocrx_word' id='word_1_346' title='bbox 916 2111 1115 2146; x_wconf 85' lang='lat' dir='ltr'><strong>Drusianae</strong></span> <span class='ocrx_word' id='word_1_347' title='bbox 1161 2112 1285 2156; x_wconf 88' lang='lat' dir='ltr'><strong>copias</strong></span> <span class='ocrx_word' id='word_1_348' title='bbox 1323 2122 1404 2145; x_wconf 90' lang='lat' dir='ltr'><strong>suas</strong></span> <span class='ocrx_word' id='word_1_349' title='bbox 1445 2112 1632 2146; x_wconf 78' lang='lat' dir='ltr'><strong>subtraxit.</strong></span> 
     </span>
     <span class='ocr_line' id='line_1_59' title="bbox 916 2160 1633 2206; baseline 0 -12"><span class='ocrx_word' id='word_1_350' title='bbox 916 2161 1132 2206; x_wconf 78' lang='lat' dir='ltr'><strong>intelliges,</strong></span> <span class='ocrx_word' id='word_1_351' title='bbox 1184 2160 1325 2203; x_wconf 83' lang='lat' dir='ltr'><strong>lector,</strong></span> <span class='ocrx_word' id='word_1_352' title='bbox 1364 2160 1523 2194; x_wconf 80' lang='lat' dir='ltr'><strong>Tacitum</strong></span> <span class='ocrx_word' id='word_1_353' title='bbox 1564 2161 1633 2194; x_wconf 90' lang='lat' dir='ltr'><strong>sibi</strong></span> 
     </span>
     <span class='ocr_line' id='line_1_60' title="bbox 917 2209 1633 2253; baseline -0.001 -10"><span class='ocrx_word' id='word_1_354' title='bbox 917 2215 1108 2253; x_wconf 84' lang='lat' dir='ltr'><strong>constare,</strong></span> <span class='ocrx_word' id='word_1_355' title='bbox 1143 2220 1222 2243; x_wconf 88' lang='lat' dir='ltr'><strong>cum</strong></span> <span class='ocrx_word' id='word_1_356' title='bbox 1255 2209 1292 2242; x_wconf 85' lang='lat' dir='ltr'><strong>h.</strong></span> <span class='ocrx_word' id='word_1_357' title='bbox 1324 2209 1347 2242; x_wconf 91' lang='lat' dir='ltr'><strong>l.</strong></span> <span class='ocrx_word' id='word_1_358' title='bbox 1382 2209 1506 2242; x_wconf 85' lang='lat' dir='ltr'><strong>scribit</strong></span> <span class='ocrx_word' id='word_1_359' title='bbox 1533 2209 1633 2243; x_wconf 73' lang='lat' dir='ltr'><strong>Rhe-</strong></span> 
     </span>
     <span class='ocr_line' id='line_1_61' title="bbox 915 2256 1630 2303; baseline 0 -13"><span class='ocrx_word' id='word_1_360' title='bbox 915 2269 1064 2302; x_wconf 77' lang='lat' dir='ltr'><strong>numque</strong></span> <span class='ocrx_word' id='word_1_361' title='bbox 1092 2256 1299 2303; x_wconf 76' lang='lat' dir='ltr'><strong>(Vahalem)</strong></span> <span class='ocrx_word' id='word_1_362' title='bbox 1324 2268 1436 2302; x_wconf 83' lang='lat' dir='ltr'><strong>prono</strong></span> <span class='ocrx_word' id='word_1_363' title='bbox 1464 2257 1563 2290; x_wconf 76' lang='lat' dir='ltr'><strong>atreo</strong></span> <span class='ocrx_word' id='word_1_364' title='bbox 1592 2258 1630 2290; x_wconf 76' lang='lat' dir='ltr'><strong>in</strong></span> 
     </span>
     <span class='ocr_line' id='line_1_62' title="bbox 918 2305 1632 2346; baseline 0 -8"><span class='ocrx_word' id='word_1_365' title='bbox 918 2306 1071 2339; x_wconf 81' lang='lat' dir='ltr'><strong>Galliam</strong></span> <span class='ocrx_word' id='word_1_366' title='bbox 1110 2311 1285 2346; x_wconf 80' lang='lat' dir='ltr'><strong>ruentem,</strong></span> <span class='ocrx_word' id='word_1_367' title='bbox 1329 2305 1443 2338; x_wconf 89' lang='lat' dir='ltr'><strong>sicubi</strong></span> <span class='ocrx_word' id='word_1_368' title='bbox 1481 2305 1632 2338; x_wconf 87' lang='lat' dir='ltr'><strong>disiecta</strong></span> 
     </span>
     <span class='ocr_line' id='line_1_63' title="bbox 916 2352 1632 2398; baseline 0.001 -12"><span class='ocrx_word' id='word_1_369' title='bbox 916 2359 1017 2386; x_wconf 87' lang='lat' dir='ltr'><strong>erant</strong></span> <span class='ocrx_word' id='word_1_370' title='bbox 1041 2364 1134 2398; x_wconf 88' lang='lat' dir='ltr'><strong>quae</strong></span> <span class='ocrx_word' id='word_1_371' title='bbox 1158 2352 1389 2386; x_wconf 87' lang='lat' dir='ltr'><strong>morabantur</strong></span> <span class='ocrx_word' id='word_1_372' title='bbox 1405 2380 1414 2395; x_wconf 92' lang='lat'><strong>,</strong></span> <span class='ocrx_word' id='word_1_373' title='bbox 1445 2355 1479 2386; x_wconf 91' lang='lat' dir='ltr'><strong>in</strong></span> <span class='ocrx_word' id='word_1_374' title='bbox 1505 2354 1632 2387; x_wconf 86' lang='lat' dir='ltr'><strong>Anna-</strong></span> 
     </span>
     <span class='ocr_line' id='line_1_64' title="bbox 925 2401 1634 2447; baseline 0.001 -13"><span class='ocrx_word' id='word_1_375' title='bbox 925 2401 1019 2434; x_wconf 89' lang='lat' dir='ltr'><strong>libus</strong></span> <span class='ocrx_word' id='word_1_376' title='bbox 1056 2401 1175 2447; x_wconf 84' lang='lat'>(116)</span> <span class='ocrx_word' id='word_1_377' title='bbox 1208 2405 1326 2435; x_wconf 90' lang='lat' dir='ltr'><strong>autem</strong></span> <span class='ocrx_word' id='word_1_378' title='bbox 1371 2402 1419 2434; x_wconf 79' lang='lat' dir='ltr'><strong>ad</strong></span> <span class='ocrx_word' id='word_1_379' title='bbox 1457 2401 1634 2435; x_wconf 78' lang='lat' dir='ltr'><strong>Gallicam</strong></span> 
     </span>
     <span class='ocr_line' id='line_1_65' title="bbox 917 2449 1633 2495; baseline 0.003 -13"><span class='ocrx_word' id='word_1_380' title='bbox 917 2452 1030 2495; x_wconf 79' lang='lat' dir='ltr'><strong>ripam</strong></span> <span class='ocrx_word' id='word_1_381' title='bbox 1055 2450 1163 2483; x_wconf 79' lang='lat' dir='ltr'><strong>latior</strong></span> <span class='ocrx_word' id='word_1_382' title='bbox 1196 2456 1228 2483; x_wconf 78' lang='lat' dir='ltr'><strong>et</strong></span> <span class='ocrx_word' id='word_1_383' title='bbox 1258 2449 1439 2494; x_wconf 76' lang='lat' dir='ltr'><strong>placidior</strong></span> <span class='ocrx_word' id='word_1_384' title='bbox 1475 2450 1633 2495; x_wconf 74' lang='lat' dir='ltr'><strong>adfluens</strong></span> 
     </span>
     <span class='ocr_line' id='line_1_66' title="bbox 915 2498 1631 2543; baseline 0.001 -12"><span class='ocrx_word' id='word_1_385' title='bbox 915 2509 1013 2543; x_wconf 89' lang='lat' dir='ltr'><strong>sqq.:</strong></span> <span class='ocrx_word' id='word_1_386' title='bbox 1040 2498 1089 2531; x_wconf 91' lang='lat' dir='ltr'><strong>ibi</strong></span> <span class='ocrx_word' id='word_1_387' title='bbox 1117 2499 1210 2531; x_wconf 90' lang='lat' dir='ltr'><strong>enim</strong></span> <span class='ocrx_word' id='word_1_388' title='bbox 1239 2509 1320 2531; x_wconf 85' lang='lat' dir='ltr'><strong>eum</strong></span> <span class='ocrx_word' id='word_1_389' title='bbox 1345 2504 1475 2532; x_wconf 88' lang='lat' dir='ltr'><strong>statum</strong></span> <span class='ocrx_word' id='word_1_390' title='bbox 1502 2509 1631 2543; x_wconf 84' lang='lat' dir='ltr'><strong>respe-</strong></span> 
     </span>
     <span class='ocr_line' id='line_1_67' title="bbox 916 2546 1629 2591; baseline 0.003 -12"><span class='ocrx_word' id='word_1_391' title='bbox 916 2548 990 2589; x_wconf 82' lang='lat' dir='ltr'><strong>xit,</strong></span> <span class='ocrx_word' id='word_1_392' title='bbox 1039 2547 1099 2591; x_wconf 89' lang='lat' dir='ltr'><strong>qui</strong></span> <span class='ocrx_word' id='word_1_393' title='bbox 1127 2546 1233 2579; x_wconf 91' lang='lat' dir='ltr'><strong>Drusi</strong></span> <span class='ocrx_word' id='word_1_394' title='bbox 1261 2556 1371 2590; x_wconf 90' lang='lat' dir='ltr'><strong>opere</strong></span> <span class='ocrx_word' id='word_1_395' title='bbox 1399 2547 1514 2581; x_wconf 83' lang='lat' dir='ltr'><strong>sactus</strong></span> <span class='ocrx_word' id='word_1_396' title='bbox 1542 2552 1629 2581; x_wconf 80' lang='lat' dir='ltr'><strong>erat.</strong></span> 
     </span>
     <span class='ocr_line' id='line_1_68' title="bbox 916 2595 1628 2640; baseline 0 -11"><span class='ocrx_word' id='word_1_397' title='bbox 916 2595 969 2629; x_wconf 87' lang='lat' dir='ltr'><strong>De</strong></span> <span class='ocrx_word' id='word_1_398' title='bbox 1001 2605 1137 2640; x_wconf 88' lang='lat' dir='ltr'><strong>aggere</strong></span> <span class='ocrx_word' id='word_1_399' title='bbox 1165 2595 1271 2629; x_wconf 86' lang='lat' dir='ltr'><strong>Drusi</strong></span> <span class='ocrx_word' id='word_1_400' title='bbox 1311 2597 1409 2629; x_wconf 89' lang='lat' dir='ltr'><strong>iussu</strong></span> <span class='ocrx_word' id='word_1_401' title='bbox 1449 2595 1628 2637; x_wconf 86' lang='lat' dir='ltr'><strong>inchoata,</strong></span> 
     </span>
     <span class='ocr_line' id='line_1_69' title="bbox 915 2643 1635 2687; baseline 0.001 -11"><span class='ocrx_word' id='word_1_402' title='bbox 915 2654 935 2676; x_wconf 89' lang='lat' dir='ltr'><strong>a</strong></span> <span class='ocrx_word' id='word_1_403' title='bbox 968 2643 1117 2677; x_wconf 84' lang='lat' dir='ltr'><strong>Paulino</strong></span> <span class='ocrx_word' id='word_1_404' title='bbox 1158 2643 1328 2687; x_wconf 90' lang='lat' dir='ltr'><strong>Pompeio</strong></span> <span class='ocrx_word' id='word_1_405' title='bbox 1372 2654 1465 2677; x_wconf 87' lang='lat' dir='ltr'><strong>anno</strong></span> <span class='ocrx_word' id='word_1_406' title='bbox 1505 2644 1552 2678; x_wconf 87' lang='lat'><strong>58</strong></span> <span class='ocrx_word' id='word_1_407' title='bbox 1592 2654 1635 2687; x_wconf 65' lang='lat' dir='ltr'><strong>p.</strong></span> 
     </span>
     <span class='ocr_line' id='line_1_70' title="bbox 916 2690 1507 2726; baseline -0.002 -1"><span class='ocrx_word' id='word_1_408' title='bbox 916 2690 999 2725; x_wconf 84' lang='lat' dir='ltr'><strong>Chr.</strong></span> <span class='ocrx_word' id='word_1_409' title='bbox 1027 2692 1192 2725; x_wconf 89' lang='lat' dir='ltr'><strong>absoluto</strong></span> <span class='ocrx_word' id='word_1_410' title='bbox 1220 2691 1316 2726; x_wconf 88' lang='lat' dir='ltr'><strong>conf.</strong></span> <span class='ocrx_word' id='word_1_411' title='bbox 1345 2691 1423 2725; x_wconf 82' lang='lat' dir='ltr'><strong>xttl</strong></span> <span class='ocrx_word' id='word_1_412' title='bbox 1448 2692 1507 2725; x_wconf 80' lang='lat'><strong>53.</strong></span> 
     </span>
    </p>

    <p class='ocr_par' dir='ltr' id='par_1_26' title="bbox 915 2739 1629 3024">
     <span class='ocr_line' id='line_1_71' title="bbox 974 2739 1628 2774; baseline -0.008 0"><span class='ocrx_word' id='word_1_413' title='bbox 974 2741 1086 2774; x_wconf 73' lang='lat' dir='ltr'><strong>tenuis</strong></span> <span class='ocrx_word' id='word_1_414' title='bbox 1112 2741 1232 2774; x_wconf 73' lang='lat' dir='ltr'><strong>alecus</strong></span> <span class='ocrx_word' id='word_1_415' title='bbox 1256 2740 1408 2773; x_wconf 79' lang='lat' dir='ltr'><strong>insulam</strong></span> <span class='ocrx_word' id='word_1_416' title='bbox 1427 2740 1520 2771; x_wconf 76' lang='lat' dir='ltr'><strong>inter</strong></span> <span class='ocrx_word' id='word_1_417' title='bbox 1536 2739 1628 2773; x_wconf 85' lang='lat' dir='ltr'><strong>Ger..</strong></span> 
     </span>
     <span class='ocr_line' id='line_1_72' title="bbox 915 2786 1627 2832; baseline -0.006 -11"><span class='ocrx_word' id='word_1_418' title='bbox 915 2799 1126 2832; x_wconf 78' lang='lat' dir='ltr'><strong>manusque.-</strong></span> <span class='ocrx_word' id='word_1_419' title='bbox 1172 2787 1345 2832; x_wconf 81' lang='lat' dir='ltr'><strong>intelligit</strong></span> <span class='ocrx_word' id='word_1_420' title='bbox 1382 2786 1540 2820; x_wconf 79' lang='lat' dir='ltr'><strong>dextram</strong></span> <span class='ocrx_word' id='word_1_421' title='bbox 1569 2789 1627 2821; x_wconf 85' lang='lat' dir='ltr'><strong>in-</strong></span> 
     </span>
     <span class='ocr_line' id='line_1_73' title="bbox 916 2836 1626 2879; baseline -0.001 -10"><span class='ocrx_word' id='word_1_422' title='bbox 916 2836 1016 2870; x_wconf 87' lang='lat' dir='ltr'><strong>sulae</strong></span> <span class='ocrx_word' id='word_1_423' title='bbox 1051 2841 1187 2879; x_wconf 85' lang='lat' dir='ltr'><strong>partem</strong></span> <span class='ocrx_word' id='word_1_424' title='bbox 1230 2840 1265 2868; x_wconf 85' lang='lat' dir='ltr'><strong>et</strong></span> <span class='ocrx_word' id='word_1_425' title='bbox 1298 2836 1438 2869; x_wconf 81' lang='lat' dir='ltr'><strong>vicinos</strong></span> <span class='ocrx_word' id='word_1_426' title='bbox 1473 2836 1626 2879; x_wconf 87' lang='lat' dir='ltr'><strong>populos</strong></span> 
     </span>
     <span class='ocr_line' id='line_1_74' title="bbox 917 2883 1629 2919; baseline 0.003 -2"><span class='ocrx_word' id='word_1_427' title='bbox 917 2884 1128 2917; x_wconf 76' lang='lat' dir='ltr'><strong>Germaniae</strong></span> <span class='ocrx_word' id='word_1_428' title='bbox 1158 2883 1283 2917; x_wconf 82' lang='lat' dir='ltr'><strong>Rheno</strong></span> <span class='ocrx_word' id='word_1_429' title='bbox 1316 2883 1436 2917; x_wconf 89' lang='lat' dir='ltr'><strong>medio</strong></span> <span class='ocrx_word' id='word_1_430' title='bbox 1469 2888 1504 2917; x_wconf 85' lang='lat' dir='ltr'><strong>et</strong></span> <span class='ocrx_word' id='word_1_431' title='bbox 1531 2884 1629 2919; x_wconf 82' lang='lat' dir='ltr'><strong>rossa</strong></span> 
     </span>
     <span class='ocr_line' id='line_1_75' title="bbox 918 2932 1628 2975; baseline 0.003 -10"><span class='ocrx_word' id='word_1_432' title='bbox 918 2932 1094 2966; x_wconf 88' lang='lat' dir='ltr'><strong>Drusiana</strong></span> <span class='ocrx_word' id='word_1_433' title='bbox 1120 2932 1306 2975; x_wconf 85' lang='lat' dir='ltr'><strong>discretos,</strong></span> <span class='ocrx_word' id='word_1_434' title='bbox 1333 2932 1476 2975; x_wconf 77' lang='lat' dir='ltr'><strong>Frisios,</strong></span> <span class='ocrx_word' id='word_1_435' title='bbox 1505 2932 1628 2967; x_wconf 75' lang='lat' dir='ltr'><strong>Chau-</strong></span> 
     </span>
     <span class='ocr_line' id='line_1_76' title="bbox 916 2981 1219 3024; baseline 0 -9"><span class='ocrx_word' id='word_1_436' title='bbox 916 2992 987 3024; x_wconf 83' lang='lat' dir='ltr'><strong>cos,</strong></span> <span class='ocrx_word' id='word_1_437' title='bbox 1020 2981 1219 3015; x_wconf 80' lang='lat' dir='ltr'><strong>Bructeros.</strong></span> 
     </span>
    </p>
   </div>
  </div>
 </body>
</html>
