<?xml version="1.0" encoding="UTF-8"?>
<!DOCTYPE html PUBLIC "-//W3C//DTD XHTML 1.0 Transitional//EN"
    "http://www.w3.org/TR/xhtml1/DTD/xhtml1-transitional.dtd">
<html xmlns="http://www.w3.org/1999/xhtml" xml:lang="en" lang="en">
 <head>
  <title>
</title>
<meta http-equiv="Content-Type" content="text/html;charset=utf-8" />
  <meta name='ocr-system' content='tesseract 3.04.00' />
  <meta name='ocr-capabilities' content='ocr_page ocr_carea ocr_par ocr_line ocrx_word'/>
</head>
<body>
  <div class='ocr_page' id='page_1' title='image "./operaadcodicesan03taciuoft/operaadcodicesan03taciuoft_0818.png"; bbox 0 0 1768 3216; ppageno 0'>
   <div class='ocr_carea' id='block_1_1' title="bbox 159 230 1666 519">
    <p class='ocr_par' dir='ltr' id='par_1_1' title="bbox 159 230 1666 519">
     <span class='ocr_line' id='line_1_1' title="bbox 159 230 1161 278; baseline 0.002 -11"><span class='ocrx_word' id='word_1_1' title='bbox 159 232 231 278; x_wconf 56' lang='lat'><strong>8⁹79</strong></span> <span class='ocrx_word' id='word_1_2' title='bbox 651 230 792 268; x_wconf 86' lang='lat' dir='ltr'>INDEX</span> <span class='ocrx_word' id='word_1_3' title='bbox 817 230 1161 270; x_wconf 72' lang='lat' dir='ltr'><strong>ANNOTATIOMS.</strong></span> 
     </span>
     <span class='ocr_line' id='line_1_2' title="bbox 189 334 1666 398; baseline 0.006 -15"><span class='ocrx_word' id='word_1_4' title='bbox 189 352 459 395; x_wconf 25' lang='lat' dir='ltr'><strong>*expugnarunt</strong></span> <span class='ocrx_word' id='word_1_5' title='bbox 496 353 651 394; x_wconf 75' lang='lat' dir='ltr'><strong>quantae</strong></span> <span class='ocrx_word' id='word_1_6' title='bbox 686 349 823 384; x_wconf 79' lang='lat' dir='ltr'><strong>fuerint</strong></span> <span class='ocrx_word' id='word_1_7' title='bbox 858 349 887 385; x_wconf 88' lang='lat'><strong>1-1</strong></span> <span class='ocrx_word' id='word_1_8' title='bbox 988 356 1024 386; x_wconf 82' lang='lat' dir='ltr'><strong>et</strong></span> <span class='ocrx_word' id='word_1_9' title='bbox 1051 351 1108 395; x_wconf 90' lang='grc'><strong>71,</strong></span> <span class='ocrx_word' id='word_1_10' title='bbox 1135 352 1156 385; x_wconf 92' lang='grc'><strong>2</strong></span> <span class='ocrx_word' id='word_1_11' title='bbox 1188 352 1230 387; x_wconf 77' lang='lat'><strong>14</strong></span> <span class='ocrx_word' id='word_1_12' title='bbox 1257 356 1293 388; x_wconf 77' lang='lat' dir='ltr'><strong>et</strong></span> <span class='ocrx_word' id='word_1_13' title='bbox 1317 351 1364 387; x_wconf 84' lang='lat'><strong>43</strong></span> <span class='ocrx_word' id='word_1_14' title='bbox 1394 357 1430 388; x_wconf 87' lang='lat' dir='ltr'><strong>et</strong></span> <span class='ocrx_word' id='word_1_15' title='bbox 1455 334 1514 398; x_wconf 85' lang='grc'>52,</span> <span class='ocrx_word' id='word_1_16' title='bbox 1539 355 1563 392; x_wconf 83' lang='lat'><strong>3</strong></span> <span class='ocrx_word' id='word_1_17' title='bbox 1580 354 1666 393; x_wconf 60' lang='lat'><strong>8:⁹1</strong></span> 
     </span>
     <span class='ocr_line' id='line_1_3' title="bbox 209 409 1657 459; baseline 0.006 -16"><span class='ocrx_word' id='word_1_18' title='bbox 209 409 315 443; x_wconf 86' lang='lat'><strong>378.</strong></span> <span class='ocrx_word' id='word_1_19' title='bbox 983 411 1029 446; x_wconf 82' lang='lat'><strong>23</strong></span> <span class='ocrx_word' id='word_1_20' title='bbox 1058 416 1093 446; x_wconf 85' lang='lat' dir='ltr'><strong>et</strong></span> <span class='ocrx_word' id='word_1_21' title='bbox 1121 411 1307 456; x_wconf 79' lang='lat'>70,452</span> <span class='ocrx_word' id='word_1_22' title='bbox 1334 418 1370 448; x_wconf 85' lang='lat' dir='ltr'><strong>et</strong></span> <span class='ocrx_word' id='word_1_23' title='bbox 1395 413 1583 459; x_wconf 82' lang='lat'><strong>62,65,</strong></span> <span class='ocrx_word' id='word_1_24' title='bbox 1615 415 1657 453; x_wconf 81' lang='lat'><strong>12</strong></span> 
     </span>
     <span class='ocr_line' id='line_1_4' title="bbox 162 469 1660 519; baseline 0.004 -15"><span class='ocrx_word' id='word_1_25' title='bbox 162 479 293 504; x_wconf 82' lang='lat' dir='ltr'><strong>vocare</strong></span> <span class='ocrx_word' id='word_1_26' title='bbox 322 478 385 513; x_wconf 89' lang='lat' dir='ltr'><strong>pro</strong></span> <span class='ocrx_word' id='word_1_27' title='bbox 414 479 611 513; x_wconf 81' lang='lat' dir='ltr'><strong>provocare</strong></span> <span class='ocrx_word' id='word_1_28' title='bbox 639 469 666 503; x_wconf 93' lang='lat' dir='ltr'>G</span> <span class='ocrx_word' id='word_1_29' title='bbox 697 469 750 504; x_wconf 89' lang='lat'><strong>14.</strong></span> <span class='ocrx_word' id='word_1_30' title='bbox 984 471 1032 507; x_wconf 85' lang='lat'><strong>38</strong></span> <span class='ocrx_word' id='word_1_31' title='bbox 1059 476 1095 506; x_wconf 88' lang='lat' dir='ltr'><strong>et</strong></span> <span class='ocrx_word' id='word_1_32' title='bbox 1121 471 1191 516; x_wconf 84' lang='lat'><strong>67,</strong></span> <span class='ocrx_word' id='word_1_33' title='bbox 1221 473 1264 508; x_wconf 88' lang='grc'><strong>13</strong></span> <span class='ocrx_word' id='word_1_34' title='bbox 1289 475 1358 518; x_wconf 84' lang='grc'><strong>50,</strong></span> <span class='ocrx_word' id='word_1_35' title='bbox 1394 474 1436 509; x_wconf 88' lang='grc'><strong>15</strong></span> <span class='ocrx_word' id='word_1_36' title='bbox 1467 475 1510 510; x_wconf 83' lang='lat'><strong>14</strong></span> <span class='ocrx_word' id='word_1_37' title='bbox 1535 479 1572 509; x_wconf 80' lang='lat' dir='ltr'><strong>et</strong></span> <span class='ocrx_word' id='word_1_38' title='bbox 1596 474 1660 519; x_wconf 83' lang='lat'><strong>38,</strong></span> 
     </span>
    </p>
   </div>
   <div class='ocr_carea' id='block_1_2' title="bbox 157 528 1666 1229">
    <p class='ocr_par' dir='ltr' id='par_1_2' title="bbox 157 528 1666 638">
     <span class='ocr_line' id='line_1_5' title="bbox 157 528 1666 578; baseline 0.004 -14"><span class='ocrx_word' id='word_1_39' title='bbox 157 539 267 565; x_wconf 87' lang='lat' dir='ltr'><strong>voces</strong></span> <span class='ocrx_word' id='word_1_40' title='bbox 297 528 548 563; x_wconf 73' lang='lat' dir='ltr'><strong>assistentibus</strong></span> <span class='ocrx_word' id='word_1_41' title='bbox 576 530 825 574; x_wconf 82' lang='lat' dir='ltr'><strong>praemeditari</strong></span> <span class='ocrx_word' id='word_1_42' title='bbox 847 533 887 566; x_wconf 83' lang='lat'><strong>14</strong></span> <span class='ocrx_word' id='word_1_43' title='bbox 991 531 1034 566; x_wconf 97' lang='grc'><strong>16</strong></span> <span class='ocrx_word' id='word_1_44' title='bbox 1065 533 1098 565; x_wconf 76' lang='grc'><strong>4.</strong></span> <span class='ocrx_word' id='word_1_45' title='bbox 1129 532 1158 566; x_wconf 88' lang='grc'><strong>11</strong></span> <span class='ocrx_word' id='word_1_46' title='bbox 1189 535 1205 568; x_wconf 89' lang='grc'><strong>1</strong></span> <span class='ocrx_word' id='word_1_47' title='bbox 1233 534 1291 577; x_wconf 87' lang='grc'><strong>51,</strong></span> <span class='ocrx_word' id='word_1_48' title='bbox 1319 534 1339 566; x_wconf 85' lang='grc'><strong>2</strong></span> <span class='ocrx_word' id='word_1_49' title='bbox 1366 535 1388 568; x_wconf 81' lang='grc'>3</span> <span class='ocrx_word' id='word_1_50' title='bbox 1416 539 1451 569; x_wconf 84' lang='lat' dir='ltr'><strong>et</strong></span> <span class='ocrx_word' id='word_1_51' title='bbox 1481 535 1535 578; x_wconf 86' lang='lat'><strong>17,</strong></span> <span class='ocrx_word' id='word_1_52' title='bbox 1568 534 1666 573; x_wconf 66' lang='lat'><strong>320</strong></span> 
     </span>
     <span class='ocr_line' id='line_1_6' title="bbox 211 590 1663 638; baseline 0.003 -15"><span class='ocrx_word' id='word_1_53' title='bbox 211 590 265 624; x_wconf 78' lang='lat'><strong>¹5.</strong></span> <span class='ocrx_word' id='word_1_54' title='bbox 294 599 404 623; x_wconf 83' lang='lat' dir='ltr'><strong>voces</strong></span> <span class='ocrx_word' id='word_1_55' title='bbox 433 590 455 624; x_wconf 89' lang='lat' dir='ltr'><strong>i.</strong></span> <span class='ocrx_word' id='word_1_56' title='bbox 484 601 514 624; x_wconf 89' lang='lat' dir='ltr'><strong>e.</strong></span> <span class='ocrx_word' id='word_1_57' title='bbox 538 591 652 624; x_wconf 85' lang='lat' dir='ltr'><strong>iustus</strong></span> <span class='ocrx_word' id='word_1_58' title='bbox 667 595 791 624; x_wconf 86' lang='lat' dir='ltr'><strong>cantus</strong></span> <span class='ocrx_word' id='word_1_59' title='bbox 810 590 882 626; x_wconf 84' lang='lat' dir='ltr'><strong>G3.</strong></span> <span class='ocrx_word' id='word_1_60' title='bbox 986 596 1022 626; x_wconf 90' lang='lat' dir='ltr'><strong>et</strong></span> <span class='ocrx_word' id='word_1_61' title='bbox 1058 591 1104 626; x_wconf 65' lang='lat'><strong>34</strong></span> <span class='ocrx_word' id='word_1_62' title='bbox 1145 597 1181 627; x_wconf 83' lang='lat' dir='ltr'><strong>et</strong></span> <span class='ocrx_word' id='word_1_63' title='bbox 1206 594 1251 629; x_wconf 88' lang='lat'><strong>70</strong></span> <span class='ocrx_word' id='word_1_64' title='bbox 1289 599 1324 629; x_wconf 77' lang='lat' dir='ltr'><strong>et</strong></span> <span class='ocrx_word' id='word_1_65' title='bbox 1353 595 1424 638; x_wconf 90' lang='grc'><strong>77,</strong></span> <span class='ocrx_word' id='word_1_66' title='bbox 1479 594 1503 629; x_wconf 82' lang='lat'>4</span> <span class='ocrx_word' id='word_1_67' title='bbox 1537 595 1581 631; x_wconf 80' lang='lat'><strong>61</strong></span> <span class='ocrx_word' id='word_1_68' title='bbox 1609 598 1663 631; x_wconf 66' lang='lat' dir='ltr'><strong>-Qt</strong></span> 
     </span>
    </p>

    <p class='ocr_par' dir='ltr' id='par_1_3' title="bbox 158 650 1666 695">
     <span class='ocr_line' id='line_1_7' title="bbox 158 650 1666 695; baseline 0.004 -11"><span class='ocrx_word' id='word_1_69' title='bbox 158 650 323 684; x_wconf 82' lang='lat' dir='ltr'><strong>volentia</strong></span> <span class='ocrx_word' id='word_1_70' title='bbox 350 650 384 683; x_wconf 90' lang='lat' dir='ltr'><strong>vi</strong></span> <span class='ocrx_word' id='word_1_71' title='bbox 411 651 552 694; x_wconf 81' lang='lat' dir='ltr'><strong>passiva</strong></span> <span class='ocrx_word' id='word_1_72' title='bbox 583 651 624 685; x_wconf 81' lang='lat'><strong>15</strong></span> <span class='ocrx_word' id='word_1_73' title='bbox 650 650 711 686; x_wconf 84' lang='lat'><strong>36.</strong></span> <span class='ocrx_word' id='word_1_74' title='bbox 986 653 1052 695; x_wconf 89' lang='grc'><strong>81,</strong></span> <span class='ocrx_word' id='word_1_75' title='bbox 1080 654 1101 688; x_wconf 83' lang='grc'>5</span> <span class='ocrx_word' id='word_1_76' title='bbox 1127 654 1161 689; x_wconf 87' lang='grc'><strong>3.</strong></span> <span class='ocrx_word' id='word_1_77' title='bbox 1192 653 1220 688; x_wconf 94' lang='lat' dir='ltr'>G</span> <span class='ocrx_word' id='word_1_78' title='bbox 1249 654 1282 689; x_wconf 76' lang='lat'><strong>5,</strong></span> <span class='ocrx_word' id='word_1_79' title='bbox 1310 654 1341 689; x_wconf 81' lang='lat' dir='ltr'><strong>A</strong></span> <span class='ocrx_word' id='word_1_80' title='bbox 1373 658 1386 689; x_wconf 89' lang='grc'><strong>1</strong></span> <span class='ocrx_word' id='word_1_81' title='bbox 1417 658 1454 689; x_wconf 78' lang='lat' dir='ltr'><strong>et</strong></span> <span class='ocrx_word' id='word_1_82' title='bbox 1481 652 1505 691; x_wconf 80' lang='lat'>4</span> <span class='ocrx_word' id='word_1_83' title='bbox 1531 658 1568 694; x_wconf 70' lang='lat' dir='ltr'><strong>et</strong></span> <span class='ocrx_word' id='word_1_84' title='bbox 1590 654 1666 692; x_wconf 69' lang='grc'><strong>981</strong></span> 
     </span>
    </p>

    <p class='ocr_par' dir='ltr' id='par_1_4' title="bbox 160 698 1664 986">
     <span class='ocr_line' id='line_1_8' title="bbox 160 711 1178 758; baseline 0.003 -12"><span class='ocrx_word' id='word_1_85' title='bbox 160 711 362 758; x_wconf 83' lang='lat' dir='ltr'><strong>Vologeses</strong></span> <span class='ocrx_word' id='word_1_86' title='bbox 390 711 518 745; x_wconf 79' lang='lat' dir='ltr'>tertiae</span> <span class='ocrx_word' id='word_1_87' title='bbox 536 711 789 747; x_wconf 71' lang='lat' dir='ltr'><strong>declinationis</strong></span> <span class='ocrx_word' id='word_1_88' title='bbox 819 722 887 747; x_wconf 84' lang='lat' dir='ltr'><strong>no-</strong></span> <span class='ocrx_word' id='word_1_89' title='bbox 987 717 1031 750; x_wconf 84' lang='lat'><strong>21</strong></span> <span class='ocrx_word' id='word_1_90' title='bbox 1061 720 1096 750; x_wconf 89' lang='lat' dir='ltr'><strong>et</strong></span> <span class='ocrx_word' id='word_1_91' title='bbox 1120 715 1178 750; x_wconf 86' lang='lat'><strong>45.</strong></span> 
     </span>
     <span class='ocr_line' id='line_1_9' title="bbox 205 771 1664 822; baseline 0.005 -18"><span class='ocrx_word' id='word_1_92' title='bbox 205 782 284 805; x_wconf 87' lang='lat' dir='ltr'><strong>men</strong></span> <span class='ocrx_word' id='word_1_93' title='bbox 302 797 311 814; x_wconf 90' lang='lat'>‚</span> <span class='ocrx_word' id='word_1_94' title='bbox 349 781 420 804; x_wconf 93' lang='lat' dir='ltr'><strong>non</strong></span> <span class='ocrx_word' id='word_1_95' title='bbox 457 771 638 806; x_wconf 79' lang='lat' dir='ltr'><strong>secundae</strong></span> <span class='ocrx_word' id='word_1_96' title='bbox 679 771 883 819; x_wconf 84' lang='lat' dir='ltr'><strong>Vologesus</strong></span> <span class='ocrx_word' id='word_1_97' title='bbox 913 775 1083 822; x_wconf 73' lang='lat' dir='ltr'><strong>‘vulgata</strong></span> <span class='ocrx_word' id='word_1_98' title='bbox 1110 776 1305 810; x_wconf 81' lang='lat' dir='ltr'><strong>dicentium</strong></span> <span class='ocrx_word' id='word_1_99' title='bbox 1334 775 1464 822; x_wconf 77' lang='lat' dir='ltr'><strong>gaudia</strong></span> <span class='ocrx_word' id='word_1_100' title='bbox 1481 775 1508 811; x_wconf 95' lang='lat'>0</span> <span class='ocrx_word' id='word_1_101' title='bbox 1534 774 1568 813; x_wconf 89' lang='grc'><strong>6.</strong></span> <span class='ocrx_word' id='word_1_102' title='bbox 1591 773 1664 815; x_wconf 70' lang='lat' dir='ltr'><strong>dir,-</strong></span> 
     </span>
     <span class='ocr_line' id='line_1_10' title="bbox 208 830 1555 882; baseline 0.004 -18"><span class='ocrx_word' id='word_1_103' title='bbox 208 831 251 866; x_wconf 80' lang='lat'><strong>13</strong></span> <span class='ocrx_word' id='word_1_104' title='bbox 278 831 310 864; x_wconf 95' lang='grc'><strong>7.</strong></span> <span class='ocrx_word' id='word_1_105' title='bbox 337 830 366 866; x_wconf 87' lang='grc'><strong>11</strong></span> <span class='ocrx_word' id='word_1_106' title='bbox 397 832 410 864; x_wconf 89' lang='grc'><strong>1</strong></span> <span class='ocrx_word' id='word_1_107' title='bbox 441 831 500 873; x_wconf 70' lang='lat'><strong>40,</strong></span> <span class='ocrx_word' id='word_1_108' title='bbox 528 831 551 866; x_wconf 96' lang='lat'>4</span> <span class='ocrx_word' id='word_1_109' title='bbox 578 832 636 866; x_wconf 81' lang='lat'><strong>51.</strong></span> <span class='ocrx_word' id='word_1_110' title='bbox 665 832 694 865; x_wconf 86' lang='lat' dir='ltr'><strong>is</strong></span> <span class='ocrx_word' id='word_1_111' title='bbox 716 833 876 880; x_wconf 85' lang='lat' dir='ltr'><strong>vulgaris</strong></span> <span class='ocrx_word' id='word_1_112' title='bbox 977 836 1098 870; x_wconf 82' lang='lat' dir='ltr'><strong>ferunt</strong></span> <span class='ocrx_word' id='word_1_113' title='bbox 1126 847 1145 870; x_wconf 88' lang='lat' dir='ltr'>a</span> <span class='ocrx_word' id='word_1_114' title='bbox 1172 835 1383 882; x_wconf 82' lang='lat' dir='ltr'><strong>vulgaribus</strong></span> <span class='ocrx_word' id='word_1_115' title='bbox 1411 836 1496 870; x_wconf 88' lang='lat' dir='ltr'><strong>ibid.</strong></span> <span class='ocrx_word' id='word_1_116' title='bbox 1553 873 1555 875; x_wconf 59' lang='grc'><strong>,</strong></span> 
     </span>
     <span class='ocr_line' id='line_1_11' title="bbox 206 891 1463 942; baseline 0.004 -17"><span class='ocrx_word' id='word_1_117' title='bbox 206 893 431 935; x_wconf 83' lang='lat' dir='ltr'><strong>imperatoris</strong></span> <span class='ocrx_word' id='word_1_118' title='bbox 460 891 600 926; x_wconf 90' lang='lat' dir='ltr'><strong>modum</strong></span> <span class='ocrx_word' id='word_1_119' title='bbox 629 903 884 940; x_wconf 79' lang='lat' dir='ltr'><strong>supergressus</strong></span> <span class='ocrx_word' id='word_1_120' title='bbox 934 896 1085 931; x_wconf 81' lang='lat' dir='ltr'><strong>vulnera</strong></span> <span class='ocrx_word' id='word_1_121' title='bbox 1114 896 1272 942; x_wconf 84' lang='lat' dir='ltr'><strong>dirigere</strong></span> <span class='ocrx_word' id='word_1_122' title='bbox 1299 895 1328 930; x_wconf 80' lang='lat'><strong>11</strong></span> <span class='ocrx_word' id='word_1_123' title='bbox 1355 896 1378 930; x_wconf 85' lang='lat'><strong>2</strong></span> <span class='ocrx_word' id='word_1_124' title='bbox 1404 897 1463 932; x_wconf 84' lang='lat'><strong>35.</strong></span> 
     </span>
     <span class='ocr_line' id='line_1_12' title="bbox 207 951 311 986; baseline 0 -2"><span class='ocrx_word' id='word_1_125' title='bbox 207 951 250 986; x_wconf 90' lang='lat'><strong>15</strong></span> <span class='ocrx_word' id='word_1_126' title='bbox 278 952 311 984; x_wconf 79' lang='lat'><strong>2.</strong></span> 
     </span>
    </p>

    <p class='ocr_par' dir='ltr' id='par_1_5' title="bbox 165 1002 1663 1110">
     <span class='ocr_line' id='line_1_13' title="bbox 165 1002 1663 1061; baseline 0.004 -17"><span class='ocrx_word' id='word_1_127' title='bbox 165 1015 287 1045; x_wconf 83' lang='lat' dir='ltr'><strong>votum</strong></span> <span class='ocrx_word' id='word_1_128' title='bbox 316 1011 338 1044; x_wconf 91' lang='lat' dir='ltr'><strong>i.</strong></span> <span class='ocrx_word' id='word_1_129' title='bbox 370 1021 402 1045; x_wconf 82' lang='lat' dir='ltr'><strong>e.</strong></span> <span class='ocrx_word' id='word_1_130' title='bbox 431 1010 525 1056; x_wconf 84' lang='lat' dir='ltr'><strong>quod</strong></span> <span class='ocrx_word' id='word_1_131' title='bbox 556 1011 712 1056; x_wconf 84' lang='lat' dir='ltr'><strong>optando</strong></span> <span class='ocrx_word' id='word_1_132' title='bbox 745 1015 888 1058; x_wconf 83' lang='lat' dir='ltr'><strong>expeti-</strong></span> <span class='ocrx_word' id='word_1_133' title='bbox 939 1026 1090 1061; x_wconf 87' lang='lat' dir='ltr'><strong>zeugma</strong></span> <span class='ocrx_word' id='word_1_134' title='bbox 1121 1017 1137 1050; x_wconf 85' lang='lat'>1</span> <span class='ocrx_word' id='word_1_135' title='bbox 1165 1015 1322 1059; x_wconf 86' lang='lat'>50,13</span> <span class='ocrx_word' id='word_1_136' title='bbox 1347 1014 1406 1051; x_wconf 88' lang='grc'><strong>39.</strong></span> <span class='ocrx_word' id='word_1_137' title='bbox 1433 1014 1458 1048; x_wconf 83' lang='grc' dir='ltr'><strong>ΙΙ</strong></span> <span class='ocrx_word' id='word_1_138' title='bbox 1491 1015 1507 1048; x_wconf 89' lang='grc'><strong>1</strong></span> <span class='ocrx_word' id='word_1_139' title='bbox 1538 1013 1607 1058; x_wconf 83' lang='grc'><strong>35,</strong></span> <span class='ocrx_word' id='word_1_140' title='bbox 1632 1002 1663 1050; x_wconf 55' lang='grc' dir='ltr'><strong>ἑζ’)</strong></span> 
     </span>
     <span class='ocr_line' id='line_1_14' title="bbox 209 1071 1188 1110; baseline 0.006 -6"><span class='ocrx_word' id='word_1_141' title='bbox 209 1076 280 1105; x_wconf 90' lang='lat' dir='ltr'><strong>tum</strong></span> <span class='ocrx_word' id='word_1_142' title='bbox 308 1075 363 1106; x_wconf 78' lang='lat' dir='ltr'><strong>est·</strong></span> <span class='ocrx_word' id='word_1_143' title='bbox 386 1071 418 1104; x_wconf 93' lang='lat' dir='ltr'><strong>A</strong></span> <span class='ocrx_word' id='word_1_144' title='bbox 444 1072 466 1105; x_wconf 85' lang='lat'>3</span> <span class='ocrx_word' id='word_1_145' title='bbox 493 1076 528 1106; x_wconf 88' lang='lat' dir='ltr'><strong>et</strong></span> <span class='ocrx_word' id='word_1_146' title='bbox 554 1072 613 1107; x_wconf 82' lang='lat'><strong>33.</strong></span> <span class='ocrx_word' id='word_1_147' title='bbox 986 1076 1045 1110; x_wconf 66' lang='lat'><strong>42.</strong></span> <span class='ocrx_word' id='word_1_148' title='bbox 1074 1075 1102 1110; x_wconf 88' lang='lat'>0</span> <span class='ocrx_word' id='word_1_149' title='bbox 1129 1076 1188 1110; x_wconf 81' lang='grc'>24.</span> 
     </span>
    </p>

    <p class='ocr_par' dir='ltr' id='par_1_6' title="bbox 163 1130 1661 1229">
     <span class='ocr_line' id='line_1_15' title="bbox 163 1130 1661 1178; baseline 0.002 -12"><span class='ocrx_word' id='word_1_150' title='bbox 163 1132 314 1178; x_wconf 82' lang='lat' dir='ltr'><strong>vulgare</strong></span> <span class='ocrx_word' id='word_1_151' title='bbox 353 1130 527 1177; x_wconf 79' lang='lat' dir='ltr'><strong>loquendi</strong></span> <span class='ocrx_word' id='word_1_152' title='bbox 568 1143 682 1178; x_wconf 83' lang='lat' dir='ltr'><strong>genus</strong></span> <span class='ocrx_word' id='word_1_153' title='bbox 721 1143 741 1167; x_wconf 86' lang='lat' dir='ltr'>a</span> <span class='ocrx_word' id='word_1_154' title='bbox 765 1133 886 1168; x_wconf 79' lang='lat' dir='ltr'><strong>Tacito</strong></span> <span class='ocrx_word' id='word_1_155' title='bbox 937 1136 1098 1170; x_wconf 84' lang='lat' dir='ltr'><strong>Zonarae</strong></span> <span class='ocrx_word' id='word_1_156' title='bbox 1124 1145 1222 1170; x_wconf 86' lang='lat' dir='ltr'><strong>error</strong></span> <span class='ocrx_word' id='word_1_157' title='bbox 1254 1136 1299 1169; x_wconf 87' lang='lat' dir='ltr'><strong>dc</strong></span> <span class='ocrx_word' id='word_1_158' title='bbox 1329 1133 1504 1168; x_wconf 81' lang='lat' dir='ltr'><strong>affinitate</strong></span> <span class='ocrx_word' id='word_1_159' title='bbox 1539 1133 1661 1170; x_wconf 81' lang='lat' dir='ltr'><strong>Seiam</strong></span> 
     </span>
     <span class='ocr_line' id='line_1_16' title="bbox 208 1189 1293 1229; baseline 0.005 -5"><span class='ocrx_word' id='word_1_160' title='bbox 208 1190 314 1225; x_wconf 83' lang='lat' dir='ltr'><strong>vitari</strong></span> <span class='ocrx_word' id='word_1_161' title='bbox 359 1189 503 1224; x_wconf 88' lang='lat' dir='ltr'><strong>solitum</strong></span> <span class='ocrx_word' id='word_1_162' title='bbox 544 1191 558 1224; x_wconf 85' lang='lat'>1</span> <span class='ocrx_word' id='word_1_163' title='bbox 597 1192 620 1226; x_wconf 85' lang='lat'>3</span> <span class='ocrx_word' id='word_1_164' title='bbox 652 1193 731 1227; x_wconf 87' lang='lat' dir='ltr'><strong>init.</strong></span> <span class='ocrx_word' id='word_1_165' title='bbox 766 1198 802 1228; x_wconf 86' lang='lat' dir='ltr'><strong>et</strong></span> <span class='ocrx_word' id='word_1_166' title='bbox 829 1195 887 1228; x_wconf 83' lang='lat' dir='ltr'><strong>tin.</strong></span> <span class='ocrx_word' id='word_1_167' title='bbox 989 1199 1024 1229; x_wconf 86' lang='lat' dir='ltr'><strong>et</strong></span> <span class='ocrx_word' id='word_1_168' title='bbox 1052 1194 1181 1228; x_wconf 76' lang='lat' dir='ltr'><strong>Tiberii</strong></span> <span class='ocrx_word' id='word_1_169' title='bbox 1210 1194 1232 1229; x_wconf 86' lang='lat'><strong>6</strong></span> <span class='ocrx_word' id='word_1_170' title='bbox 1258 1194 1293 1229; x_wconf 87' lang='lat'><strong>8.</strong></span> 
     </span>
    </p>
   </div>
   <div class='ocr_carea' id='block_1_3' title="bbox 614 1687 1206 1824">
    <p class='ocr_par' dir='ltr' id='par_1_7' title="bbox 614 1687 1206 1824">
     <span class='ocr_line' id='line_1_17' title="bbox 711 1687 1097 1742; baseline 0.003 -13"><span class='ocrx_word' id='word_1_171' title='bbox 711 1687 1097 1742; x_wconf 76' lang='lat' dir='ltr'><strong>Corrigenda</strong></span> 
     </span>
     <span class='ocr_line' id='line_1_18' title="bbox 614 1770 1206 1824; baseline 0 -13"><span class='ocrx_word' id='word_1_172' title='bbox 614 1770 663 1811; x_wconf 93' lang='lat' dir='ltr'><strong>in</strong></span> <span class='ocrx_word' id='word_1_173' title='bbox 697 1774 959 1812; x_wconf 83' lang='lat' dir='ltr'><strong>contextu</strong></span> <span class='ocrx_word' id='word_1_174' title='bbox 991 1770 1206 1824; x_wconf 87' lang='lat' dir='ltr'><strong>operis:</strong></span> 
     </span>
    </p>
   </div>
   <div class='ocr_carea' id='block_1_4' title="bbox 159 1890 986 1937">
    <p class='ocr_par' dir='ltr' id='par_1_8' title="bbox 159 1890 986 1937">
     <span class='ocr_line' id='line_1_19' title="bbox 159 1890 986 1937; baseline -0.001 -13"><span class='ocrx_word' id='word_1_175' title='bbox 159 1890 231 1924; x_wconf 84' lang='lat' dir='ltr'><strong>vol.</strong></span> <span class='ocrx_word' id='word_1_176' title='bbox 261 1890 274 1924; x_wconf 90' lang='lat' dir='ltr'>l</span> <span class='ocrx_word' id='word_1_177' title='bbox 308 1901 388 1935; x_wconf 82' lang='lat' dir='ltr'>pag.</span> <span class='ocrx_word' id='word_1_178' title='bbox 418 1891 488 1926; x_wconf 85' lang='grc'><strong>293</strong></span> <span class='ocrx_word' id='word_1_179' title='bbox 518 1902 610 1925; x_wconf 77' lang='lat' dir='ltr'><strong>veis.</strong></span> <span class='ocrx_word' id='word_1_180' title='bbox 637 1890 660 1926; x_wconf 90' lang='lat'>4</span> <span class='ocrx_word' id='word_1_181' title='bbox 687 1891 770 1937; x_wconf 86' lang='lat' dir='ltr'><strong>lege</strong></span> <span class='ocrx_word' id='word_1_182' title='bbox 797 1890 834 1924; x_wconf 77' lang='lat' dir='ltr'><strong>id</strong></span> <span class='ocrx_word' id='word_1_183' title='bbox 860 1900 922 1934; x_wconf 88' lang='lat' dir='ltr'><strong>pro</strong></span> <span class='ocrx_word' id='word_1_184' title='bbox 949 1891 986 1923; x_wconf 80' lang='lat' dir='ltr'><strong>in</strong></span> 
     </span>
    </p>
   </div>
   <div class='ocr_carea' id='block_1_5' title="bbox 157 1938 1450 2176">
    <p class='ocr_par' dir='ltr' id='par_1_9' title="bbox 157 1938 1339 1984">
     <span class='ocr_line' id='line_1_20' title="bbox 157 1938 1339 1984; baseline 0.002 -12"><span class='ocrx_word' id='word_1_185' title='bbox 157 1960 203 1965; x_wconf 88' lang='lat'><em>-</em></span> <span class='ocrx_word' id='word_1_186' title='bbox 247 1938 277 1972; x_wconf 89' lang='grc'><strong>11</strong></span> <span class='ocrx_word' id='word_1_187' title='bbox 322 1961 362 1966; x_wconf 91' lang='lat'><strong>—-</strong></span> <span class='ocrx_word' id='word_1_188' title='bbox 466 1940 488 1974; x_wconf 81' lang='lat'>6</span> <span class='ocrx_word' id='word_1_189' title='bbox 540 1961 584 1966; x_wconf 95' lang='lat'><strong>—-</strong></span> <span class='ocrx_word' id='word_1_190' title='bbox 635 1941 658 1973; x_wconf 86' lang='grc'><strong>8</strong></span> <span class='ocrx_word' id='word_1_191' title='bbox 713 1958 747 1964; x_wconf 90' lang='grc'>-</span> <span class='ocrx_word' id='word_1_192' title='bbox 781 1938 1001 1983; x_wconf 65' lang='lat' dir='ltr'><strong>coniugalem</strong></span> <span class='ocrx_word' id='word_1_193' title='bbox 1027 1948 1089 1983; x_wconf 90' lang='lat' dir='ltr'><strong>pro</strong></span> <span class='ocrx_word' id='word_1_194' title='bbox 1118 1939 1339 1984; x_wconf 75' lang='lat' dir='ltr'><strong>coniuqatem</strong></span> 
     </span>
    </p>

    <p class='ocr_par' dir='ltr' id='par_1_10' title="bbox 158 1989 1204 2030">
     <span class='ocr_line' id='line_1_21' title="bbox 158 1989 1204 2030; baseline -0.001 -7"><span class='ocrx_word' id='word_1_195' title='bbox 158 2008 203 2014; x_wconf 88' lang='lat'><strong>-·-</strong></span> <span class='ocrx_word' id='word_1_196' title='bbox 239 2008 285 2014; x_wconf 90' lang='lat'><strong>—·</strong></span> <span class='ocrx_word' id='word_1_197' title='bbox 324 2009 369 2014; x_wconf 86' lang='lat'><strong>--</strong></span> <span class='ocrx_word' id='word_1_198' title='bbox 444 1990 490 2024; x_wconf 69' lang='lat'><strong>90</strong></span> <span class='ocrx_word' id='word_1_199' title='bbox 542 2010 585 2015; x_wconf 92' lang='lat'><strong>-—</strong></span> <span class='ocrx_word' id='word_1_200' title='bbox 618 1989 659 2021; x_wconf 70' lang='lat'><strong>¹2</strong></span> <span class='ocrx_word' id='word_1_201' title='bbox 709 2008 754 2013; x_wconf 87' lang='lat'><strong>—-</strong></span> <span class='ocrx_word' id='word_1_202' title='bbox 783 2006 799 2022; x_wconf 54' lang='grc' dir='ltr'><strong>ὰ</strong></span> <span class='ocrx_word' id='word_1_203' title='bbox 824 2006 840 2022; x_wconf 64' lang='lat'><strong>⁴*</strong></span> <span class='ocrx_word' id='word_1_204' title='bbox 865 2005 882 2022; x_wconf 57' lang='lat' dir='ltr'><strong>*r</strong></span> <span class='ocrx_word' id='word_1_205' title='bbox 1031 2009 1076 2014; x_wconf 90' lang='lat'><strong>·—</strong></span> <span class='ocrx_word' id='word_1_206' title='bbox 1109 2000 1118 2030; x_wconf 78' lang='lat'><em>3</em></span> <span class='ocrx_word' id='word_1_207' title='bbox 1144 2006 1160 2022; x_wconf 61' lang='grc' dir='ltr'><strong>«α</strong></span> <span class='ocrx_word' id='word_1_208' title='bbox 1189 2006 1204 2022; x_wconf 74' lang='lat'><em>*</em></span> 
     </span>
    </p>

    <p class='ocr_par' dir='ltr' id='par_1_11' title="bbox 159 2035 1242 2071">
     <span class='ocr_line' id='line_1_22' title="bbox 159 2035 1242 2071; baseline 0.001 -3"><span class='ocrx_word' id='word_1_209' title='bbox 159 2055 203 2061; x_wconf 92' lang='lat'><em>-</em></span> <span class='ocrx_word' id='word_1_210' title='bbox 234 2035 282 2068; x_wconf 86' lang='lat'><strong>111</strong></span> <span class='ocrx_word' id='word_1_211' title='bbox 322 2057 366 2062; x_wconf 90' lang='lat'>—</span> <span class='ocrx_word' id='word_1_212' title='bbox 418 2037 488 2071; x_wconf 75' lang='lat'><strong>239</strong></span> <span class='ocrx_word' id='word_1_213' title='bbox 540 2058 584 2063; x_wconf 86' lang='lat'><strong>—-</strong></span> <span class='ocrx_word' id='word_1_214' title='bbox 636 2037 658 2070; x_wconf 85' lang='lat'><strong>9</strong></span> <span class='ocrx_word' id='word_1_215' title='bbox 712 2056 752 2062; x_wconf 91' lang='lat'>—</span> <span class='ocrx_word' id='word_1_216' title='bbox 781 2036 903 2070; x_wconf 81' lang='lat' dir='ltr'><strong>servili</strong></span> <span class='ocrx_word' id='word_1_217' title='bbox 1030 2059 1076 2064; x_wconf 92' lang='lat'><strong>--</strong></span> <span class='ocrx_word' id='word_1_218' title='bbox 1106 2035 1242 2070; x_wconf 81' lang='lat' dir='ltr'><strong>servilii</strong></span> 
     </span>
    </p>

    <p class='ocr_par' dir='ltr' id='par_1_12' title="bbox 161 2084 1265 2119">
     <span class='ocr_line' id='line_1_23' title="bbox 161 2084 1265 2119; baseline 0.001 -2"><span class='ocrx_word' id='word_1_219' title='bbox 161 2103 203 2110; x_wconf 84' lang='lat'><strong>——</strong></span> <span class='ocrx_word' id='word_1_220' title='bbox 231 2106 277 2111; x_wconf 79' lang='lat'><em>-</em></span> <span class='ocrx_word' id='word_1_221' title='bbox 319 2105 363 2109; x_wconf 91' lang='lat'><strong>—</strong></span> <span class='ocrx_word' id='word_1_222' title='bbox 415 2084 486 2119; x_wconf 79' lang='lat'><strong>290</strong></span> <span class='ocrx_word' id='word_1_223' title='bbox 538 2106 582 2111; x_wconf 86' lang='lat'><em>-</em></span> <span class='ocrx_word' id='word_1_224' title='bbox 615 2085 657 2119; x_wconf 89' lang='grc'><strong>10</strong></span> <span class='ocrx_word' id='word_1_225' title='bbox 709 2104 751 2110; x_wconf 92' lang='grc'><strong>--</strong></span> <span class='ocrx_word' id='word_1_226' title='bbox 780 2085 943 2118; x_wconf 74' lang='lat' dir='ltr'><strong>iuvenum</strong></span> <span class='ocrx_word' id='word_1_227' title='bbox 1032 2105 1073 2111; x_wconf 92' lang='lat'>—</span> <span class='ocrx_word' id='word_1_228' title='bbox 1101 2086 1265 2118; x_wconf 75' lang='lat' dir='ltr'><strong>iuvenum</strong></span> 
     </span>
    </p>

    <p class='ocr_par' dir='ltr' id='par_1_13' title="bbox 158 2131 1450 2176">
     <span class='ocr_line' id='line_1_24' title="bbox 158 2131 1450 2176; baseline 0.006 -16"><span class='ocrx_word' id='word_1_229' title='bbox 158 2152 201 2159; x_wconf 70' lang='grc'><strong>-.</strong></span> <span class='ocrx_word' id='word_1_230' title='bbox 231 2131 280 2166; x_wconf 89' lang='lat' dir='ltr'><strong>lV</strong></span> <span class='ocrx_word' id='word_1_231' title='bbox 317 2153 362 2159; x_wconf 85' lang='lat'><strong>--</strong></span> <span class='ocrx_word' id='word_1_232' title='bbox 417 2132 484 2167; x_wconf 78' lang='lat'><strong>138</strong></span> <span class='ocrx_word' id='word_1_233' title='bbox 536 2153 579 2159; x_wconf 86' lang='lat'><strong>--</strong></span> <span class='ocrx_word' id='word_1_234' title='bbox 631 2132 653 2166; x_wconf 88' lang='grc'>6</span> <span class='ocrx_word' id='word_1_235' title='bbox 679 2132 833 2166; x_wconf 79' lang='lat' dir='ltr'><strong>tr&#39;ansier</strong></span> <span class='ocrx_word' id='word_1_236' title='bbox 858 2143 1042 2166; x_wconf 87' lang='lat' dir='ltr'><strong>numerum</strong></span> <span class='ocrx_word' id='word_1_237' title='bbox 1068 2133 1195 2176; x_wconf 80' lang='lat' dir='ltr'><strong>capitis</strong></span> <span class='ocrx_word' id='word_1_238' title='bbox 1223 2134 1264 2166; x_wconf 84' lang='lat' dir='ltr'><strong>ad</strong></span> <span class='ocrx_word' id='word_1_239' title='bbox 1296 2143 1389 2168; x_wconf 73' lang='lat' dir='ltr'><strong>vers,</strong></span> <span class='ocrx_word' id='word_1_240' title='bbox 1418 2135 1450 2168; x_wconf 91' lang='lat'><strong>7.</strong></span> 
     </span>
    </p>
   </div>
   <div class='ocr_carea' id='block_1_6' title="bbox 155 2231 1384 2368">
    <p class='ocr_par' dir='ltr' id='par_1_14' title="bbox 155 2231 1374 2367">
     <span class='ocr_line' id='line_1_25' title="bbox 708 2231 1104 2282; baseline 0 -11"><span class='ocrx_word' id='word_1_241' title='bbox 708 2231 763 2271; x_wconf 92' lang='lat' dir='ltr'><strong>in</strong></span> <span class='ocrx_word' id='word_1_242' title='bbox 797 2231 1009 2272; x_wconf 83' lang='lat' dir='ltr'><strong>ceteris</strong></span> <span class='ocrx_word' id='word_1_243' title='bbox 1031 2232 1104 2282; x_wconf 51' lang='grc' dir='ltr'><strong>ἠε</strong></span> 
     </span>
     <span class='ocr_line' id='line_1_26' title="bbox 155 2321 1384 2368; baseline 0.001 -11"><span class='ocrx_word' id='word_1_244' title='bbox 155 2323 228 2358; x_wconf 85' lang='lat' dir='ltr'><strong>vol</strong></span> <span class='ocrx_word' id='word_1_245' title='bbox 268 2322 282 2356; x_wconf 94' lang='lat' dir='ltr'>I</span> <span class='ocrx_word' id='word_1_246' title='bbox 325 2334 407 2368; x_wconf 81' lang='lat' dir='ltr'><strong>pag</strong></span> <span class='ocrx_word' id='word_1_247' title='bbox 436 2322 481 2356; x_wconf 83' lang='lat' dir='ltr'><strong>lx</strong></span> <span class='ocrx_word' id='word_1_248' title='bbox 507 2332 666 2366; x_wconf 87' lang='lat' dir='ltr'><strong>prooem.</strong></span> <span class='ocrx_word' id='word_1_249' title='bbox 693 2323 725 2356; x_wconf 88' lang='lat' dir='ltr'><strong>A</strong></span> <span class='ocrx_word' id='word_1_250' title='bbox 751 2332 845 2356; x_wconf 89' lang='lat' dir='ltr'><strong>vers.</strong></span> <span class='ocrx_word' id='word_1_251' title='bbox 883 2322 925 2355; x_wconf 85' lang='lat'><strong>14</strong></span> <span class='ocrx_word' id='word_1_252' title='bbox 951 2321 1035 2367; x_wconf 88' lang='lat' dir='ltr'><strong>lege</strong></span> <span class='ocrx_word' id='word_1_253' title='bbox 1066 2321 1156 2364; x_wconf 81' lang='lat'>1169</span> <span class='ocrx_word' id='word_1_254' title='bbox 1187 2332 1249 2366; x_wconf 82' lang='lat' dir='ltr'><strong>pro</strong></span> <span class='ocrx_word' id='word_1_255' title='bbox 1282 2322 1384 2358; x_wconf 87' lang='lat'><strong>1069.</strong></span> 
     </span>
    </p>
   </div>
   <div class='ocr_carea' id='block_1_7' title="bbox 180 2362 1531 2755">
    <p class='ocr_par' dir='ltr' id='par_1_15' title="bbox 191 2362 1394 2405">
     <span class='ocr_line' id='line_1_27' title="bbox 191 2362 1394 2405; baseline -0.001 -1"><span class='ocrx_word' id='word_1_256' title='bbox 191 2392 236 2397; x_wconf 82' lang='lat'>—</span> <span class='ocrx_word' id='word_1_257' title='bbox 265 2393 309 2398; x_wconf 91' lang='lat'>—</span> <span class='ocrx_word' id='word_1_258' title='bbox 362 2394 406 2398; x_wconf 85' lang='lat'><strong>—-</strong></span> <span class='ocrx_word' id='word_1_259' title='bbox 458 2373 478 2405; x_wconf 87' lang='lat'>5</span> <span class='ocrx_word' id='word_1_260' title='bbox 507 2381 632 2404; x_wconf 87' lang='lat' dir='ltr'><strong>comm.</strong></span> <span class='ocrx_word' id='word_1_261' title='bbox 704 2371 730 2405; x_wconf 88' lang='lat' dir='ltr'>B</span> <span class='ocrx_word' id='word_1_262' title='bbox 783 2392 828 2398; x_wconf 91' lang='lat'>—</span> <span class='ocrx_word' id='word_1_263' title='bbox 883 2371 926 2405; x_wconf 87' lang='lat'><strong>18</strong></span> <span class='ocrx_word' id='word_1_264' title='bbox 977 2391 1022 2397; x_wconf 90' lang='lat'>—</span> <span class='ocrx_word' id='word_1_265' title='bbox 1075 2362 1162 2404; x_wconf 81' lang='lat' dir='ltr'><strong>bello</strong></span> <span class='ocrx_word' id='word_1_266' title='bbox 1214 2391 1259 2397; x_wconf 90' lang='lat'>—</span> <span class='ocrx_word' id='word_1_267' title='bbox 1312 2370 1394 2405; x_wconf 79' lang='lat' dir='ltr'><strong>belli</strong></span> 
     </span>
    </p>

    <p class='ocr_par' dir='ltr' id='par_1_16' title="bbox 189 2419 1367 2454">
     <span class='ocr_line' id='line_1_28' title="bbox 189 2419 1367 2454; baseline -0.002 0"><span class='ocrx_word' id='word_1_268' title='bbox 189 2443 234 2448; x_wconf 84' lang='lat'><strong>--</strong></span> <span class='ocrx_word' id='word_1_269' title='bbox 266 2442 301 2446; x_wconf 93' lang='lat'><strong>--</strong></span> <span class='ocrx_word' id='word_1_270' title='bbox 359 2442 403 2446; x_wconf 88' lang='lat'><strong>—-</strong></span> <span class='ocrx_word' id='word_1_271' title='bbox 436 2420 478 2454; x_wconf 81' lang='lat'><strong>14</strong></span> <span class='ocrx_word' id='word_1_272' title='bbox 533 2439 569 2444; x_wconf 91' lang='lat'><em>-</em></span> <span class='ocrx_word' id='word_1_273' title='bbox 699 2420 730 2453; x_wconf 87' lang='lat' dir='ltr'><strong>A</strong></span> <span class='ocrx_word' id='word_1_274' title='bbox 779 2440 825 2446; x_wconf 87' lang='lat'><strong>—-</strong></span> <span class='ocrx_word' id='word_1_275' title='bbox 900 2419 923 2454; x_wconf 87' lang='lat'><strong>6</strong></span> <span class='ocrx_word' id='word_1_276' title='bbox 973 2440 1019 2446; x_wconf 85' lang='lat'><strong>·-</strong></span> <span class='ocrx_word' id='word_1_277' title='bbox 1069 2430 1135 2453; x_wconf 79' lang='lat' dir='ltr'><strong>sua</strong></span> <span class='ocrx_word' id='word_1_278' title='bbox 1213 2438 1256 2447; x_wconf 84' lang='lat'>—</span> <span class='ocrx_word' id='word_1_279' title='bbox 1306 2431 1367 2454; x_wconf 83' lang='lat' dir='ltr'><strong>suo</strong></span> 
     </span>
    </p>

    <p class='ocr_par' dir='ltr' id='par_1_17' title="bbox 183 2467 1516 2562">
     <span class='ocr_line' id='line_1_29' title="bbox 185 2467 1516 2514; baseline -0.001 -11"><span class='ocrx_word' id='word_1_280' title='bbox 185 2490 228 2494; x_wconf 89' lang='lat'>—</span> <span class='ocrx_word' id='word_1_281' title='bbox 258 2490 300 2494; x_wconf 92' lang='lat'>—</span> <span class='ocrx_word' id='word_1_282' title='bbox 355 2491 394 2496; x_wconf 85' lang='lat'><strong>—-</strong></span> <span class='ocrx_word' id='word_1_283' title='bbox 429 2469 474 2503; x_wconf 85' lang='grc'><strong>23</strong></span> <span class='ocrx_word' id='word_1_284' title='bbox 502 2469 555 2502; x_wconf 88' lang='lat' dir='ltr'><strong>tit.</strong></span> <span class='ocrx_word' id='word_1_285' title='bbox 585 2468 738 2514; x_wconf 80' lang='lat' dir='ltr'><strong>paginae</strong></span> <span class='ocrx_word' id='word_1_286' title='bbox 967 2488 1014 2494; x_wconf 88' lang='lat'><strong>—-</strong></span> <span class='ocrx_word' id='word_1_287' title='bbox 1064 2479 1088 2501; x_wconf 89' lang='lat' dir='ltr'><strong><em>a</em></strong></span> <span class='ocrx_word' id='word_1_288' title='bbox 1116 2468 1156 2502; x_wconf 83' lang='lat' dir='ltr'><strong>C.</strong></span> <span class='ocrx_word' id='word_1_289' title='bbox 1189 2468 1231 2501; x_wconf 80' lang='lat'><strong>14</strong></span> <span class='ocrx_word' id='word_1_290' title='bbox 1259 2478 1321 2511; x_wconf 78' lang='lat' dir='ltr'><strong>pio</strong></span> <span class='ocrx_word' id='word_1_291' title='bbox 1353 2478 1374 2501; x_wconf 81' lang='lat' dir='ltr'><em>a</em></span> <span class='ocrx_word' id='word_1_292' title='bbox 1400 2467 1438 2501; x_wconf 82' lang='lat' dir='ltr'><strong>C.</strong></span> <span class='ocrx_word' id='word_1_293' title='bbox 1475 2468 1516 2502; x_wconf 85' lang='lat'><strong>13</strong></span> 
     </span>
     <span class='ocr_line' id='line_1_30' title="bbox 183 2516 1445 2562; baseline -0.002 -11"><span class='ocrx_word' id='word_1_294' title='bbox 183 2538 228 2543; x_wconf 92' lang='lat'><strong>——</strong></span> <span class='ocrx_word' id='word_1_295' title='bbox 260 2538 300 2543; x_wconf 76' lang='lat'><strong>-</strong></span> <span class='ocrx_word' id='word_1_296' title='bbox 359 2537 394 2543; x_wconf 85' lang='lat'>—</span> <span class='ocrx_word' id='word_1_297' title='bbox 427 2518 470 2551; x_wconf 80' lang='lat'><strong>37</strong></span> <span class='ocrx_word' id='word_1_298' title='bbox 501 2527 627 2550; x_wconf 84' lang='lat' dir='ltr'><strong>comm.</strong></span> <span class='ocrx_word' id='word_1_299' title='bbox 660 2516 686 2550; x_wconf 93' lang='lat' dir='ltr'>B</span> <span class='ocrx_word' id='word_1_300' title='bbox 715 2527 809 2551; x_wconf 85' lang='lat' dir='ltr'><strong>vers.</strong></span> <span class='ocrx_word' id='word_1_301' title='bbox 835 2517 860 2550; x_wconf 74' lang='lat'>4</span> <span class='ocrx_word' id='word_1_302' title='bbox 885 2528 906 2550; x_wconf 87' lang='lat' dir='ltr'>a</span> <span class='ocrx_word' id='word_1_303' title='bbox 930 2517 1001 2550; x_wconf 86' lang='lat' dir='ltr'><strong>fine</strong></span> <span class='ocrx_word' id='word_1_304' title='bbox 1028 2516 1112 2562; x_wconf 84' lang='lat' dir='ltr'><strong>lege</strong></span> <span class='ocrx_word' id='word_1_305' title='bbox 1141 2516 1260 2560; x_wconf 83' lang='lat' dir='ltr'><strong>quibus</strong></span> <span class='ocrx_word' id='word_1_306' title='bbox 1287 2527 1349 2560; x_wconf 88' lang='lat' dir='ltr'><strong>pro</strong></span> <span class='ocrx_word' id='word_1_307' title='bbox 1381 2527 1445 2560; x_wconf 83' lang='lat' dir='ltr'><strong>quo</strong></span> 
     </span>
    </p>

    <p class='ocr_par' dir='ltr' id='par_1_18' title="bbox 184 2565 1531 2650">
     <span class='ocr_line' id='line_1_31' title="bbox 184 2565 1531 2610; baseline -0.001 -12"><span class='ocrx_word' id='word_1_308' title='bbox 184 2587 227 2592; x_wconf 86' lang='lat'><strong>--</strong></span> <span class='ocrx_word' id='word_1_309' title='bbox 262 2586 295 2590; x_wconf 81' lang='lat'>—</span> <span class='ocrx_word' id='word_1_310' title='bbox 354 2587 395 2592; x_wconf 39' lang='lat'><strong>*-</strong></span> <span class='ocrx_word' id='word_1_311' title='bbox 424 2565 471 2598; x_wconf 83' lang='lat'><strong>43</strong></span> <span class='ocrx_word' id='word_1_312' title='bbox 522 2586 567 2590; x_wconf 91' lang='lat'><strong>——</strong></span> <span class='ocrx_word' id='word_1_313' title='bbox 657 2565 687 2598; x_wconf 91' lang='lat' dir='ltr'><strong>A</strong></span> <span class='ocrx_word' id='word_1_314' title='bbox 741 2587 780 2592; x_wconf 86' lang='lat'><strong>-</strong></span> <span class='ocrx_word' id='word_1_315' title='bbox 833 2565 897 2599; x_wconf 87' lang='lat' dir='ltr'><strong>ult.</strong></span> <span class='ocrx_word' id='word_1_316' title='bbox 949 2565 1033 2610; x_wconf 86' lang='lat' dir='ltr'><strong>lege</strong></span> <span class='ocrx_word' id='word_1_317' title='bbox 1060 2566 1241 2599; x_wconf 74' lang='lat' dir='ltr'><strong>Geminum</strong></span> <span class='ocrx_word' id='word_1_318' title='bbox 1265 2575 1328 2609; x_wconf 79' lang='lat' dir='ltr'><strong>pro</strong></span> <span class='ocrx_word' id='word_1_319' title='bbox 1355 2565 1531 2610; x_wconf 70' lang='lat' dir='ltr'><strong>yeminum</strong></span> 
     </span>
     <span class='ocr_line' id='line_1_32' title="bbox 187 2612 1496 2650; baseline 0 -4"><span class='ocrx_word' id='word_1_320' title='bbox 187 2633 299 2641; x_wconf 82' lang='lat'><strong>---</strong></span> <span class='ocrx_word' id='word_1_321' title='bbox 356 2612 471 2648; x_wconf 78' lang='lat'><strong>-48</strong></span> <span class='ocrx_word' id='word_1_322' title='bbox 522 2634 567 2640; x_wconf 78' lang='lat'>-</span> <span class='ocrx_word' id='word_1_323' title='bbox 654 2613 680 2645; x_wconf 93' lang='lat' dir='ltr'>B</span> <span class='ocrx_word' id='word_1_324' title='bbox 733 2635 779 2640; x_wconf 87' lang='lat'><strong>--</strong></span> <span class='ocrx_word' id='word_1_325' title='bbox 856 2614 880 2647; x_wconf 85' lang='lat'>4</span> <span class='ocrx_word' id='word_1_326' title='bbox 978 2634 1023 2639; x_wconf 87' lang='lat'><strong>—-</strong></span> <span class='ocrx_word' id='word_1_327' title='bbox 1073 2613 1200 2650; x_wconf 77' lang='lat'>11119</span> <span class='ocrx_word' id='word_1_328' title='bbox 1276 2635 1320 2640; x_wconf 88' lang='lat'><strong>-—</strong></span> <span class='ocrx_word' id='word_1_329' title='bbox 1371 2612 1496 2647; x_wconf 86' lang='lat'>1119.</span> 
     </span>
    </p>

    <p class='ocr_par' dir='ltr' id='par_1_19' title="bbox 182 2660 1450 2696">
     <span class='ocr_line' id='line_1_33' title="bbox 182 2660 1450 2696; baseline -0.001 -1"><span class='ocrx_word' id='word_1_330' title='bbox 182 2681 218 2688; x_wconf 88' lang='lat'>-</span> <span class='ocrx_word' id='word_1_331' title='bbox 254 2683 297 2688; x_wconf 96' lang='lat'><strong>—</strong></span> <span class='ocrx_word' id='word_1_332' title='bbox 351 2684 394 2689; x_wconf 89' lang='lat'><strong>—-</strong></span> <span class='ocrx_word' id='word_1_333' title='bbox 424 2662 469 2695; x_wconf 78' lang='lat'><strong>73</strong></span> <span class='ocrx_word' id='word_1_334' title='bbox 521 2683 565 2688; x_wconf 87' lang='lat'><em>-</em></span> <span class='ocrx_word' id='word_1_335' title='bbox 653 2661 679 2694; x_wconf 91' lang='lat' dir='ltr'>B</span> <span class='ocrx_word' id='word_1_336' title='bbox 733 2685 778 2689; x_wconf 81' lang='lat'><em>-</em></span> <span class='ocrx_word' id='word_1_337' title='bbox 854 2662 877 2695; x_wconf 88' lang='lat'><strong>9</strong></span> <span class='ocrx_word' id='word_1_338' title='bbox 976 2683 1020 2688; x_wconf 87' lang='lat'><em>-</em></span> <span class='ocrx_word' id='word_1_339' title='bbox 1073 2662 1102 2694; x_wconf 87' lang='grc' dir='ltr'><strong>ΙΙ</strong></span> <span class='ocrx_word' id='word_1_340' title='bbox 1129 2663 1150 2696; x_wconf 91' lang='grc'><strong>2</strong></span> <span class='ocrx_word' id='word_1_341' title='bbox 1278 2683 1323 2688; x_wconf 92' lang='lat'><strong>——</strong></span> <span class='ocrx_word' id='word_1_342' title='bbox 1374 2660 1404 2695; x_wconf 92' lang='grc'><strong>11</strong></span> <span class='ocrx_word' id='word_1_343' title='bbox 1435 2663 1450 2694; x_wconf 94' lang='grc'><strong>1</strong></span> 
     </span>
    </p>

    <p class='ocr_par' dir='ltr' id='par_1_20' title="bbox 180 2709 1509 2755">
     <span class='ocr_line' id='line_1_34' title="bbox 180 2709 1509 2755; baseline -0.002 -10"><span class='ocrx_word' id='word_1_344' title='bbox 180 2731 224 2737; x_wconf 88' lang='grc'><strong>-</strong></span> <span class='ocrx_word' id='word_1_345' title='bbox 254 2732 295 2736; x_wconf 91' lang='grc'>-</span> <span class='ocrx_word' id='word_1_346' title='bbox 354 2731 381 2736; x_wconf 85' lang='lat'><em>-</em></span> <span class='ocrx_word' id='word_1_347' title='bbox 424 2709 491 2745; x_wconf 69' lang='lat'><strong>104</strong></span> <span class='ocrx_word' id='word_1_348' title='bbox 519 2732 563 2736; x_wconf 96' lang='lat'><strong>—</strong></span> <span class='ocrx_word' id='word_1_349' title='bbox 650 2711 680 2743; x_wconf 89' lang='lat' dir='ltr'><strong>A</strong></span> <span class='ocrx_word' id='word_1_350' title='bbox 733 2731 777 2737; x_wconf 89' lang='lat'><strong>—-</strong></span> <span class='ocrx_word' id='word_1_351' title='bbox 852 2710 873 2744; x_wconf 81' lang='lat'><strong>3</strong></span> <span class='ocrx_word' id='word_1_352' title='bbox 971 2732 1015 2737; x_wconf 89' lang='lat'><strong>--</strong></span> <span class='ocrx_word' id='word_1_353' title='bbox 1065 2716 1205 2755; x_wconf 75' lang='lat' dir='ltr'><strong>pratum</strong></span> <span class='ocrx_word' id='word_1_354' title='bbox 1272 2731 1317 2736; x_wconf 87' lang='lat'><strong>--</strong></span> <span class='ocrx_word' id='word_1_355' title='bbox 1367 2715 1509 2755; x_wconf 76' lang='lat' dir='ltr'><strong>partum</strong></span> 
     </span>
    </p>
   </div>
   <div class='ocr_carea' id='block_1_8' title="bbox 160 2843 1658 2938">
    <p class='ocr_par' dir='ltr' id='par_1_21' title="bbox 160 2843 1658 2938">
     <span class='ocr_line' id='line_1_35' title="bbox 204 2843 1658 2889; baseline -0.001 -12"><span class='ocrx_word' id='word_1_356' title='bbox 204 2844 241 2888; x_wconf 50' lang='grc' dir='ltr'><strong>ᾗ)</strong></span> <span class='ocrx_word' id='word_1_357' title='bbox 271 2844 402 2878; x_wconf 83' lang='lat' dir='ltr'><strong>Littera</strong></span> <span class='ocrx_word' id='word_1_358' title='bbox 430 2844 459 2877; x_wconf 87' lang='grc' dir='ltr'>Α</span> <span class='ocrx_word' id='word_1_359' title='bbox 489 2844 646 2878; x_wconf 88' lang='lat' dir='ltr'><strong>ostendit</strong></span> <span class='ocrx_word' id='word_1_360' title='bbox 670 2844 807 2878; x_wconf 84' lang='lat' dir='ltr'><strong>laevam</strong></span> <span class='ocrx_word' id='word_1_361' title='bbox 834 2845 1001 2889; x_wconf 81' lang='lat' dir='ltr'><strong>paginam</strong></span> <span class='ocrx_word' id='word_1_362' title='bbox 1030 2843 1289 2886; x_wconf 76' lang='lat' dir='ltr'><strong>commentarii,</strong></span> <span class='ocrx_word' id='word_1_363' title='bbox 1316 2843 1343 2876; x_wconf 90' lang='grc' dir='ltr'>Β</span> <span class='ocrx_word' id='word_1_364' title='bbox 1373 2843 1545 2877; x_wconf 83' lang='lat' dir='ltr'><strong>dextram.</strong></span> <span class='ocrx_word' id='word_1_365' title='bbox 1599 2843 1658 2877; x_wconf 82' lang='lat' dir='ltr'><strong>Si-</strong></span> 
     </span>
     <span class='ocr_line' id='line_1_36' title="bbox 160 2893 1658 2938; baseline -0.001 -12"><span class='ocrx_word' id='word_1_366' title='bbox 160 2893 221 2938; x_wconf 82' lang='lat' dir='ltr'><strong>gla</strong></span> <span class='ocrx_word' id='word_1_367' title='bbox 248 2899 318 2926; x_wconf 82' lang='lat' dir='ltr'><strong>not.</strong></span> <span class='ocrx_word' id='word_1_368' title='bbox 346 2893 501 2926; x_wconf 76' lang='lat' dir='ltr'><strong>refertur</strong></span> <span class='ocrx_word' id='word_1_369' title='bbox 527 2893 570 2926; x_wconf 84' lang='lat' dir='ltr'><strong>ad</strong></span> <span class='ocrx_word' id='word_1_370' title='bbox 597 2893 759 2927; x_wconf 88' lang='lat' dir='ltr'><strong>codicum</strong></span> <span class='ocrx_word' id='word_1_371' title='bbox 790 2894 993 2927; x_wconf 83' lang='lat' dir='ltr'><strong>notationes</strong></span> <span class='ocrx_word' id='word_1_372' title='bbox 1030 2893 1124 2926; x_wconf 80' lang='lat' dir='ltr'><strong>inter</strong></span> <span class='ocrx_word' id='word_1_373' title='bbox 1159 2893 1357 2926; x_wconf 84' lang='lat' dir='ltr'><strong>orationem</strong></span> <span class='ocrx_word' id='word_1_374' title='bbox 1394 2895 1596 2926; x_wconf 79' lang='lat' dir='ltr'><strong>contextam</strong></span> <span class='ocrx_word' id='word_1_375' title='bbox 1623 2896 1658 2925; x_wconf 80' lang='lat' dir='ltr'><strong>et</strong></span> 
     </span>
    </p>
   </div>
   <div class='ocr_carea' id='block_1_9' title="bbox 157 2942 460 2976">
    <p class='ocr_par' dir='ltr' id='par_1_22' title="bbox 157 2942 460 2976">
     <span class='ocr_line' id='line_1_37' title="bbox 157 2942 460 2976; baseline 0 -1"><span class='ocrx_word' id='word_1_376' title='bbox 157 2942 460 2976; x_wconf 81' lang='lat' dir='ltr'><strong>commentarium.</strong></span> 
     </span>
    </p>
   </div>
  </div>
 </body>
</html>
