1768 3216
143 224 190 260 14
719 210 1022 251 HISTORIARVM
1404 217 1437 244 a.
1465 214 1501 243 u.
1527 205 1613 245 SQ.

143 343 293 382 sterum
319 336 457 379 tributi
485 335 723 378 levamento.
780 330 995 373 Proximae
1021 333 1157 372 tamen
1185 325 1382 372 Romanis
1413 325 1618 370 exerciti-

141 413 216 456 bus
249 412 462 455 Galliarum
494 408 676 450 civitates
706 418 790 448 non
820 405 967 449 eodem
997 404 1158 446 honore
1188 402 1377 455 habitae,
1411 399 1615 457 quaedam

140 488 259 531 etiam
287 486 429 528 finibus
458 482 677 538 ademptis,
716 481 806 537 pari
837 480 982 523 dolore
1012 478 1227 522 commoda
1258 477 1393 521 aliena
1425 489 1476 520 ac
1516 479 1640 519 suas'

138 562 303 604 iniurias
331 559 612 603 metiebantur.
673 556 906 600 Germanici
947 554 1167 609 exercitus,
1200 553 1309 609 quod
1338 551 1617 609 periculosis-

105 637 275 680 ssimum
310 635 352 678 in
385 634 508 678 tantis
536 633 718 686 viribus,
770 632 937 675 solliciti
968 635 1008 674 et
1038 631 1157 684 irati,
1206 629 1401 685 superbia
1430 628 1616 673 recentis

131 710 354 764 victoriae,
399 714 439 752 et
467 713 575 752 metu
604 713 806 762 tamquam
837 707 937 749 alias
969 710 1106 762 partes
1149 705 1366 748 fovissent.
1425 704 1562 749 Tarde
1591 714 1616 747 a

130 786 295 829 Nerone
338 785 617 837 desciverant3
661 796 738 826 nec
783 782 915 825 statim
959 794 1034 836 pro
1077 781 1205 824 Galba
1246 779 1486 836 Verginius.
1546 779 1615 823 An

133 862 333 915 imperare
373 860 595 912 voluisset,
641 858 832 900 dubium:
876 857 1051 899 delatum
1095 856 1134 900 ei
1174 868 1198 898 a
1228 856 1357 899 milite
1397 850 1615 912 imperium

135 935 416 977 conveniebat.
475 934 683 976 Fonteium
714 933 949 987 Capitonem
991 931 1176 974 occisum
1218 930 1341 973 etiam
1382 930 1452 986 qui
1497 930 1615 986 queri

85 1021 216 1051 ronon
259 1012 468 1064 poterant,
516 1013 650 1051 tamen
693 1008 1024 1063 indignabantur.
1083 1006 1176 1048 Dux
1215 1005 1387 1060 deerat,
1435 1005 1615 1049 abducto

134 1084 330 1139 Verginio
359 1097 433 1139 per
461 1084 757 1126 simulationem
786 1083 1013 1134 amicitiae;
1045 1094 1164 1137 quem
1194 1094 1279 1124 non
1310 1082 1464 1124 remitti
1484 1085 1608 1137 atque

135 1160 254 1202 etiam
283 1171 395 1212 reum
426 1171 520 1201 esse
549 1162 750 1213 tamquam
788 1170 903 1201 suum
953 1158 1109 1200 crimen
1144 1156 1419 1212 accipiebant.
1478 1158 1656 1213 supe-9

130 1233 217 1276 rior
251 1220 453 1277 exercitus
493 1234 669 1289 legatum
707 1233 985 1277 Hordeonium
1027 1234 1218 1276 Flaccum
1248 1232 1494 1287 spernebat,
1535 1243 1611 1277 sea-

130 1313 248 1351 necta
278 1321 328 1351 ac
357 1308 565 1351 debilitate
600 1309 748 1363 pedum
787 1309 1036 1362 invalidum,
1077 1309 1168 1351 sine
1210 1309 1470 1362 constantia,
1517 1309 1610 1352 sine

0 1383 392 1447 abisqauctoritatffi
428 1396 481 1426 ne
512 1384 647 1438 quieto
679 1384 841 1439 quidem
872 1385 998 1426 milite
1028 1384 1240 1448 regimen:
1283 1383 1389 1427 adeo
1422 1384 1609 1428 furentes

67 1447 358 1501 '''²'·infirmitate
385 1457 598 1502 retinentis
628 1458 733 1501 ultro
765 1459 1111 1502 accendebantur.
1172 1459 1388 1502 Inferioris
1432 1459 1612 1503 Germa-

265 1595 297 1629 1.
330 1595 487 1642 promime
522 1593 587 1630 Ma.
684 1596 853 1631 Romanis
878 1606 919 1641 pr
944 1595 972 1630 G
1001 1600 1036 1631 et
1062 1595 1157 1631 Harl.
1187 1601 1222 1631 et
1254 1597 1343 1632 les.:
1381 1596 1434 1632 Ma
1470 1601 1506 1633 et
1539 1597 1602 1634 alii

129 1641 322 1676 Germanis.
418 1645 451 1679 3.
478 1655 543 1678 sua
567 1641 641 1678 Ma:
669 1650 866 1679 correctum
893 1646 930 1678 in
958 1644 996 1680 G.
1097 1647 1131 1680 4.
1162 1645 1364 1682 Germanici
1390 1646 1605 1683 Rhenanus:
1631 1681 1654 1691 .,

126 1689 207 1724 libri
247 1691 422 1727 Germani.
518 1692 553 1727 6.
591 1698 700 1727 melus
724 1693 797 1728 Ma:
833 1698 1030 1728 correctum
1056 1694 1092 1727 in
1119 1694 1158 1730 G.
1255 1696 1288 1731 7.

1467 1698 1474 1705 ·
1574 1694 1593 1719 a

125 1737 161 1773 8.
187 1739 351 1774 noluisset
375 1739 446 1774 Ma:
475 1739 638 1776 uoluisset
663 1740 702 1777 G.
780 1743 834 1778 11.
861 1744 1026 1789 uerqem‘o
1050 1740 1115 1777 Ma.
1327 1707 1514 1744 “eruemus
1540 1697 1572 1733 u
1597 1722 1607 1733 ⁶

899 1861 958 1905 qui
989 1871 1034 1894 ex
1061 1860 1246 1896 Germanis
1284 1861 1406 1897 facere
1440 1863 1612 1899 Romania

128 1855 270 1903 τόμενα
312 1849 491 1902 διαβολὴν
530 1857 649 1905 εἶχεν.
687 1858 736 1897 ὥς
783 1856 829 1895 ‘td

303 1902 310 1912 “
898 1918 969 1942 non
998 1909 1195 1944 violentius
1232 1915 1287 1944 est
1313 1921 1417 1956 quam
1449 1911 1610 1947 scribere

127 1899 227 1950 πρός
251 1917 337 1945 τους
356 1903 523 1947 Γαλάτας
538 1906 712 1943 Οὐΐνδικι
738 1919 825 1945 συν-

131 1955 358 2000 αραμένους.
377 1954 536 1991 ἐδόκουν
563 1954 640 2004 γὰρ
670 1955 713 1991 οὐ
742 1959 831 2004 φιλ-

119 2004 331 2048 ανθρωπίᾳ
350 2005 418 2038 τοῦ
435 2002 727 2052 αὐτοκράτορος,
750 2005 825 2041 ἀλλ’

131 2048 342 2097 ὠνούμενοι
378 2053 467 2099 παρ’
504 2054 657 2089 Οὐινίου
683 2055 827 2101 τυγχά-

130 2107 213 2134 νειν
240 2097 404 2138 ἀνέσεώς
431 2110 468 2135 τε
495 2101 656 2149 δασμῶν
671 2106 735 2137 καὶ
756 2116 825 2139 πο-

128 2147 274 2186 λιτείας.
325 2147 377 2182 De
418 2149 535 2183 tributi
574 2151 612 2183 in
656 2157 830 2196 posterum

131 2193 319 2229 levamento
344 2207 378 2231 v.
406 2197 447 2231 H.
475 2197 488 2231 1
518 2199 581 2242 51,
609 2198 651 2234 de
680 2200 827 2235 Vindice

128 2241 286 2277 Prooem.
314 2254 347 2288 p.
373 2245 486 2279 XXIII
508 2257 561 2292 sq.

191 2292 371 2336 proximae
397 2299 511 2328 tamen
527 2296 695 2331 Romanis
722 2309 826 2332 exer-

128 2339 247 2374 citibus
285 2341 478 2376 Galliarum
518 2345 696 2380 civitates:
741 2346 828 2381 dicit

127 2385 286 2422 Treviros
314 2395 349 2423 et
374 2390 551 2437 Lingonas
594 2394 708 2439 (conf.
736 2396 828 2431 infra

128 2445 158 2468 c.
201 2436 240 2470 51
280 2441 314 2471 et
351 2439 396 2473 53
423 2445 457 2473 et
482 2441 525 2476 57
554 2446 588 2476 et
614 2443 660 2478 63
686 2448 722 2477 et
746 2445 824 2491 64),

126 2493 197 2516 non
227 2486 331 2519 etiam
359 2487 578 2523 Germaniam
604 2493 823 2536 superiorem

127 2535 162 2564 et
189 2532 404 2579 inferiorem,
432 2547 521 2582 quae
549 2549 619 2573 non
645 2551 731 2575 vere
756 2552 825 2576 no-

125 2580 340 2616 minarentur
350 2583 536 2620 Galliarum
552 2588 727 2623 civitates.
749 2591 825 2624 Ro-

124 2639 244 2663 manos
299 2634 474 2668 exercitus
524 2636 608 2670 dicit
658 2633 824 2684 legienes

131 2675 335 2714 Germaniae
361 2684 551 2726 superioris
576 2690 610 2719 et
633 2686 824 2732 inferioris,

126 2726 186 2768 qui
212 2727 308 2762 cives
327 2728 486 2766 Romani.
513 2732 610 2768 Hanc
627 2745 712 2769 vero
732 2738 824 2770 scri-

128 2777 260 2815 pturam
277 2779 519 2814 commendant
534 2792 604 2815 non
623 2783 726 2817 modo
742 2783 823 2819 libri

128 2821 185 2874 qui
210 2823 374 2860 Romanis
398 2827 586 2873 exhibent,
630 2832 692 2866 sed
719 2834 825 2867 etiam

128 2877 152 2900 11
179 2869 214 2901 iu
240 2873 363 2915 quibus
391 2881 442 2909 est
470 2877 662 2922 Germanis,
694 2880 824 2915 leviter

130 2923 327 2961 corruptum
352 2932 414 2965 pro
436 2925 611 2962 Romanis.
646 2928 731 2963 Nam
746 2931 823 2974 ipsa

129 2963 241 3000 forma
262 2967 441 3006 Germanis
462 2983 531 3008 non
560 2981 640 3020 apta
663 2983 736 3022 est;
765 2983 821 3013 at·-

900 1958 1141 2002 Germanicis,
1171 1968 1241 2004 quo
1269 1958 1405 2005 alioqui
1432 1970 1523 2005 opus
1549 1971 1611 1996 es..

897 2011 974 2041 set:
1006 2007 1070 2042 sed
1096 2006 1166 2041 hoc
1191 2008 1307 2052 ipsum
1342 2019 1437 2043 nunc
1466 2009 1610 2055 quidem

898 2057 1044 2100 vitavit,
1089 2057 1173 2103 quia
1212 2058 1404 2091 etiamnum
1433 2058 1468 2092 in
1495 2058 1610 2094 Gallia

896 2109 1081 2149 versatur,
1117 2105 1274 2140 nondum
1317 2105 1361 2140 ad
1404 2106 1609 2143 Germanias

896 2155 1061 2188 accessit.

952 2202 1156 2238 Germanici
1166 2204 1340 2238 exercitas
1352 2215 1363 2238 .·
1391 2215 1605 2253 quamquam

896 2251 1028 2286 omissa
1060 2252 1178 2287 media
1211 2253 1353 2298 syllaba
1387 2254 1423 2288 in
1461 2254 1545 2290 GMa
1572 2260 1609 2291 et

896 2299 1160 2336 Oxoniensibus
1194 2312 1266 2336 non
1309 2302 1515 2339 Germanici
1542 2304 1608 2340 sed

896 2349 1064 2385 Germani
1090 2350 1234 2396 legitur,
1262 2353 1360 2396 prius
1380 2357 1498 2388 tamen
1520 2355 1607 2400 quin

893 2408 1018 2432 verum
1046 2400 1091 2434 sit
1117 2399 1272 2434 dubitari
1295 2401 1432 2446 nequit.
1471 2401 1608 2449 Legio-

893 2456 957 2480 nes
1004 2449 1098 2482 enim
1143 2449 1179 2481 in
1225 2448 1362 2483 duabus
1407 2449 1608 2485 Germaniis

892 2495 1074 2531 Romanae
1092 2496 1297 2531 Germanici
1313 2501 1396 2531 sunt
1409 2500 1606 2542 exercitus,

893 2549 1016 2578 contra
1055 2544 1220 2580 Germani
1258 2547 1439 2581 exercitus
1479 2549 1607 2593 copiae

894 2591 1216 2638 Germanorum‚-ut
1233 2600 1333 2629 recte
1347 2595 1485 2630 monuit
1502 2597 1606 2632 Wal-

894 2640 1027 2676 therus.
1079 2643 1137 2678 Sic
1180 2642 1195 2677 I
1234 2645 1280 2679 22
1321 2655 1345 2677 a
1394 2644 1606 2680 Germanico

893 2692 1066 2731 eaeercitu.
1108 2691 1154 2727 26
1188 2692 1392 2727 Germanice
1430 2695 1605 2729 exercitus

888 2738 1001 2782 fidem,
1031 2740 1075 2773 31
1105 2740 1339 2775 Germanicae
1365 2741 1532 2788 leqt'ones,
1556 2742 1605 2778 46

892 2785 1066 2831 legionum
1093 2788 1385 2824 Germanicarum
1413 2796 1533 2834 motu,
1571 2791 1604 2826 lt

891 2834 939 2869 39
964 2835 1011 2868 ad
1038 2836 1266 2872 Germanicos
1296 2839 1490 2883 exercitus,
1518 2839 1559 2876 H.
1589 2839 1603 2875 Ι

895 2884 939 2917 14
969 2890 1046 2928 post
1079 2887 1220 2921 nuntios
1249 2887 1483 2922 Germanicae
1507 2889 1603 2924 sedi-

891 2931 1004 2973 tionis,
1033 2932 1079 2968 74
1102 2934 1149 2967 ad
1162 2941 1342 2980 utrumque
1356 2937 1602 2973 Germanicum

891 2981 1102 3027 exercitum,
1154 2983 1286 3018 ibidem
1329 2986 1470 3021 nomine
1507 2987 1599 3024 Ger-
