1768 3216
191 236 239 270 4⁶
775 217 1083 258 msromnvu
1462 224 1494 248 a.
1522 217 1558 247 α.
1585 199 1677 257 Q

194 349 387 391 tationem
419 345 545 393 attulit
574 347 729 396 tempus
760 352 808 382 ac
838 338 978 389 locus,
1011 335 1105 390 quia
1136 333 1252 375 initio
1284 329 1429 373 caedis
1459 330 1559 371 orto
1580 323 1675 371 &sse

192 424 310 465 ficilis
340 421 495 462 modus.
556 418 604 458 Et
634 416 851 457 turbavere
883 411 1099 455 consilium
1131 407 1279 462 trepidi
1310 404 1443 447 nuntii
1482 416 1533 447 ac
1562 412 1675 458 proc·

192 499 390 540 ximorum
429 492 621 547 diffugia,
671 489 959 545 languentibus
1008 486 1187 527 omnium
1229 482 1377 524 studiis
1425 480 1495 534 qui
1531 478 1670 535 primo
1736 523 1743 527 ἢ

192 572 347 613 alacres
389 568 508 609 fidem
558 570 678 619 atque
719 565 896 606 animum
944 562 1264 603 ostentaverant.
1326 555 1544 611 Agebatur
1590 553 1742 603 hue4o

159 645 283 688 silluc
314 643 466 694 Galba,
507 641 624 683 vario
656 640 798 681 turbae
829 636 1059 679 fluctuantis
1091 634 1289 688 impulsu,
1332 630 1550 687 completis
1587 639 1673 671 un-

190 720 311 773 dique
340 717 523 760 basilicis
555 729 603 758 ac
635 714 808 768 templiS,
845 710 1291 778 ‘lugub—[iqprospectu.
1348 707 1495 761 Neque
1531 703 1671 761 populi

190 798 257 835 aut
302 792 431 847 plebis
479 773 560 832 ulla
610 802 714 841 vox,
763 787 837 829 sed
887 785 1046 827 attoniti
1086 782 1223 825 vultus
1261 787 1302 824 et
1342 788 1578 824 conversae
1618 779 1670 823 ad

34 886 138 921 1„,.2²ae
191 868 326 910 omnia
383 878 516 908 aures.
584 865 675 906 Non
732 862 944 913 tumultus,
1005 872 1087 901 non
1148 858 1290 913 quies,
1348 854 1471 911 quale
1526 856 1671 911 magni

40 907 321 999 [ff'l3fif'ss‘metus
370 945 408 982 et
453 951 626 993 magnae
675 938 761 978 irae
807 936 1012 979 silentium
1063 938 1137 975 est.
1209 932 1362 975 Othoni
1410 936 1550 974 tamen
1598 940 1672 974 ar-

0 989 177 1087 jsffio
192 1016 293 1057 mari
321 994 479 1070 plebem
510 1012 780 1054 nuntiabatur⁴
831 1011 894 1052 Ire
912 1010 1160 1064 praecipites
1184 1013 1225 1050 et
1245 1018 1454 1062 occupare
1483 1006 1670 1062 perteula

0 1081 63 1134 ν’ὗΐ,
192 1090 314 1132 iubet.
373 1090 500 1144 Igitur
528 1088 675 1128 milites
705 1086 898 1137 Romani,
942 1085 1058 1138 quasi
1089 1083 1330 1139 Vologesen
1371 1087 1440 1126 aut
1468 1083 1670 1125 Pacorum

193 1165 300 1206 avito
331 1162 621 1206 Arsacidarum
651 1161 757 1202 solio
788 1160 997 1214 depulsuri
1029 1171 1078 1200 ac
1108 1170 1193 1199 non
1226 1159 1521 1213 imperatorem
1551 1168 1670 1200 suum

190 1239 386 1280 inermem
417 1241 458 1278 et
485 1248 626 1278 senem
657 1235 866 1277 trucidare
893 1238 1141 1290 pergerent,
1183 1234 1359 1276 disiecta
1389 1233 1536 1288 plebe,
1566 1244 1673 1288 pro-

192 1312 348 1354 culcato
379 1316 543 1363 senatu,
583 1314 718 1352 truces
749 1310 897 1362 armis,
940 1309 1075 1364 rapidi
1105 1309 1222 1363 equis
1255 1309 1389 1351 sorum
1420 1309 1671 1364 inrumpunt.

141 1400 178 1430 ιε
190 1388 274 1430 Nec
304 1387 394 1428 illos
414 1386 600 1440 Capitolii
629 1390 819 1439 aspectus
849 1388 888 1425 et
923 1384 1222 1426 imminentium
1255 1384 1498 1439 templorum
1519 1382 1672 1440 religio

192 1464 231 1503 et
258 1461 417 1515 priores
449 1465 487 1501 et
524 1461 645 1502 futuri
682 1460 890 1514 principes
929 1464 1144 1513 terruere,
1186 1471 1268 1513 quo
1309 1460 1443 1501 minus
1485 1459 1673 1502 facerent

191 1535 326 1577 scelus
359 1535 472 1576 cuius
502 1535 608 1576 ultor
639 1539 700 1576 est
730 1535 914 1588 quisquis
945 1533 1163 1576 successit.
1209 1533 1310 1575 Viso
1342 1533 1574 1576 comminus
1599 1547 1672 1576 ar-
1684 1538 1738 1578 41

22 1636 32 1658 ¹.
83 1603 158 1664 [ῃ.
188 1613 384 1650 matorum
416 1610 592 1665 agmine,
623 1609 858 1651 vexillarius
891 1609 1112 1674 comitatae
1143 1607 1314 1650 Galbam
1335 1606 1523 1651 cohortis
1553 1608 1671 1661 (Ati-

0 1657 150 1737 4>
187 1683 283 1724 lium
312 1684 589 1739 Vergilionem
620 1683 747 1726 fuisse
775 1663 1204 1748 traduntTJereptam
1244 1683 1400 1771 Gffflboe
1426 1683 1670 1757 qimaginem

2 1747 25 1765 ''''
77 1754 86 1759 ”
1128 1762 1159 1802 5⁴„
1232 1759 1392 1797 (som,
1436 1782 1442 1785 .

321 1827 357 1860 4.
384 1826 627 1860 ostentaverinc
651 1825 722 1863 Ma:
752 1832 947 1862 correctum
975 1829 1069 1861 inest
1094 1824 1133 1860 G.
1212 1827 1244 1860 5.
1274 1826 1346 1873 inp.
1375 1825 1445 1861 Mt-
1517 1827 1552 1863 6.
1579 1833 1669 1874 pm·-

189 1873 368 1917 spectuG:
395 1873 446 1908 Ma
473 1881 654 1919 arospcctu
678 1874 736 1909 vel
763 1881 945 1922 troepectu.
964 1876 1185 1919 distinguere
1213 1875 1561 1920 nequivitBaRemffl
1589 1884 1669 1910 eum

190 1921 330 1955 litterae
364 1933 387 1955 a
419 1927 454 1956 et
485 1929 495 1957 t
535 1924 571 1956 in
609 1922 677 1956 hoc
710 1923 832 1958 codice
870 1925 938 1958 sibi
978 1926 1048 1958 sint
1090 1924 1305 1959 simillimae.
1404 1929 1438 1963 7.
1485 1925 1568 1961 vm.
1608 1924 1669 1960 0¹·-

193 1980 353 2003 converse
377 1970 440 2005 Ma.
506 1971 560 2006 10.
589 1971 687 2016 plebe
713 1969 776 2005 Ma.
844 1974 896 2007 11.
932 1973 1120 2019 Voloyesen
1146 1973 1361 2007 Beroaldus:
1390 1973 1443 2008 Mu
1465 1973 1669 2021 νοίῠςαοιᾶ,

193 2017 220 2051 G
247 2017 451 2063 uoloqesum.
514 2020 567 2053 ¹4.
595 2020 711 2064 rapidi
736 2018 810 2053 Ma:
837 2021 969 2067 rapidis
996 2022 1034 2056 G.
1097 2024 1161 2058 irr.
1188 2022 1245 2057 Or.
1324 2022 1380 2058 18.
1409 2022 1540 2069 galbae
1562 2021 1669 2059 W:

193 2067 345 2100 correxit
373 2066 573 2102 Rhenanus.
647 2068 790 2102 adilium
812 2068 887 2103 Ma:
914 2070 1062 2105 attilium
1089 2070 1127 2105 G.

193 2190 278 2225 siliis
310 2192 528 2237 infelicibus,
564 2195 691 2240 optima
726 2196 890 2231 videren-

193 2245 270 2273 tur.-
305 2243 523 2276 attractionis
549 2244 654 2277 venia
685 2245 773 2278 haec
799 2247 889 2279 scri-

193 2289 261 2331 psit
285 2299 345 2333 pro
373 2296 484 2334 atque,
508 2297 544 2325 ul
571 2293 682 2326 evenit
707 2294 744 2326 in
765 2306 794 2328 c.
810 2296 889 2339 inf„

193 2337 319 2381 optima
360 2338 586 2385 viderentur,·
621 2351 653 2374 v.
694 2347 812 2378 annot.
848 2343 891 2377 ad

194 2384 234 2417 Ο.
261 2386 319 2419 34.

262 2434 498 2477 proximorum
531 2437 696 2482 diffuyia:
738 2437 893 2474 feliciter

194 2479 297 2513 audet
343 2486 377 2515 et
415 2484 576 2526 procudit
618 2485 828 2520 vocabulum
873 2500 892 2522 a

193 2528 381 2573 prioribus,
407 2536 445 2563 ut
469 2532 619 2576 videtur,
648 2545 718 2567 non
745 2545 893 2580 usurpa-

194 2580 278 2620 tum,
306 2578 368 2612 sed
394 2584 492 2613 recte
521 2582 798 2627 conformatum3
826 2595 893 2619 ne-

194 2634 262 2669 que
291 2627 422 2672 effugia
446 2639 513 2663 nec
540 2631 678 2676 resuyia
697 2634 893 2667 sententiae

193 2673 379 2709 scribentis
406 2677 489 2710 satis
514 2679 785 2722 respondebant.

266 2720 350 2767 Cap.
373 2723 432 2759 40.
479 2727 651 2772 completis
679 2748 724 2754 —-—
751 2729 894 2774 templis,

193 2767 327 2813 lugubri
349 2779 553 2819 prospectu.-
592 2776 691 2810 adest
715 2782 893 2821 spectator

192 2817 360 2861 populus,
398 2826 435 2854 ut
460 2823 495 2855 in
524 2823 660 2858 ludicro
686 2826 891 2869 certamine,

192 2865 304 2898 tristia
316 2877 355 2900 ac
366 2867 526 2914 lugubria
535 2874 761 2918 prospiciens.
774 2874 892 2908 Theo-

193 2911 288 2946 disce
309 2923 491 2952 convertas
517 2921 554 2953 in
581 2921 641 2954 der
669 2922 893 2958 Voraussicht

191 2962 259 3007 auf
280 2961 545 3002 Trauerscenen.
576 2968 811 3007 Forcellinius
829 2982 892 3008 ac-

961 2197 1046 2242 cipit
1072 2197 1115 2232 de
1142 2205 1281 2245 aspectu
1307 2204 1343 2234 et
1367 2201 1463 2246 facie
1487 2199 1580 2245 loci,
1606 2200 1670 2237 sed

959 2247 1084 2290 adhuc,
1113 2247 1146 2281 h.
1171 2259 1201 2281 e.
1218 2253 1405 2294 antequam
1426 2250 1566 2290 initium
1582 2260 1670 2285 cae-

960 2295 1012 2329 dis
1041 2296 1169 2330 factum
1199 2302 1296 2342 erat,
1333 2298 1421 2332 nihil
1461 2296 1608 2345 liaqubre
1634 2299 1670 2333 in

961 2354 1002 2377 eo
1044 2350 1188 2389 aspectu
1231 2351 1265 2380 et
1304 2347 1428 2382 turbae
1463 2347 1670 2383 fluctuantis

959 2392 1051 2426 facie
1077 2393 1210 2429 aderat.
1263 2395 1320 2430 Sic
1347 2396 1496 2430 verbum
1546 2408 1670 2444 respe-

961 2447 1057 2474 ctare
1081 2442 1219 2477 Tacitus
1245 2444 1386 2479 admisit
1415 2444 1462 2479 Vl
1546 2456 1555 2479 τ
1580 2454 1670 2492 pro:-

960 2496 1117 2534 spectare
1149 2493 1220 2525 iam
1252 2505 1287 2527 se
1320 2494 1441 2528 acrius
1479 2493 1668 2530 ser-vitiem.

960 2537 1117 2573 Nominis
1144 2541 1268 2575 eodem
1295 2542 1399 2576 modo
1418 2542 1527 2588 positi
1543 2550 1668 2578 exem-

961 2586 1056 2629 plum
1094 2599 1137 2622 ex
1169 2590 1385 2625 Tertulliano
1419 2591 1463 2626 de
1499 2590 1620 2636 Spect.
1651 2591 1667 2626 1

961 2634 1195 2672 Forcellinius
1235 2640 1402 2683 protulit:
1443 2645 1482 2674 ut
1507 2639 1574 2674 Ιιοσ
1601 2640 1669 2674 hu-

960 2694 1062 2716 mano
1084 2694 1288 2732 prospectu,
1318 2700 1390 2722 non
1416 2689 1533 2723 divino
1557 2699 1670 2735 prae-

961 2734 1088 2777 scripto
1123 2735 1295 2778 definitum
1331 2739 1556 2772 ewistimelur.
1607 2738 1669 2772 ln-

960 2784 1130 2824 terpretes
1157 2783 1191 2818 h.
1219 2785 1242 2819 l.
1269 2791 1400 2821 tacent.

1027 2831 1147 2875 populi
1172 2840 1230 2867 aut
1254 2834 1387 2879 plebis.-
1415 2835 1462 2869 cf.
1482 2840 1603 2870 annot.
1624 2834 1668 2870 ad

962 2877 1002 2909 H.
1030 2877 1044 2910 I
1069 2880 1126 2922 35,
1154 2881 1201 2914 lll
1227 2883 1284 2917 58.
1599 2908 1604 2909 ν

1040 2926 1226 2972 Voloqesen
1263 2937 1323 2965 aut
1360 2932 1558 2968 Pacorum.-
1597 2943 1667 2968 no-

960 2974 1070 3009 minat
1094 2985 1194 3012 acres
1228 2984 1263 3013 et
1288 2979 1399 3017 fortes
1428 2982 1670 3018 Romanorum
