1768 3216
157 208 206 242 8⁰
741 192 1045 232 HISTORIARVM
1431 197 1463 220 a.
1490 195 1528 221 u.
1552 185 1638 224 822.

293 319 470 362 Crebrae
499 315 658 357 interim
690 318 730 356 et
759 311 1026 354 muliebribus
1056 305 1349 349 blandimentis
1380 303 1563 346 infectae
1587 300 1710 345 abu

161 395 321 437 Othone
351 392 401 434 ad
432 390 632 432 Vitellium
664 387 862 442 epistulae
894 383 1124 426 offerebant
1152 379 1371 434 pecuniam
1403 382 1443 420 et
1462 377 1641 433 gratiam

160 474 199 511 et
228 477 519 522 quemcumque
550 462 697 517 quietis
728 462 864 502 locum
894 458 1099 513 prodigae
1128 457 1237 497 vitae
1276 453 1463 508 legisset.
1522 451 1643 494 Paria

156 540 338 584 Vitellius
371 537 622 588 ostentabat,
664 535 796 589 primo
830 533 1014 584 mollius,
1046 531 1165 572 stulta
1196 529 1400 581 utrimque
1440 530 1480 569 et
1517 525 1645 568 inde-

51 624 56 627 ·
126 626 253 660 soora
284 611 566 654 simulatione:
613 621 731 662 mox,
764 608 881 662 quasi
911 607 1121 657 rixantes,
1154 608 1291 657 stupra
1333 606 1374 644 et
1412 600 1569 656 flagitia
1601 600 1642 641 in

42 1392 50 1409 Ἀἵ

45 1410 51 1419 v

33 1459 39 1467 n

0 1435 52 1502 (ν,-

154 687 284 730 vicem
318 686 596 736 obiectavere,
631 687 775 725 neuter
805 682 923 723 falso.
986 680 1109 732 Otho,
1141 677 1351 720 revocatis
1384 687 1488 730 quos
1513 674 1644 717 Galba

157 762 323 803 miserat
351 760 498 814 legatis
517 791 527 811 ,
559 770 701 799 rursus
734 757 837 799 alios
869 756 918 797 ad
952 759 1168 808 utrumque
1194 752 1485 795 Germanicum
1516 762 1646 793 exer-

161 837 282 877 citum
315 839 354 876 et
382 834 430 874 ad
462 833 668 888 legionem
700 832 882 873 Italicam
914 842 1067 883 easque
1099 840 1204 882 quae
1244 826 1435 882 Lugduni
1465 825 1648 881 agebant

162 910 300 963 copias
331 908 470 961 specie
500 911 665 949 senatus
697 906 817 947 misit.
867 904 1011 959 Legati
1035 903 1140 957 apud
1156 902 1366 944 Vitellium
1386 911 1645 952 remansere,

109 1001 146 1030 10
160 983 381 1037 promptius
413 993 532 1035 quam
563 985 606 1022 ut
633 980 779 1022 retenti
809 979 1062 1021 viderentur.
1122 976 1403 1029 Praetoriani,
1435 986 1540 1030 quos
1571 986 1650 1029 per

163 1057 460 1099 simulationem
492 1055 617 1097 oflicii
646 1055 793 1110 legatis
819 1054 925 1095 Otho
948 1053 1208 1104 adiunxerat,
1240 1051 1407 1093 remissi
1428 1054 1648 1104 antequam

163 1131 394 1186 legionibus
426 1131 707 1172 miscerentur.
768 1128 939 1170 Addidit
970 1127 1166 1181 epistulas
1197 1126 1348 1168 Fabius
1365 1125 1535 1178 Valens,
1568 1135 1652 1166 no-

164 1205 274 1246 mine
295 1204 525 1246 Germanici
556 1204 776 1255 exercitus,
809 1203 858 1245 ad
890 1203 1121 1257 praetorias
1153 1205 1194 1244 et
1222 1201 1404 1242 urbanas
1436 1199 1650 1251 cohortes,

168 1279 219 1321 de
248 1278 402 1320 viribus
431 1279 603 1332 partium
633 1277 872 1332 magnificas
905 1281 944 1319 et
975 1276 1246 1318 concordiam
1278 1274 1518 1316 offerentes.
1580 1273 1654 1316 ln-
1690 1283 1694 1291 ·

25 1328 36 1349 *⁴
73 1337 153 1414 ''⁴⁶¹2“
168 1353 358 1407 crepabat
387 1353 489 1394 ultro
522 1353 629 1406 quod
659 1357 769 1394 tanto
802 1357 896 1394 ante
927 1352 1119 1394 traditum
1151 1352 1317 1394 Vitellio
1350 1351 1566 1405 imperium
1601 1350 1652 1392 ad

131 1427 141 1444 ’
170 1426 368 1469 Othonem
397 1428 630 1469 vertissent.
680 1428 738 1469 lta
767 1427 983 1481 promissis
1015 1426 1135 1469 simul
1167 1439 1218 1468 ac
1249 1426 1371 1468 minis
1392 1425 1724 1481 temptaban-75

29 1500 45 1509 ²
170 1505 255 1553 tur,
294 1505 336 1542 ut
373 1501 479 1543 bello
520 1502 718 1556 impares,
758 1502 800 1543 in
843 1514 949 1556 pace
978 1500 1083 1543 nihil
1114 1501 1319 1543 amissuri.
1381 1501 1526 1555 Neque
1556 1500 1654 1543 ideo

0 1604 15 1632 θ
63 1602 145 1628 :aas
168 1575 519 1628 praetorianorum
549 1574 650 1617 fides
680 1580 845 1617 mutata.
907 1575 988 1617 Sed
1030 1575 1298 1617 insidiatores
1330 1575 1381 1616 ab
1414 1574 1578 1617 Othone
1610 1575 1650 1616 in

0 1656 6 1661 ”
40 1644 441 1717 .3(!1·Germaniam‚
474 1662 495 1690 a
526 1649 687 1691 Vitellio
720 1650 760 1691 in
789 1650 934 1691 urbem
963 1649 1093 1691 missi.
1155 1649 1348 1704 Utrisque
1380 1650 1532 1692 frustra
1566 1649 1655 1702 fuit,

20 1716 29 1733 “
121 1712 395 1768 aoVitellianis
426 1723 608 1776 impune,
650 1736 725 1778 per
753 1729 906 1766 tantam
937 1724 1148 1766 hominum
1179 1709 1480 1766 multitudinem
1518 1727 1657 1766 mutua

321 1848 351 1880 1.
380 1846 562 1880 blandiciis
587 1847 625 1881 G.
703 1850 736 1883 2.
764 1849 929 1894 epistulae
956 1849 1004 1883 G:
1035 1848 1157 1895 epulae
1184 1861 1229 1885 a,
1316 1848 1556 1895 offerebantur
1579 1859 1659 1883 cum

178 1895 304 1927 ceteris
331 1894 448 1930 abG:
476 1897 629 1928 correxit
656 1895 858 1931 Rhenanus.
943 1900 978 1932 3.
1007 1908 1228 1942 quaecunque
1256 1903 1335 1941 ab,
1367 1908 1592 1943 quencumque
1619 1896 1658 1932 G.

181 1941 265 1996 lacis
288 1947 333 1977 l).
439 1944 473 1976 4.
502 1949 532 1976 et
560 1943 606 1976 G:
646 1955 688 1977 ac
712 1957 756 1980 a.
854 1946 886 1980 7.
916 1945 1005 1979 alios
1031 1956 1087 1978 orn
1114 1950 1202 1982 ab:
1230 1946 1322 1980 inest
1348 1945 1472 1981 ABCG
1496 1950 1534 1981 et
1559 1945 1661 1982 Oxo-

178 1989 371 2023 mensibus.
444 1990 466 2024 8
505 2002 588 2034 quas
614 1997 692 2034 ab,
719 1994 817 2036 quasi
843 1994 880 2027 G.
956 1994 989 2029 9.
1017 1995 1149 2039 species
1176 2007 1218 2030 a.
1323 1996 1378 2030 12.
1406 1993 1543 2031 addidit
1569 1993 1663 2033 bCG

182 2041 216 2092 ct
243 2037 336 2070 Harl.
363 2038 451 2071 les.:
482 2039 577 2073 addit
602 2051 645 2076 a.
722 2041 838 2085 epulas
863 2054 907 2083 a,
933 2042 1095 2087 epistolas
1122 2043 1157 2077 G.
1237 2043 1290 2078 14.
1310 2043 1519 2090 increpabat
1545 2043 1662 2082 aen:

179 2085 406 2130 increpabant
435 2085 493 2120 BG
519 2092 554 2120 et
583 2086 815 2133 Oxonienses‚
838 2091 998 2136 increpat
1021 2097 1067 2127 l).
1164 2092 1218 2126 15.
1249 2098 1346 2126 tanto
1369 2102 1431 2126 -om
1458 2105 1504 2130 a.
1607 2090 1663 2127 16.

154 2156 157 2169 .
182 2133 383 2167 tendebatur
408 2147 451 2177 a,
479 2136 699 2170 tentabantur
726 2136 764 2171 G.
867 2139 921 2173 17.
942 2139 1127 2174 admissuri
1151 2146 1239 2177 ab:
1276 2140 1304 2175 G
1332 2141 1509 2176 amissuri.

254 2249 336 2293 Cap.
353 2249 408 2284 74.
445 2250 549 2284 stulta
573 2252 742 2297 utrimque
768 2259 799 2287 et
823 2254 884 2287 in-
954 2255 1037 2298 des,
1074 2256 1136 2290 sed
1161 2268 1225 2301 per
1257 2257 1522 2292 simulationem
1551 2256 1664 2291 officii

183 2297 309 2331 decora
333 2298 576 2332 simulatione:
618 2301 725 2335 stulta
751 2303 885 2336 utrius-
954 2304 989 2336 in
1015 2305 1143 2339 itinere
1170 2306 1298 2352 legatis
1325 2304 1542 2350 praestandi.

184 2356 250 2390 que
276 2346 451 2401 simulatio
476 2352 549 2381 erat
568 2374 577 2390 ‚
613 2350 705 2394 quod
747 2351 885 2384 scribe·
1028 2354 1116 2397 quod
1152 2360 1247 2388 tanto
1284 2361 1366 2388 ante
1403 2354 1572 2389 traditum
1603 2353 1667 2388 Via-
1693 2372 1703 2392 η

183 2393 266 2426 bant
292 2405 346 2449 cui
372 2399 496 2428 neuter
521 2396 623 2430 fidem
650 2397 781 2432 habere
801 2409 886 2443 pos-
955 2399 1050 2434 tellio
1088 2403 1294 2446 imperium.-
1333 2404 1494 2437 imitatur
1525 2402 1667 2436 'l'acitus

186 2446 259 2482 set,
295 2442 458 2498 indecora
485 2445 578 2488 quod
604 2447 774 2488 promissa
801 2458 887 2492 pro-
955 2449 1065 2482 verba
1091 2450 1239 2495 gloriosi
1268 2451 1433 2486 hominis.
1463 2451 1604 2495 Quippe
1623 2449 1668 2484 ad
1700 2473 1703 2491 ι,

185 2489 326 2522 mebant
352 2490 477 2534 qulbus
513 2493 579 2536 ipsi
613 2498 706 2527 stare
739 2495 887 2538 posthac
958 2497 1140 2531 Vitellium
1168 2499 1292 2534 diebus
1321 2500 1446 2534 decem
1468 2498 1582 2533 tribus
1607 2497 1668 2532 vel

188 2537 335 2571 nollent.
387 2537 488 2573 Conf.
515 2540 556 2574 H.
583 2540 630 2574 111
657 2541 715 2576 66.
957 2545 1092 2579 duobus
1133 2553 1214 2581 ante
1253 2548 1296 2581 ab
1331 2549 1493 2582 exercitu
1519 2545 1669 2581 Germa-

245 2587 343 2629 quasi
356 2587 529 2621 riaeantes:
558 2590 594 2622 in
610 2590 770 2634 epistolis
789 2592 887 2635 quasi
956 2594 1037 2627 nico
1076 2605 1178 2639 quam
1212 2596 1346 2631 Romae
1379 2607 1399 2630 a
1430 2595 1669 2640 praetorianis

186 2642 356 2690 praesens
400 2641 622 2678 praesentem
673 2637 886 2683 alloquendo
956 2642 999 2674 ad
1012 2641 1184 2677 Othonem
1202 2643 1358 2678 delatum
1374 2644 1561 2688 imperium
1580 2647 1668 2678 erat.
1704 2632 1708 2690 ἱ

189 2685 223 2713 et
252 2692 376 2727 iurgiis
402 2684 566 2726 petendo.
688 2688 801 2731 specie
830 2699 887 2720 se-
958 2689 1058 2724 Conf.
1089 2691 1128 2725 ll.
1156 2691 1169 2724 l
1196 2693 1240 2727 27
1272 2704 1350 2738 sqq.
1395 2703 1473 2727 curn
1501 2703 1533 2726 e.
1561 2691 1608 2726 56
1634 2696 1670 2725 et
1707 2699 1711 2726 t

186 2734 306 2763 natus:
333 2736 474 2765 senatus
501 2735 643 2766 nomine
670 2739 704 2767 et
730 2735 887 2777 decreto,
957 2739 1014 2772 57.
1053 2738 1105 2772 De
1134 2741 1291 2775 vanitate
1321 2740 1482 2775 Valentis
1510 2750 1546 2775 v.
1573 2739 1615 2774 H.
1643 2740 1669 2775 1.

188 2786 257 2809 non
283 2779 451 2823 principis
478 2781 588 2823 iussu,
616 2787 753 2816 euntes.
959 2787 1005 2820 52
1031 2798 1107 2819 cum
1133 2794 1253 2822 annot.

248 2836 319 2878 ‘per
344 2827 593 2862 simulationem
619 2831 754 2874 officii:
782 2841 890 2865 sena-

190 2871 323 2905 toribus
349 2883 468 2916 parum
502 2877 681 2911 confidens
714 2879 890 2913 adiunxe-

192 2923 244 2951 rat
278 2924 517 2963 praetorianos
554 2930 730 2971 tamquam
769 2934 891 2963 custo-

1033 2834 1116 2878 Cap.
1134 2837 1190 2870 75.
1226 2837 1287 2871 sed
1311 2836 1558 2871 insidiatores.-
1584 2847 1671 2881 pro-

960 2882 1054 2915 xime
1082 2885 1200 2927 priora
1233 2884 1469 2919 humilitatem
1497 2890 1532 2920 et
1558 2885 1672 2920 dede-

962 2940 1023 2964 cus
1039 2930 1082 2965 de
1101 2934 1302 2979 principatu
1319 2935 1530 2968 certantium
1546 2939 1673 2970 osten..
