1768 3216
151 222 226 262 ³83
717 214 1028 253 HISTORIARVM
1433 229 1463 252 a.
1495 227 1531 256 u.
1557 217 1643 256 823.

147 337 299 382 sinunt.
358 336 451 379 Non
483 334 654 387 regibus
684 333 788 376 haec
833 333 1042 386 adulatio,
1087 345 1173 375 non
1211 333 1460 379 Caesaribus
1496 335 1646 380 honor.

145 411 225 454 Sed
271 410 363 463 quia
405 408 649 454 sacerdotes
699 402 844 451 eiii-iun
885 409 986 454 tibia
1027 409 1315 463 tympanisque
1353 409 1646 464 concinebant,

143 484 299 525 hedera
331 482 635 534 vinciebantur,
667 474 847 538 vitisque
893 494 1018 527 aurea
1052 483 1092 528 in
1126 482 1279 536 templo
1311 486 1492 536 reperta,
1522 482 1651 535 Ube-

143 570 231 599 rum
262 561 419 610 patrem
451 557 549 609 coli,
584 557 830 603 domitorem
866 557 1071 609 Orientis,
1103 557 1270 610 quidam
1313 557 1502 617 arbitrati
1538 561 1647 618 sunt,

112 643 404 685 suequaquam
439 619 765 686 congruentibus
796 631 1005 675 institutis.
1053 631 1212 685 Quippe
1242 632 1368 675 Liber
1398 631 1529 677 festos
1557 631 1651 675 lae-

151 709 296 759 tosque
324 706 427 751 ritus
450 706 608 759 posuit,
639 705 888 750 Iudaeorum
920 717 1010 749 mos
1043 706 1247 750 absurdus
1278 705 1572 760 sordidusque.

278 780 404 826 Terra
438 779 651 834 finesque,
692 792 772 834 qua
801 780 851 823 ad
883 779 1096 825 Orientem
1127 785 1328 835 vergunt,
1368 779 1528 824 Arabia
1557 784 1689 822 ter-6

142 855 374 905 minantum
407 868 429 901 a
461 855 637 910 meridie
668 855 885 910 Aegyptus
916 855 1106 907 obiacet;
1141 855 1193 899 ab
1221 867 1382 899 occasu
1410 855 1643 899 Phoenices

142 933 183 970 et
225 941 366 980 inare;
419 930 753 995 septentrionem
790 942 814 970 e
854 929 984 973 latere
1015 930 1162 984 Syriae
1211 929 1338 985 longe
1364 932 1646 984 prospectant.

90 1018 129 1049 ιο
146 1003 332 1058 Corpora
363 987 650 1049 Ιιοιυίηᾝώἑι
607 989 809 1049 salubria
817 993 862 1047 et
891 994 1069 1048 ferentia
1060 992 1647 1056 libo'fumffiii'res,

1194 1165 1226 1202 2.
1256 1162 1488 1201 concinebant
1515 1163 1566 1198 G:
1595 1161 1651 1198 Ma

963 1225 1075 1248 aurea
1099 1214 1139 1246 in
1164 1212 1301 1246 editor:
1342 1212 1486 1247 codices
1523 1223 1648 1246 aurea.

902 1263 1070 1309 phenices
1097 1261 1136 1295 G.
1237 1261 1271 1296 9.
1313 1272 1330 1294 e
1369 1258 1472 1295 Gna:
1500 1272 1524 1295 a
1557 1260 1646 1296 Bud.

303 1165 334 1198 t.
366 1165 484 1199 sinunt
514 1164 540 1198 Ι.
569 1163 625 1199 Fr.
658 1164 882 1199 Gronovius:
910 1163 994 1203 GMa
1017 1170 1108 1199 sunt.

147 1212 429 1247 continebantur.
546 1213 580 1248 3.
617 1213 772 1247 haedera
800 1213 863 1248 Ma.

145 1261 178 1294 7.
209 1260 340 1295 arabici
364 1261 429 1296 Ma.
528 1263 565 1297 8.
606 1263 765 1307 faenices
793 1261 864 1305 Ma,

144 1310 255 1344 siriae
280 1309 347 1346 Ma.

146 1453 216 1498 plis
243 1454 412 1488 universe
440 1455 560 1499 posuit
594 1454 639 1490 ob
674 1464 866 1500 praegres-

150 1512 227 1535 sum
256 1512 386 1537 nomen
415 1503 585 1541 urbibus:
610 1502 745 1547 alioqui
774 1503 868 1547 apud

149 1549 300 1584 ludaeos
336 1561 443 1584 unum
479 1557 514 1585 et
550 1561 738 1587 commune
773 1557 867 1587 tem-

148 1598 245 1642 plum
272 1599 548 1643 Hierosolymis.
601 1600 693 1634 Hinc
717 1600 789 1637 suis
815 1601 868 1633 si-

147 1646 219 1680 mul
248 1647 291 1681 ad
318 1658 448 1683 nomen
472 1649 606 1694 templis
631 1648 769 1682 referre
796 1659 867 1683 non

148 1695 236 1729 licet
255 1722 264 1738 ‚
290 1701 398 1742 atque
425 1697 508 1732 inde
538 1698 771 1741 consequitur
797 1702 867 1731 tam

935 1460 1065 1501 perta:
1105 1464 1138 1488 v,
1169 1453 1309 1498 loseph.
1335 1452 1377 1487 B.
1405 1451 1482 1489 lud.
1510 1452 1539 1489 V
1567 1451 1589 1488 5
1611 1451 1649 1495 4,

940 1504 1023 1539 Ant,
1051 1501 1125 1536 lud.
1156 1503 1216 1540 XV
1247 1504 1286 1539 11
1313 1502 1347 1536 3.
1375 1500 1542 1536 Ceterum
1566 1500 1651 1535 vul-

936 1556 1018 1597 gata
1053 1550 1176 1596 templo
1210 1555 1352 1596 reperta
1391 1550 1483 1584 vitio
1515 1549 1650 1585 infecta

936 1605 1002 1635 est.
1052 1599 1276 1643 Praepositio
1302 1599 1341 1637 in
1366 1599 1500 1643 scripta
1527 1603 1545 1632 ἶ
1571 1602 1651 1642 poet

935 1658 1063 1683 vocem
1090 1658 1204 1683 aurea
1227 1647 1384 1683 delituit.
1445 1646 1500 1682 Cf.
1527 1651 1649 1683 annot.

936 1697 980 1731 ad
1007 1696 1021 1731 l
1047 1696 1108 1732 60.
1211 1695 1375 1730 Liberum
1397 1702 1535 1742 patrem
1559 1694 1646 1731 coli.-

147 1743 281 1790 templis
295 1756 399 1791 quam
423 1745 565 1784 urbibus
593 1756 673 1779 esse
694 1744 867 1788 dativum,

147 1803 361 1837 suspensum
389 1805 408 1828 e
435 1793 537 1828 nulla
563 1793 769 1837 simulacra,
795 1804 866 1827 non

147 1841 356 1876 ablativum.
389 1841 491 1877 Conf.
518 1843 703 1877 annotatio
733 1842 776 1877 ad
798 1843 810 1876 l
833 1844 866 1877 3.

147 1889 369 1925 'I'heodiscet
393 1890 520 1926 ‘daher
544 1890 675 1925 dulden
706 1893 760 1925 sie
784 1890 868 1926 kei-

146 1949 193 1971 ne
221 1937 401 1973 Bildnisse
428 1939 485 1973 fur
515 1939 593 1973 ihre
620 1938 743 1974 Stadte
760 1965 769 1982 ,
799 1950 868 1985 ge-

149 1985 335 2032 schweige
368 1987 425 2020 fiir
457 1987 629 2031 TempeP.
690 1988 726 2022 Si
773 1992 869 2022 esset

148 2033 351 2078 ablativus,
405 2035 546 2071 urbibus
584 2036 655 2070 suis
691 2041 791 2070 recte
830 2046 869 2070 se

148 2081 321 2126 haberet,
358 2083 420 2117 sed
450 2094 512 2127 pro
541 2084 675 2128 templis
703 2084 869 2129 require-

148 2135 247 2164 retur
273 2133 311 2166 in
338 2132 483 2177 templis.
524 2130 750 2166 Doederlinii
779 2142 868 2166 con-

149 2180 286 2213 iectura
305 2181 428 2215 sistunt
455 2185 583 2226 peccat
610 2180 781 2214 adversus
799 2181 868 2215 La-

148 2228 338 2263 tinitatem.
401 2228 488 2262 Nam
532 2230 563 2262 si
606 2228 726 2263 Tacito
767 2228 870 2263 licuit

149 2276 306 2311 scribere
350 2276 412 2321 (Η.
443 2277 486 2311 lV
515 2277 578 2322 53)
619 2278 779 2323 templum
817 2278 867 2311 is-

151 2325 226 2358 dem
252 2326 406 2370 vestiyiis
433 2327 627 2368 sisteretur,
644 2325 869 2372 Virgilioque

150 2373 260 2418 (Aen.
289 2373 319 2408 11
348 2374 437 2420 245)
479 2380 508 2408 el
545 2380 734 2410 minumum
772 2375 869 2419 inse-

150 2421 201 2455 tim
226 2428 372 2456 sacrata
412 2423 562 2458 sistimus
596 2434 679 2456 arce
699 2449 709 2466 ,
729 2448 732 2453 ι
752 2427 869 2457 tamen

151 2480 270 2514 neque
296 2470 359 2504 ille
385 2471 539 2515 vestiqiae's
564 2471 697 2513 sistere,
728 2476 788 2505 aut
811 2471 870 2504 hic

154 2529 240 2552 arce
271 2518 394 2552 sistere
433 2518 560 2555 Latine
604 2519 763 2554 scribere
800 2529 870 2562 po-

150 2567 218 2601 tuit
247 2576 310 2610 pro
336 2567 375 2602 in
399 2568 554 2613 vestigiis
581 2571 641 2600 aut
669 2568 707 2601 in
732 2578 829 2601 arce.

223 2626 296 2648 non
321 2614 460 2660 regibus
488 2615 578 2653 leaeo
604 2615 774 2657 adulatio,
799 2626 870 2648 non

156 2663 369 2698 Caesaribus
404 2663 540 2701 boner:
575 2663 869 2719 quemadmodum

152 2711 344 2746 simulacra
371 2711 543 2753 deorum,
579 2713 632 2746 sic
669 2713 774 2746 etiam
802 2711 870 2744 lio-

152 2761 287 2794 minum
318 2760 585 2807 bestiarumque
610 2759 731 2796 ludaei
763 2770 870 2795 aven..

153 2810 218 2842 sati
246 2813 340 2843 sunt.
366 2808 468 2855 Lege
494 2807 735 2855 IosephiAnt.
759 2807 870 2843 XVIII

152 2856 175 2890 8
203 2859 226 2892 2
251 2868 329 2902 sqq.
359 2863 393 2890 et
409 2857 569 2891 Philonis
596 2857 724 2890 librum
751 2856 794 2892 (le
812 2856 869 2893 le-

155 2905 302 2950 gatione
330 2905 373 2938 ad
399 2905 522 2940 Gaium
551 2904 752 2941 Caesarem.

228 2954 374 3000 vitisque
415 2965 528 2989 aurea
567 2955 606 2990 in
645 2954 769 3002 templo
809 2964 871 2988 re-

935 1756 971 1781 v.
1000 1743 1182 1780 Plutarchi
1209 1744 1373 1789 Sympos.
1401 1744 1446 1778 lv
1473 1744 1507 1779 6.

1009 1792 1094 1838 Cap.
1122 1793 1156 1829 6.
1197 1794 1468 1839 septentrionem
1493 1803 1512 1828 c
1538 1791 1649 1827 latere

936 1842 1063 1887 Syriae
1084 1842 1187 1886 lon9e
1202 1847 1451 1887 prospectant:
1470 1841 1560 1875 fines
1575 1844 1651 1875 ler-

935 1901 996 1925 rae
1037 1890 1342 1935 septentrionales
1382 1890 1456 1925 late
1495 1899 1651 1935 prospe-

937 1943 1031 1973 ctum
1085 1938 1259 1983 praebent
1297 1938 1343 1972 ob
1393 1940 1503 1973 situm
1540 1937 1651 1974 altio-

938 1997 1024 2021 rem.
1053 1986 1108 2022 Cf.
1137 1987 1184 2020 tv
1214 1987 1274 2030 67,
1299 1986 1379 2022 XIV
1395 1987 1429 2023 9.
1459 1986 1501 2021 Η.
1522 1985 1649 2022 11160.

935 2034 974 2069 In
1018 2035 1096 2080 ipsa
1131 2035 1361 2070 terminorum
1409 2034 1651 2079 descriptione

936 2088 1066 2129 magna
1092 2084 1247 2118 varietas
1262 2110 1272 2127 ‚
1317 2087 1354 2116 et
1378 2093 1434 2118 ars
1459 2082 1651 2118 scribentis

939 2133 1045 2167 etiam
1071 2132 1108 2165 in
1134 2133 1253 2176 parvis
1279 2132 1485 2175 conspicua.

1009 2182 1307 2225 sruqesuostrum
1342 2181 1390 2214 ad
1413 2191 1544 2219 morem
1579 2180 1652 2226 (die

924 2228 1163 2273 ·Feldsrticbte
1190 2230 1256 2262 wie
1291 2229 1346 2263 bei
1368 2232 1473 2272 uns).·
1511 2232 1651 2262 utrum-

938 2288 1009 2322 que
1036 2277 1246 2320 complexus
1274 2282 1348 2321 est,
1387 2278 1536 2322 primum
1567 2287 1651 2311 eas-

938 2326 1017 2359 dem
1044 2326 1078 2359 in
1105 2325 1237 2360 Iudaea
1257 2324 1380 2372 fruges
1405 2336 1485 2360 esse
1498 2330 1537 2359 ut
1558 2326 1651 2370 apud

937 2374 1142 2417 Romanos,
1186 2379 1259 2408 tum
1307 2374 1431 2411 eadem
1465 2373 1651 2409 fertilitate

937 2427 1132 2467 praestare.

1023 2470 1213 2507 balsamum
1238 2475 1270 2504 et
1294 2470 1460 2517 palmae:
1499 2469 1543 2505 de
1568 2470 1651 2506 bat-

937 2516 1035 2554 samo
1065 2519 1112 2553 cf.
1138 2518 1296 2552 Iustinus
1325 2518 1466 2553 XXXVI
1493 2519 1534 2554 3:
1569 2531 1652 2564 opes

937 2567 1033 2612 genti
1076 2578 1120 2600 ex
1159 2566 1387 2611 vectigalibus
1434 2567 1652 2612 opobalsami

938 2626 1091 2658 crevere,
1109 2615 1199 2659 quod
1223 2615 1262 2648 in
1288 2615 1342 2649 his
1372 2620 1506 2649 tamum
1529 2616 1650 2661 regio-

937 2663 1038 2698 nibus
1065 2664 1234 2709 gignitur.
1262 2662 1352 2696 Plin.
1381 2663 1423 2699 N.
1448 2663 1490 2696 H.
1518 2663 1651 2700 xt154

941 2712 1047 2757 (25):
1084 2712 1144 2746 sed
1169 2711 1325 2746 omnibus
1352 2711 1514 2747 odoribus
1537 2724 1650 2758 prae-

938 2763 1052 2804 fertur
1079 2759 1282 2803 balsamum,
1307 2761 1371 2793 urii
1391 2766 1567 2795 terrarum
1586 2761 1650 2795 Iu-

939 2808 1050 2843 dacae
1069 2820 1280 2851 concessum,
1306 2809 1480 2852 quendam
1501 2809 1541 2846 in
1560 2809 1649 2844 duo-

940 2857 999 2890 bus
1030 2863 1162 2892 tantum
1193 2857 1319 2899 hortis,
1357 2863 1503 2902 utroque
1537 2858 1648 2903 regio,

939 2905 1050 2938 allero
1090 2907 1247 2951 iuyerum
1292 2906 1417 2950 viyimi
1452 2916 1523 2941 mm
1568 2916 1648 2943 am-

934 2953 1051 3001 plius,
1089 2953 1200 2989 altero
1230 2955 1451 3000 pauciorum.
1503 2953 1646 3000 loseph.
