1768 3216
775 15 790 54 ἦ
806 20 826 43 {1
852 0 931 49 e'ffr
981 8 1010 57 ,ἦ
1031 0 1350 71 ἐπιειὲιέῗψῆηῆ

772 61 779 79 ³
996 59 1008 84 1

744 214 1058 254 nisromAuvm
1443 227 1476 252 a.
1503 226 1541 258 ι.
1571 203 1657 259 822.

166 352 285 394 quam
327 336 501 379 civitatis
539 334 711 375 formam
752 336 894 386 patres
937 332 1087 385 avique
1137 331 1412 383 instituerint3
1455 331 1659 397 ulteriora

164 413 326 463 mirari,
372 407 605 463 praesentia
635 407 784 460 sequi3
820 406 955 448 bonos
989 407 1262 461 imperatores
1301 409 1401 450 voto
1441 410 1656 460 expetere,

163 463 480 540 qnffiescumque
510 481 707 527 tolerare.
765 482 859 524 Non
900 481 1034 536 magis
1081 492 1154 522 sua
1197 480 1389 523 oratione
1432 480 1661 532 Thraseam

160 571 278 612 quam
309 557 463 618 iudicio
495 548 664 598 senatus
697 555 934 601 adflictum:
965 550 1184 598 saevitiam
1211 554 1392 597 Neronis
1421 566 1498 609 per
1527 553 1662 605 θὶιιεᾳ-Ι

126 632 269 673 smodi
296 614 500 686 imagines
534 630 744 683 inlusisse,
777 642 857 671 nec
889 630 1024 672 minus
1057 630 1138 673 sibi
1168 630 1333 674 anxiam
1362 628 1486 677 talem
1505 628 1657 673 amici-

5 1409 17 1431 ,c
99 1381 135 1411 ¹⁵
156 1376 337 1418 tentibus
368 1376 551 1418 retinere
586 1387 760 1417 morem.

14 1435 37 1452 “’
67 1435 401 1503 ‘'¹''’''inclinabat,
435 1454 546 1491 metu
571 1450 779 1502 invidiae,
811 1450 846 1492 si
876 1450 954 1503 ipsi
988 1449 1257 1504 eligerentur.

1479 682 1580 698 ..κ

156 707 253 748 tiam
283 718 402 759 quam
435 705 527 747 aliis
559 705 742 748 exilium.
804 705 996 758 Denique
1028 704 1262 747 constantia
1299 703 1544 751 fortitudine
1573 703 1670 748 Ca*

155 770 317 822 tonibus
350 784 389 821 et
419 780 554 822 Brutis
585 783 837 833 aequaretur
866 778 1107 822 Helvidius:
1138 792 1185 821 se
1216 791 1358 821 unum·
1372 790 1471 824 esse
1499 790 1553 820 ex
1583 777 1657 824 iun

154 860 301 915 senatu
328 855 395 908 qui
426 854 548 897 simul
583 854 790 906 servierit.
853 854 1041 897 Suadere
1084 854 1207 901 etiam
1246 843 1407 898 Prisco
1413 841 1517 899 urie
1520 842 1656 907 supro

153 912 382 983 principem
410 920 665 980 scanderet,
716 941 771 972 ne
815 929 1116 982 Vespasianum
1165 940 1309 971 senem
1352 926 1662 982 triumphalem.

103 1003 347 1046 1‹›invenum
378 1003 606 1044 liberorum
635 1007 820 1057 patrem,
864 1003 1099 1057 praeceptis
1141 1005 1373 1046 coerceret.
1436 1000 1657 1052 Quomodo

151 1078 343 1132 pessimis
371 1077 692 1131 imperatoribus
721 1078 814 1120 sine
852 1077 933 1118 fine
976 1077 1326 1130 dominationem,
1372 1077 1428 1120 ita
1467 1075 1657 1130 quamvis

153 1153 336 1207 egregiis
378 1152 544 1195 modum
587 1152 792 1195 libertatis
844 1152 1025 1206 placere.
1086 1151 1199 1195 Haec
1248 1152 1411 1206 magnis
1448 1150 1658 1204 utrimque

153 1227 490 1269 contentionibus
533 1227 687 1268 iactata
730 1226 911 1269 diversis
955 1226 1104 1268 studiis
1157 1226 1484 1280 accipiebantur.
1543 1223 1684 1273 Vicit,

149 1314 244 1355 pars
278 1313 383 1354 quae
415 1301 556 1344 sortiri
587 1301 751 1355 legatos
784 1300 977 1352 malebat,
1012 1300 1137 1342 etiam
1167 1300 1314 1342 mediis
1348 1303 1512 1353 patrum
1531 1297 1657 1345 adni—

820 1375 872 1419 Et
902 1374 1265 1435 splendidissimus
1297 1374 1471 1428 quisque
1505 1371 1655 1421 eodem

1318 1449 1515 1493 Secutum
1541 1447 1698 1495 alinde

740 1611 775 1645 4.
804 1610 972 1644 eiusmodi
997 1608 1071 1644 Ma:
1099 1609 1296 1643 huiusmodi
1321 1607 1360 1642 G.

1077 1658 1131 1692 15.
1160 1657 1243 1691 code
1270 1656 1336 1691 Ma.

285 1610 318 1644 3.
347 1609 580 1654 qualest-vique
609 1609 674 1645 Mu.
1445 1609 1500 1644 12·
1526 1608 1655 1647 uhtina-

150 1668 212 1702 que
239 1656 311 1692 Ma:
340 1659 501 1703 utrinque
530 1657 567 1692 G.
659 1657 714 1692 14.
743 1657 909 1692 mallabat
931 1657 996 1692 Ma.

146 1802 267 1844 piunt,
294 1801 501 1835 inimicitiae
527 1801 693 1835 dicuutur
719 1802 763 1836 de
791 1801 862 1835 illis

147 1860 167 1882 a
193 1849 319 1894 quibus
345 1849 455 1894 legati
483 1849 676 1894 eliguntur.

216 1903 335 1942 patres
371 1899 515 1941 avique.-
551 1899 655 1932 etiam
688 1908 863 1941 praesen-

147 1949 219 1978 tem
248 1946 301 1978 rei
334 1945 501 1989 publicae
532 1951 661 1980 statum
696 1957 766 1980 non
793 1958 863 1980 nu-

149 1992 226 2025 dius
263 1995 389 2026 tertius
423 1994 621 2027 institutam
660 2005 765 2038 esse,
801 1995 864 2029 sed

149 2040 208 2073 diu
235 2041 302 2074 iam
332 2041 510 2084 placuisse
546 2053 588 2075 ac
622 2042 780 2076 valuisse
810 2044 863 2076 si-

149 2088 305 2133 gnificat.
339 2088 516 2124 Ulteriora
546 2090 621 2123 fere
649 2090 741 2123 idem
770 2091 862 2136 quod

148 2136 236 2170 alias
262 2138 362 2182 prius
388 2148 510 2171 aevum
537 2143 572 2171 et
594 2139 745 2183 priores
773 2139 807 2172 h.
830 2151 861 2173 e.

147 2195 238 2228 quae
266 2185 401 2219 fuerint
438 2191 520 2220 ante
547 2188 782 2240 principatum
820 2187 863 2221 ab

125 2233 309 2278 'Augusto
338 2234 550 2268 ordinatum.

229 2292 332 2325 quam
357 2283 438 2316 aliis
465 2282 628 2317 exilium:
665 2293 755 2318 voce
783 2284 865 2318 aliis

146 2328 347 2363 Helvidium
386 2331 564 2366 invidiose
591 2337 702 2366 notat.
827 2344 863 2367 se

143 2388 250 2411 unum
285 2391 357 2412 esse
398 2391 440 2412 esc
473 2379 533 2413 illo
568 2386 713 2414 senatu:
758 2391 864 2414 unum

144 2427 287 2469 propria
314 2427 533 2469 pronominis
569 2430 604 2462 vi
640 2430 713 2476 (ein
751 2429 863 2466 einai-

144 2479 221 2519 9er)
248 2476 387 2518 posuit,
427 2480 466 2508 ut
489 2476 620 2510 multos
649 2476 772 2511 eadem
800 2488 861 2511 se-

146 2531 224 2554 cum
254 2523 459 2557 conditione
482 2535 561 2557 esse
588 2530 825 2559 asseveraret.

215 2571 364 2604 suadere
389 2572 493 2605 etiam
509 2573 627 2606 Prisco
655 2593 700 2598 —
726 2573 864 2606 modum

144 2616 315 2653 libertatis
341 2619 505 2665 placere:
532 2625 586 2654 est
613 2620 768 2666 maligna
795 2621 863 2654 he-

144 2667 356 2710 nivolentia,
387 2670 423 2701 in
450 2679 518 2714 qua
538 2669 705 2703 voluntas
734 2673 862 2702 etstu-

144 2713 238 2748 dium
277 2716 366 2750 adeo
392 2717 620 2752 immodicum
658 2717 862 2751 adversario

143 2765 368 2808 suggelitur,
409 2770 446 2798 ut
480 2765 539 2800 vel
573 2766 616 2799 ab
652 2767 797 2800 inimico
827 2767 862 2799 in

143 2812 234 2844 viam
261 2813 383 2846 reduci
412 2813 553 2848 debeat.

217 2859 301 2904 Cap.
330 2862 362 2895 9.
415 2869 569 2896 secutum
605 2862 703 2896 aliud
742 2869 862 2897 certa-

143 2918 244 2940 men.-
277 2919 332 2942 res
362 2909 486 2944 eodem
516 2921 691 2946 consessu
719 2911 861 2946 delibe-

142 2960 234 2989 ratas
266 2957 406 2992 tradere
441 2960 570 3005 pergit.
629 2960 754 3006 Itaque
788 2970 860 2995 non

934 1806 1016 1846 apte
1041 1806 1124 1835 ante
1151 1800 1242 1835 haec
1257 1799 1368 1846 vulgo
1396 1799 1432 1833 iu
1452 1800 1556 1834 novis
1573 1787 1653 1834 edi,

932 1849 1089 1883 tionibus
1115 1849 1295 1882 inciditur.

1003 1909 1087 1931 nam
1113 1903 1183 1932 tum
1218 1909 1242 1931 a
1262 1896 1487 1943 praetoribus
1513 1902 1653 1931 tracta·

934 1945 1037 1979 batur
1062 1946 1265 1980 aerarium.-
1292 1945 1361 1979 hoc
1385 1945 1536 1988 monuit,
1557 1940 1655 1991 quod
1699 1935 1705 1972 ἶ

933 2005 953 2027 a
979 1993 1120 2028 Claudii
1148 1995 1352 2038 principatu
1376 2004 1490 2038 usque
1517 1992 1562 2028 ad
1585 2003 1653 2029 au·
1703 2003 1707 2008 ’

932 2052 1015 2075 num
1063 2053 1082 2075 a
1119 2041 1263 2076 Christo
1317 2041 1653 2087 quinquagesimum

933 2095 1071 2123 sextum
1099 2099 1169 2122 non
1198 2096 1406 2136 praetores,
1447 2089 1510 2123 sed
1541 2101 1652 2134 quae-
1712 2086 1718 2128 Ξ

933 2144 1042 2172 stores
1069 2140 1206 2172 aerario
1236 2138 1484 2183 praefuerant,
1521 2142 1560 2171 ut
1585 2137 1652 2172 do-
1715 2142 1719 2176 l

934 2191 1034 2221 cetur
1059 2187 1095 2220 in
1114 2187 1306 2225 Annalium
1333 2197 1444 2231 opere
1459 2186 1653 2232 (xt1129).

933 2240 1017 2269 tuuc
1058 2245 1137 2269 cum
1179 2235 1270 2269 haec
1313 2236 1456 2280 scripsit
1494 2233 1651 2274 nondum

934 2284 1145 2328 composito.
1182 2284 1218 2318 Si
1245 2283 1319 2318 ulla
1346 2294 1384 2318 re
1408 2285 1443 2317 in
1470 2282 1651 2328 suspicion-

932 2343 1012 2365 nem
1041 2332 1169 2366 cadere
1200 2343 1242 2366 ea
1269 2332 1378 2366 verba
1409 2336 1584 2377 possunt,
1613 2335 1652 2366 ut

931 2382 1047 2414 visum
1082 2385 1137 2414 est
1161 2379 1355 2423 Ernestio‚
1391 2380 1484 2415 hanc
1519 2389 1590 2426 ego
1613 2379 1651 2413 in

934 2430 1077 2464 nomine
1099 2429 1323 2474 praetoribus
1352 2439 1532 2474 quaeram.
1569 2427 1651 2467 Sci-

932 2477 1020 2510 licet
1044 2487 1115 2510 non
1139 2483 1324 2522 praetores
1342 2503 1353 2520 ‚
1391 2477 1456 2517 sed
1479 2481 1652 2522 praetura

930 2526 1045 2568 functi
1081 2536 1102 2558 a
1140 2524 1284 2558 Nerone
1330 2530 1366 2559 et
1417 2523 1652 2570 sequentibus

932 2572 1207 2617 imperatoribus
1235 2573 1430 2617 praepositi
1455 2577 1549 2607 suut.
1578 2571 1651 2606 Hos

933 2625 968 2654 et
994 2632 1088 2655 nunc
1127 2626 1162 2654 et
1201 2621 1350 2665 perinde
1388 2622 1424 2654 in
1450 2620 1650 2655 Annalibus

933 2668 964 2714 (I
990 2670 1055 2715 75)
1091 2676 1276 2714 praetores
1309 2670 1447 2703 aerarii
1482 2668 1551 2703 dici
1578 2678 1653 2703 non

932 2718 1080 2760 mirum,
1122 2718 1185 2752 sed
1213 2717 1357 2752 eosdem
1384 2717 1479 2752 nude
1502 2723 1650 2764 praeto-

932 2777 987 2799 res
1014 2767 1213 2810 nominari,
1250 2771 1288 2800 ut
1322 2766 1391 2800 hoc
1428 2765 1652 2802 alterorloco

932 2814 1064 2847 factum
1091 2814 1253 2849 videmus
1275 2841 1285 2857 ‚
1325 2815 1470 2859 paulum
1507 2813 1648 2859 quidem

932 2873 988 2896 mc
1015 2863 1175 2906 offendit,
1203 2864 1266 2898 sed
1292 2868 1408 2898 tamen
1434 2862 1649 2906 sementim

933 2911 1098 2945 cohibeo.

1016 2961 1201 2996 adiuvaret
1243 2959 1479 3007 Vespasianus
1496 2970 1507 2992 .·
1553 2957 1647 2996 conf.
