1768 3216
189 226 268 261 vm
803 220 1081 258 PRAEFATIO.

185 342 373 396 auspicio
404 340 538 382 maior
562 338 664 393 fides
696 352 779 381 non
806 339 940 381 solum
971 338 1087 394 apud
1110 338 1282 397 plebem,
1311 341 1387 382 sed
1416 339 1538 382 etiam
1567 340 1683 396 apud

179 429 377 471 proceres
409 414 650 456 habebatur.
691 414 800 455 Erat
831 419 870 455 et
897 414 985 456 alia
1007 414 1244 456 observatio
1263 405 1562 469 auspiciorum,
1592 426 1676 469 qua

182 491 371 545 yravium
416 489 614 530 bellorum
654 494 822 530 eventus
863 490 1088 542 explorare
1134 489 1347 532 solebant:
1397 489 1487 531 eius
1527 490 1681 544 quippe

177 565 320 619 gentis,
352 577 442 605 cum
471 576 554 616 qua
586 563 817 607 bellandum
843 563 936 618 suit,
970 564 1178 617 captivum
1206 577 1367 618 quoquo
1397 564 1517 606 modo
1546 564 1681 606 inter-

182 644 338 693 ceptum
369 652 459 680 cum
489 639 614 679 electo
636 638 905 692 popularium
928 651 1112 689 suorum,
1144 639 1297 692 patriis
1314 652 1510 693 quemque
1533 638 1678 690 armis,

180 714 425 756 committere
457 718 496 754 et
525 713 743 755 victoriam
775 713 896 754 liuius
930 714 997 754 vel
1027 714 1138 755 illius
1167 727 1249 767 pro
1279 713 1463 756 iudicio¹
1505 713 1671 756 habere.

179 788 389 839 Quomodo
410 792 423 814 ²
453 792 589 829 autem
641 787 763 828 certis
794 787 963 839 diebus,
1008 801 1099 829 cum
1129 792 1202 829 aut
1223 788 1443 830 inchoatur
1472 789 1572 830 luna
1597 792 1671 830 aut

176 864 386 916 impletur,
435 861 604 917 aqendis
643 861 768 904 rebus
808 862 1187 916 auspicatissimum
1226 863 1386 905 initium
1415 863 1676 915 crediderint,

176 943 214 979 et
242 938 328 979 alia
354 938 572 979 innumera
600 948 809 979 vanarum
839 937 1176 990 superstitionum
1204 951 1379 993 9enera,
1422 937 1568 992 quibus
1595 936 1676 980 im-

172 1011 317 1065 plicati
347 1015 456 1064 suut,
490 1011 822 1065 observaverint,
850 1016 1083 1065 praetereo.

288 1087 359 1128 Ille
380 1086 638 1129 ‘Germaniae
671 1087 808 1129 codex
838 1087 1028 1141 antiquus
1052 1086 1150 1128 inde
1171 1099 1193 1128 a
1213 1086 1404 1130 Ruodolfi
1423 1087 1675 1141 temporibus

174 1174 250 1216 per
280 1162 397 1216 plura
428 1162 571 1204 secula
602 1175 686 1204 non
715 1167 970 1205 memoratur
1000 1167 1123 1216 atque
1155 1162 1280 1203 altum
1310 1161 1363 1203 (16
1393 1174 1443 1204 60
1464 1161 1671 1204 silentium

177 1241 241 1279 est
269 1249 400 1291 usque
432 1237 484 1278 ad
516 1249 666 1279 annum
704 1236 837 1279 1460:
870 1250 963 1279 nam
994 1249 1100 1291 quae
1132 1236 1360 1278 monachus
1392 1235 1672 1279 Hersfelden-

175 1310 233 1353 sis
266 1311 431 1365 quidam
462 1311 514 1353 de
546 1311 750 1352 volumine
784 1311 915 1353 Taciti
945 1312 986 1353 in
1031 1312 1279 1353 Germaniae
1323 1311 1578 1354 monasterio
1620 1311 1672 1353 ad

176 1386 354 1426 amicum
383 1386 584 1440 Poggium
615 1386 824 1440 aliquanto
863 1391 959 1428 ante
1001 1398 1153 1428 annum
1196 1386 1304 1428 1425
1350 1386 1520 1439 detulit,
1564 1387 1670 1429 haec

177 1459 422 1513 accipienda
467 1472 561 1501 esse
603 1459 655 1501 de
696 1460 837 1514 priore
872 1459 1095 1502 Annalium
1138 1464 1255 1514 parte
1295 1460 1402 1514 apud
1443 1460 1669 1503 Fuldenses

172 1533 348 1588 perinde
379 1538 593 1575 asservata
627 1542 688 1585 (v.
714 1535 904 1576 Prooem.
937 1547 975 1588 p.
1008 1534 1220 1585 XXXVII)
1246 1535 1287 1575 in
1305 1534 1515 1576 Prooemii
1534 1535 1670 1589 capite

177 1609 230 1650 27
261 1622 299 1663 p.
332 1607 420 1650 XLI
451 1609 682 1663 expositum
717 1614 790 1651 est.
861 1610 943 1652 Sed
986 1609 1107 1664 paulo
1150 1613 1245 1652 ante
1285 1621 1437 1651 annum
1481 1609 1587 1652 1460
1630 1610 1672 1651 in

176 1683 332 1726 ltaliam
362 1683 508 1725 allatus
539 1687 603 1725 est
634 1684 793 1738 codex,
827 1684 869 1725 in
901 1696 983 1738 quo
1013 1688 1103 1727 erat
1131 1684 1262 1727 Taciti
1294 1684 1531 1737 Germania,
1563 1684 1669 1726 Dia-

175 1758 322 1813 logus,
364 1758 551 1800 Suetonii
585 1758 637 1799 de
668 1758 771 1801 viris
804 1758 1032 1801 illustribus
1065 1759 1242 1800 libellus.
1310 1760 1400 1801 Hoc
1430 1759 1668 1813 accepimus

176 1847 229 1875 ex
258 1833 532 1887 inscriptione
565 1834 726 1875 codicis
756 1834 1019 1876 Perizoniani
1061 1834 1149 1876 sive
1189 1833 1405 1876 Leidensis
1447 1845 1580 1888 nuper
1617 1833 1659 1874 in

175 1907 310 1949 lucem
341 1908 556 1961 protracti,
588 1920 693 1961 quae
726 1908 787 1949 sic
819 1909 943 1950 habet
973 1909 1015 1949 in
1047 1909 1176 1950 altera
1207 1908 1328 1963 primi
1366 1908 1454 1950 folii
1485 1908 1681 1964 paginar

177 2047 268 2101 Hos
289 2046 448 2102 libellos
473 2047 677 2102 Iouiauus
693 2049 907 2103 pontanus
930 2048 1128 2104 excripsit
1352 2032 1406 2075 M·
1435 2032 1583 2130 ἕξεθ’

173 2134 306 2174 nuper
333 2122 557 2176 adinuEtos
582 2127 620 2162 et
651 2122 693 2162 iu
722 2122 820 2164 luce‘
851 2123 1009 2177 relatos
1031 2122 1084 2164 ab
1117 2123 1233 2165 Enoc
1347 2147 1496 2190 mam-0
1527 2149 1609 2204 fise

175 2195 370 2250 asculano
401 2195 574 2248 quaqua*
600 2196 706 2250 satis
728 2196 946 2250 mendosos.
1450 2207 1501 2260 ·?·

311 2315 371 2357 De
417 2315 582 2370 origine
623 2320 664 2356 et
704 2316 837 2369 patria
882 2317 1131 2370 exemplaris
1178 2330 1201 2359 a
1241 2318 1426 2360 Pontano
1473 2317 1671 2372 descripti

176 2389 280 2430 haec
315 2389 426 2430 idem
458 2390 500 2430 in
531 2391 660 2432 altera
692 2391 845 2445 pagina
877 2391 963 2433 solii
996 2391 1080 2443 47,
1123 2392 1193 2433 ubi
1223 2393 1367 2446 incipit
1396 2393 1582 2435 Suetonii
1613 2393 1669 2433 li-

175 2462 322 2514 bellus,
355 2464 482 2505 rubro
510 2464 654 2505 colore
686 2465 737 2506 ad
769 2465 998 2520 marginem
1028 2466 1210 2507 notavit:

291 2537 334 2582 C.
366 2538 587 2591 Suetonius
605 2537 766 2592 scripsit
804 2539 853 2580 de
891 2538 1001 2593 uiris
1032 2539 1263 2594 illustribus.
1314 2539 1433 2594 cuius
1478 2541 1674 2593 exemplu*

226 2766 255 2798 1.
271 2776 337 2809 pro
361 2765 513 2798 iudicio:
533 2765 673 2800 Tacitus
701 2766 807 2800 habet
828 2778 894 2812 pro
994 2768 1026 2800 2.
1054 2769 1219 2813 quomodo
1240 2781 1251 2806 .-
1278 2769 1361 2803 hinc
1389 2781 1432 2803 ex
1459 2769 1668 2805 Germaniae

171 2813 411 2856 praeiudicio,
451 2814 512 2847 sed
538 2814 737 2848 Ruodolfus
772 2825 896 2849 recor-
949 2818 1064 2859 capite
1106 2817 1294 2851 undecimo
1351 2820 1559 2862 excerpsit,
1605 2819 1668 2853 sed

174 2860 273 2893 datus
313 2863 438 2895 aetatis
484 2863 623 2896 mediae
661 2864 798 2896 iudicia
841 2864 897 2897 dei
947 2874 1058 2908 pauca
1085 2865 1166 2898 inde
1204 2867 1353 2909 sumpsit
1387 2871 1422 2899 et
1450 2868 1595 2900 satiatus
1622 2868 1667 2900 iis

176 2907 319 2952 formam
348 2911 477 2943 iudicio
498 2915 672 2956 tamquam
698 2912 894 2947 lectoribus
945 2923 1036 2957 qnae
1068 2915 1335 2958 transcripserat
1361 2924 1423 2948 sua
1459 2915 1566 2950 verba
1598 2925 1666 2960 po-

176 2956 247 2988 suis
274 2958 387 3003 magis
414 2958 622 2993 familiarem
650 2960 829 3004 praetulit.
944 2971 1029 2995 nere-
1057 2962 1186 3008 pergit.
