<?xml version="1.0" encoding="UTF-8"?>
<!DOCTYPE html PUBLIC "-//W3C//DTD XHTML 1.0 Transitional//EN"
    "http://www.w3.org/TR/xhtml1/DTD/xhtml1-transitional.dtd">
<html xmlns="http://www.w3.org/1999/xhtml" xml:lang="en" lang="en">
 <head>
  <title>
</title>
<meta http-equiv="Content-Type" content="text/html;charset=utf-8" />
  <meta name='ocr-system' content='tesseract 3.04.00' />
  <meta name='ocr-capabilities' content='ocr_page ocr_carea ocr_par ocr_line ocrx_word'/>
</head>
<body>
  <div class='ocr_page' id='page_1' title='image "./operaadcodicesan03taciuoft/operaadcodicesan03taciuoft_0112.png"; bbox 0 0 1768 3216; ppageno 0'>
   <div class='ocr_carea' id='block_1_1' title="bbox 734 212 1635 263">
    <p class='ocr_par' dir='ltr' id='par_1_1' title="bbox 734 212 1635 263">
     <span class='ocr_line' id='line_1_1' title="bbox 734 212 1635 263; baseline -0.011 0"><span class='ocrx_word' id='word_1_1' title='bbox 734 214 1043 263; x_wconf 75' lang='lat' dir='ltr'>msTORIARvM</span> <span class='ocrx_word' id='word_1_2' title='bbox 1425 227 1459 251; x_wconf 81' lang='lat' dir='ltr'>a.</span> <span class='ocrx_word' id='word_1_3' title='bbox 1483 216 1520 251; x_wconf 79' lang='lat' dir='ltr'>u.</span> <span class='ocrx_word' id='word_1_4' title='bbox 1548 212 1635 253; x_wconf 39' lang='lat'>822‘</span> 
     </span>
    </p>
   </div>
   <div class='ocr_carea' id='block_1_2' title="bbox 152 229 223 272">
    <p class='ocr_par' dir='ltr' id='par_1_2' title="bbox 152 229 223 272">
     <span class='ocr_line' id='line_1_2' title="bbox 152 229 223 272; baseline 0 0"><span class='ocrx_word' id='word_1_5' title='bbox 152 229 223 272; x_wconf 73' lang='lat'>102</span> 
     </span>
    </p>
   </div>
   <div class='ocr_carea' id='block_1_3' title="bbox 36 332 1685 1442">
    <p class='ocr_par' dir='ltr' id='par_1_3' title="bbox 11 332 1678 1146">
     <span class='ocr_line' id='line_1_3' title="bbox 152 332 1678 398; baseline -0.014 -3"><span class='ocrx_word' id='word_1_6' title='bbox 152 354 222 396; x_wconf 92' lang='lat' dir='ltr'>His</span> <span class='ocrx_word' id='word_1_7' title='bbox 268 365 316 395; x_wconf 89' lang='lat' dir='ltr'>ac</span> <span class='ocrx_word' id='word_1_8' title='bbox 365 351 508 392; x_wconf 86' lang='lat' dir='ltr'>talibus</span> <span class='ocrx_word' id='word_1_9' title='bbox 551 349 656 389; x_wconf 88' lang='lat' dir='ltr'>inter</span> <span class='ocrx_word' id='word_1_10' title='bbox 698 357 810 398; x_wconf 89' lang='lat' dir='ltr'>spem</span> <span class='ocrx_word' id='word_1_11' title='bbox 852 346 1084 394; x_wconf 87' lang='lat' dir='ltr'>metumque</span> <span class='ocrx_word' id='word_1_12' title='bbox 1135 338 1328 379; x_wconf 86' lang='lat' dir='ltr'>iactatum</span> <span class='ocrx_word' id='word_1_13' title='bbox 1379 344 1475 388; x_wconf 86' lang='lat' dir='ltr'>spes</span> <span class='ocrx_word' id='word_1_14' title='bbox 1521 332 1678 376; x_wconf 45' lang='lat' dir='ltr'>vicit⁶2</span> 
     </span>
     <span class='ocr_line' id='line_1_4' title="bbox 152 409 1636 480; baseline -0.013 -10"><span class='ocrx_word' id='word_1_15' title='bbox 152 429 281 469; x_wconf 86' lang='lat' dir='ltr'>Fuere</span> <span class='ocrx_word' id='word_1_16' title='bbox 312 427 378 480; x_wconf 88' lang='lat' dir='ltr'>qui</span> <span class='ocrx_word' id='word_1_17' title='bbox 408 428 624 466; x_wconf 86' lang='lat' dir='ltr'>accensum</span> <span class='ocrx_word' id='word_1_18' title='bbox 656 418 866 461; x_wconf 88' lang='lat' dir='ltr'>desiderio</span> <span class='ocrx_word' id='word_1_19' title='bbox 886 416 1111 458; x_wconf 84' lang='lat' dir='ltr'>Berenices</span> <span class='ocrx_word' id='word_1_20' title='bbox 1142 412 1316 467; x_wconf 86' lang='lat' dir='ltr'>reginae</span> <span class='ocrx_word' id='word_1_21' title='bbox 1346 409 1527 452; x_wconf 87' lang='lat' dir='ltr'>vertisse</span> <span class='ocrx_word' id='word_1_22' title='bbox 1554 409 1636 452; x_wconf 88' lang='lat' dir='ltr'>iter</span> 
     </span>
     <span class='ocr_line' id='line_1_5' title="bbox 154 483 1638 550; baseline -0.012 -7"><span class='ocrx_word' id='word_1_23' title='bbox 154 501 381 543; x_wconf 81' lang='lat' dir='ltr'><strong>crederent.</strong></span> <span class='ocrx_word' id='word_1_24' title='bbox 438 497 579 550; x_wconf 81' lang='lat' dir='ltr'>Neque</span> <span class='ocrx_word' id='word_1_25' title='bbox 620 493 870 536; x_wconf 83' lang='lat' dir='ltr'>abhorrebat</span> <span class='ocrx_word' id='word_1_26' title='bbox 907 504 930 533; x_wconf 87' lang='lat' dir='ltr'>a</span> <span class='ocrx_word' id='word_1_27' title='bbox 971 489 1171 532; x_wconf 85' lang='lat' dir='ltr'>Berenice</span> <span class='ocrx_word' id='word_1_28' title='bbox 1210 485 1403 527; x_wconf 92' lang='lat' dir='ltr'>iuvenilis</span> <span class='ocrx_word' id='word_1_29' title='bbox 1445 483 1638 527; x_wconf 83' lang='lat' dir='ltr'>animus:</span> 
     </span>
     <span class='ocr_line' id='line_1_6' title="bbox 153 558 1638 628; baseline -0.013 -11"><span class='ocrx_word' id='word_1_30' title='bbox 153 576 224 617; x_wconf 91' lang='lat' dir='ltr'>sed</span> <span class='ocrx_word' id='word_1_31' title='bbox 271 572 465 628; x_wconf 86' lang='lat' dir='ltr'>gerendis</span> <span class='ocrx_word' id='word_1_32' title='bbox 510 570 635 612; x_wconf 88' lang='lat' dir='ltr'>rebus</span> <span class='ocrx_word' id='word_1_33' title='bbox 676 568 828 610; x_wconf 87' lang='lat' dir='ltr'>nullum</span> <span class='ocrx_word' id='word_1_34' title='bbox 869 579 921 608; x_wconf 86' lang='lat' dir='ltr'>ex</span> <span class='ocrx_word' id='word_1_35' title='bbox 964 577 1013 606; x_wconf 91' lang='lat' dir='ltr'>eo</span> <span class='ocrx_word' id='word_1_36' title='bbox 1058 561 1407 617; x_wconf 81' lang='lat' dir='ltr'>impedimentum.</span> <span class='ocrx_word' id='word_1_37' title='bbox 1468 558 1638 600; x_wconf 82' lang='lat' dir='ltr'>Laetam</span> 
     </span>
     <span class='ocr_line' id='line_1_7' title="bbox 36 633 1642 702; baseline -0.011 -11"><span class='ocrx_word' id='word_1_38' title='bbox 36 679 41 686; x_wconf 18' lang='lat'>¹·</span> <span class='ocrx_word' id='word_1_39' title='bbox 108 662 138 700; x_wconf 65' lang='grc' dir='ltr'>-ς,</span> <span class='ocrx_word' id='word_1_40' title='bbox 156 648 423 702; x_wconf 89' lang='lat' dir='ltr'>voluptatibus</span> <span class='ocrx_word' id='word_1_41' title='bbox 455 644 776 687; x_wconf 81' lang='lat' dir='ltr'>adolescentiam</span> <span class='ocrx_word' id='word_1_42' title='bbox 809 641 908 696; x_wconf 81' lang='lat' dir='ltr'>egit,</span> <span class='ocrx_word' id='word_1_43' title='bbox 939 651 1015 682; x_wconf 90' lang='lat' dir='ltr'>suo</span> <span class='ocrx_word' id='word_1_44' title='bbox 1048 650 1168 692; x_wconf 88' lang='lat' dir='ltr'>quam</span> <span class='ocrx_word' id='word_1_45' title='bbox 1198 636 1324 690; x_wconf 84' lang='lat' dir='ltr'>patris</span> <span class='ocrx_word' id='word_1_46' title='bbox 1350 633 1526 689; x_wconf 88' lang='lat' dir='ltr'>imperio</span> <span class='ocrx_word' id='word_1_47' title='bbox 1544 644 1642 675; x_wconf 85' lang='lat' dir='ltr'>mo-</span> 
     </span>
     <span class='ocr_line' id='line_1_8' title="bbox 40 702 1643 777; baseline -0.011 -11"><span class='ocrx_word' id='word_1_48' title='bbox 40 702 44 711; x_wconf 41' lang='lat'><em>¹</em></span> <span class='ocrx_word' id='word_1_49' title='bbox 151 723 319 765; x_wconf 88' lang='lat' dir='ltr'>destior.</span> <span class='ocrx_word' id='word_1_50' title='bbox 380 721 507 777; x_wconf 86' lang='lat' dir='ltr'>Igitur</span> <span class='ocrx_word' id='word_1_51' title='bbox 538 731 650 760; x_wconf 90' lang='lat' dir='ltr'>oram</span> <span class='ocrx_word' id='word_1_52' title='bbox 681 717 866 759; x_wconf 82' lang='lat' dir='ltr'>Achaiae</span> <span class='ocrx_word' id='word_1_53' title='bbox 897 719 937 756; x_wconf 89' lang='lat' dir='ltr'>et</span> <span class='ocrx_word' id='word_1_54' title='bbox 966 714 1094 755; x_wconf 88' lang='lat' dir='ltr'>Asiae</span> <span class='ocrx_word' id='word_1_55' title='bbox 1125 725 1174 753; x_wconf 91' lang='lat' dir='ltr'>ac</span> <span class='ocrx_word' id='word_1_56' title='bbox 1204 711 1323 753; x_wconf 86' lang='lat' dir='ltr'>laeva</span> <span class='ocrx_word' id='word_1_57' title='bbox 1355 709 1483 751; x_wconf 89' lang='lat' dir='ltr'>maris</span> <span class='ocrx_word' id='word_1_58' title='bbox 1511 709 1643 763; x_wconf 76' lang='lat' dir='ltr'>prae‘-</span> 
     </span>
     <span class='ocr_line' id='line_1_9' title="bbox 63 782 1642 849; baseline -0.009 -10"><span class='ocrx_word' id='word_1_59' title='bbox 63 795 67 805; x_wconf 69' lang='lat'><em>³</em></span> <span class='ocrx_word' id='word_1_60' title='bbox 92 784 316 849; x_wconf 38' lang='lat' dir='ltr'>&#39;&#39;¹&#39;‘vectus‚</span> <span class='ocrx_word' id='word_1_61' title='bbox 346 795 533 837; x_wconf 90' lang='lat' dir='ltr'>Rhodum</span> <span class='ocrx_word' id='word_1_62' title='bbox 564 798 603 835; x_wconf 92' lang='lat' dir='ltr'>et</span> <span class='ocrx_word' id='word_1_63' title='bbox 633 792 811 848; x_wconf 81' lang='lat' dir='ltr'>Cyprum</span> <span class='ocrx_word' id='word_1_64' title='bbox 843 789 1021 840; x_wconf 73' lang='lat' dir='ltr'>insulas,</span> <span class='ocrx_word' id='word_1_65' title='bbox 1054 786 1151 828; x_wconf 91' lang='lat' dir='ltr'>inde</span> <span class='ocrx_word' id='word_1_66' title='bbox 1183 785 1345 841; x_wconf 81' lang='lat' dir='ltr'>Syriam</span> <span class='ocrx_word' id='word_1_67' title='bbox 1377 782 1642 827; x_wconf 82' lang='lat' dir='ltr'>audentiori-</span> 
     </span>
     <span class='ocr_line' id='line_1_10' title="bbox 81 852 1643 924; baseline -0.009 -10.643"><span class='ocrx_word' id='word_1_68' title='bbox 81 852 93 865; x_wconf 40' lang='grc'><strong>”</strong></span> <span class='ocrx_word' id='word_1_69' title='bbox 118 853 226 913; x_wconf 68' lang='lat' dir='ltr'>‘&#39;hus</span> <span class='ocrx_word' id='word_1_70' title='bbox 272 870 412 924; x_wconf 88' lang='lat' dir='ltr'>spatiis</span> <span class='ocrx_word' id='word_1_71' title='bbox 458 869 634 923; x_wconf 88' lang='lat' dir='ltr'>petebat.</span> <span class='ocrx_word' id='word_1_72' title='bbox 693 866 827 919; x_wconf 82' lang='lat' dir='ltr'>Atque</span> <span class='ocrx_word' id='word_1_73' title='bbox 880 863 990 904; x_wconf 92' lang='lat' dir='ltr'>illum</span> <span class='ocrx_word' id='word_1_74' title='bbox 1041 860 1191 915; x_wconf 90' lang='lat' dir='ltr'>cupido</span> <span class='ocrx_word' id='word_1_75' title='bbox 1234 859 1407 902; x_wconf 83' lang='lat' dir='ltr'>incessit</span> <span class='ocrx_word' id='word_1_76' title='bbox 1457 856 1643 904; x_wconf 76' lang='lat' dir='ltr'>adeundi</span> 
     </span>
     <span class='ocr_line' id='line_1_11' title="bbox 78 928 1643 1001; baseline -0.008 -13.402"><span class='ocrx_word' id='word_1_77' title='bbox 78 928 106 944; x_wconf 13' lang='grc' dir='ltr'>γ’</span> <span class='ocrx_word' id='word_1_78' title='bbox 154 945 395 998; x_wconf 90' lang='lat' dir='ltr'>visendique</span> <span class='ocrx_word' id='word_1_79' title='bbox 425 942 614 996; x_wconf 90' lang='lat' dir='ltr'>templum</span> <span class='ocrx_word' id='word_1_80' title='bbox 645 940 819 994; x_wconf 87' lang='lat' dir='ltr'>Paphiae</span> <span class='ocrx_word' id='word_1_81' title='bbox 850 938 1046 989; x_wconf 83' lang='lat' dir='ltr'>Veneris,</span> <span class='ocrx_word' id='word_1_82' title='bbox 1088 935 1272 977; x_wconf 90' lang='lat' dir='ltr'>inclitum</span> <span class='ocrx_word' id='word_1_83' title='bbox 1314 946 1390 1001; x_wconf 56' lang='lat' dir='ltr'>pgr</span> <span class='ocrx_word' id='word_1_84' title='bbox 1418 932 1643 990; x_wconf 73' lang='lat' dir='ltr'>indigenas</span> 
     </span>
     <span class='ocr_line' id='line_1_12' title="bbox 106 1007 1643 1073; baseline -0.007 -13.525"><span class='ocrx_word' id='word_1_85' title='bbox 76 1021 429 1073; x_wconf 81' lang='lat' dir='ltr'>ioadvenasque.</span> <span class='ocrx_word' id='word_1_86' title='bbox 490 1017 605 1059; x_wconf 92' lang='lat' dir='ltr'>Haud</span> <span class='ocrx_word' id='word_1_87' title='bbox 652 1016 773 1058; x_wconf 86' lang='lat' dir='ltr'>suerit</span> <span class='ocrx_word' id='word_1_88' title='bbox 820 1014 988 1068; x_wconf 88' lang='lat' dir='ltr'>longum</span> <span class='ocrx_word' id='word_1_89' title='bbox 1043 1012 1158 1052; x_wconf 89' lang='lat' dir='ltr'>initia</span> <span class='ocrx_word' id='word_1_90' title='bbox 1204 1008 1449 1064; x_wconf 86' lang='lat' dir='ltr'>religionis,</span> <span class='ocrx_word' id='word_1_91' title='bbox 1500 1007 1643 1062; x_wconf 77' lang='lat' dir='ltr'>templi</span> 
     </span>
     <span class='ocr_line' id='line_1_13' title="bbox 154 1082 1643 1146; baseline -0.008 -10"><span class='ocrx_word' id='word_1_92' title='bbox 154 1096 298 1146; x_wconf 89' lang='lat' dir='ltr'>ritum,</span> <span class='ocrx_word' id='word_1_93' title='bbox 341 1094 510 1135; x_wconf 84' lang='lat' dir='ltr'>formam</span> <span class='ocrx_word' id='word_1_94' title='bbox 552 1092 654 1133; x_wconf 89' lang='lat' dir='ltr'>deae</span> <span class='ocrx_word' id='word_1_95' title='bbox 694 1096 848 1144; x_wconf 83' lang='lat' dir='ltr'>(neque</span> <span class='ocrx_word' id='word_1_96' title='bbox 890 1089 997 1130; x_wconf 87' lang='lat' dir='ltr'>enim</span> <span class='ocrx_word' id='word_1_97' title='bbox 1030 1087 1126 1129; x_wconf 90' lang='lat' dir='ltr'>alibi</span> <span class='ocrx_word' id='word_1_98' title='bbox 1159 1085 1220 1127; x_wconf 92' lang='lat' dir='ltr'>sic</span> <span class='ocrx_word' id='word_1_99' title='bbox 1251 1085 1448 1136; x_wconf 86' lang='lat' dir='ltr'>habetur)</span> <span class='ocrx_word' id='word_1_100' title='bbox 1494 1082 1643 1138; x_wconf 83' lang='lat' dir='ltr'>paucis</span> 
     </span>
    </p>

    <p class='ocr_par' dir='ltr' id='par_1_4' title="bbox 107 1158 1685 1442">
     <span class='ocr_line' id='line_1_14' title="bbox 156 1158 1685 1219; baseline -0.005 -9"><span class='ocrx_word' id='word_1_101' title='bbox 156 1169 375 1211; x_wconf 84' lang='lat' dir='ltr'>disserere.</span> <span class='ocrx_word' id='word_1_102' title='bbox 437 1166 699 1208; x_wconf 88' lang='lat' dir='ltr'>Conditorem</span> <span class='ocrx_word' id='word_1_103' title='bbox 730 1165 867 1218; x_wconf 87' lang='lat' dir='ltr'>templi</span> <span class='ocrx_word' id='word_1_104' title='bbox 897 1176 1041 1219; x_wconf 83' lang='lat' dir='ltr'>regem</span> <span class='ocrx_word' id='word_1_105' title='bbox 1083 1162 1240 1203; x_wconf 73' lang='lat' dir='ltr'>Aerian</span> <span class='ocrx_word' id='word_1_106' title='bbox 1271 1164 1391 1202; x_wconf 89' lang='lat' dir='ltr'>vetus</span> <span class='ocrx_word' id='word_1_107' title='bbox 1422 1158 1685 1211; x_wconf 46' lang='lat' dir='ltr'>memoriam</span> 
     </span>
     <span class='ocr_line' id='line_1_15' title="bbox 155 1231 1645 1295; baseline -0.006 -12"><span class='ocrx_word' id='word_1_108' title='bbox 155 1242 316 1295; x_wconf 89' lang='lat' dir='ltr'>quidam</span> <span class='ocrx_word' id='word_1_109' title='bbox 363 1241 488 1295; x_wconf 90' lang='lat' dir='ltr'>ipsius</span> <span class='ocrx_word' id='word_1_110' title='bbox 534 1240 637 1282; x_wconf 87' lang='lat' dir='ltr'>deae</span> <span class='ocrx_word' id='word_1_111' title='bbox 683 1251 833 1281; x_wconf 89' lang='lat' dir='ltr'>nomen</span> <span class='ocrx_word' id='word_1_112' title='bbox 877 1238 917 1279; x_wconf 92' lang='lat' dir='ltr'>id</span> <span class='ocrx_word' id='word_1_113' title='bbox 970 1236 1203 1292; x_wconf 86' lang='lat' dir='ltr'>perhibent.</span> <span class='ocrx_word' id='word_1_114' title='bbox 1265 1235 1390 1277; x_wconf 85' lang='lat' dir='ltr'>Fama</span> <span class='ocrx_word' id='word_1_115' title='bbox 1432 1231 1645 1276; x_wconf 83' lang='lat' dir='ltr'>recentior</span> 
     </span>
     <span class='ocr_line' id='line_1_16' title="bbox 154 1296 1645 1370; baseline -0.005 -13"><span class='ocrx_word' id='word_1_116' title='bbox 154 1316 276 1357; x_wconf 85' lang='lat' dir='ltr'>tradit</span> <span class='ocrx_word' id='word_1_117' title='bbox 305 1328 327 1357; x_wconf 89' lang='lat' dir='ltr'>a</span> <span class='ocrx_word' id='word_1_118' title='bbox 349 1314 498 1370; x_wconf 86' lang='lat' dir='ltr'>Cinyra</span> <span class='ocrx_word' id='word_1_119' title='bbox 528 1318 730 1356; x_wconf 90' lang='lat' dir='ltr'>sacratum</span> <span class='ocrx_word' id='word_1_120' title='bbox 761 1296 968 1367; x_wconf 61' lang='lat' dir='ltr'>templfl&#39;m,</span> <span class='ocrx_word' id='word_1_121' title='bbox 1002 1311 1204 1365; x_wconf 89' lang='lat' dir='ltr'>deamque</span> <span class='ocrx_word' id='word_1_122' title='bbox 1235 1310 1366 1364; x_wconf 85' lang='lat' dir='ltr'>ipsam</span> <span class='ocrx_word' id='word_1_123' title='bbox 1398 1310 1645 1362; x_wconf 83' lang='lat' dir='ltr'>conceptam</span> 
     </span>
     <span class='ocr_line' id='line_1_17' title="bbox 107 1381 1645 1442; baseline -0.004 -13"><span class='ocrx_word' id='word_1_124' title='bbox 107 1401 142 1429; x_wconf 73' lang='lat'>¹5</span> <span class='ocrx_word' id='word_1_125' title='bbox 156 1389 257 1431; x_wconf 88' lang='lat' dir='ltr'>mari</span> <span class='ocrx_word' id='word_1_126' title='bbox 302 1389 381 1431; x_wconf 92' lang='lat' dir='ltr'>huc</span> <span class='ocrx_word' id='word_1_127' title='bbox 429 1389 652 1442; x_wconf 86' lang='lat' dir='ltr'>adpulsam.</span> <span class='ocrx_word' id='word_1_128' title='bbox 714 1388 795 1430; x_wconf 87' lang='lat' dir='ltr'>Sed</span> <span class='ocrx_word' id='word_1_129' title='bbox 848 1386 1065 1429; x_wconf 87' lang='lat' dir='ltr'>scientiam</span> <span class='ocrx_word' id='word_1_130' title='bbox 1115 1389 1330 1439; x_wconf 86' lang='lat' dir='ltr'>artemque</span> <span class='ocrx_word' id='word_1_131' title='bbox 1376 1381 1645 1438; x_wconf 85' lang='lat' dir='ltr'>haruspicum</span> 
     </span>
    </p>
   </div>
   <div class='ocr_carea' id='block_1_4' title="bbox 1672 909 1768 950">
    <p class='ocr_par' dir='ltr' id='par_1_5' title="bbox 1672 909 1768 950">
     <span class='ocr_line' id='line_1_18' title="bbox 1672 909 1768 950; baseline -0.063 0"><span class='ocrx_word' id='word_1_132' title='bbox 1672 909 1768 950; x_wconf 57' lang='lat' dir='ltr'>lum.</span> 
     </span>
    </p>
   </div>
   <div class='ocr_carea' id='block_1_5' title="bbox 155 1526 1648 1663">
    <p class='ocr_par' dir='ltr' id='par_1_6' title="bbox 155 1526 1648 1663">
     <span class='ocr_line' id='line_1_19' title="bbox 292 1526 1646 1583; baseline -0.004 -18"><span class='ocrx_word' id='word_1_133' title='bbox 292 1534 321 1566; x_wconf 89' lang='lat'>1.</span> <span class='ocrx_word' id='word_1_134' title='bbox 359 1543 450 1577; x_wconf 84' lang='lat' dir='ltr'>spem</span> <span class='ocrx_word' id='word_1_135' title='bbox 476 1537 507 1565; x_wconf 85' lang='lat' dir='ltr'>et</span> <span class='ocrx_word' id='word_1_136' title='bbox 530 1538 717 1576; x_wconf 65' lang='lat' dir='ltr'>„zelumque</span> <span class='ocrx_word' id='word_1_137' title='bbox 743 1543 775 1567; x_wconf 79' lang='lat' dir='ltr'>a</span> <span class='ocrx_word' id='word_1_138' title='bbox 889 1531 924 1566; x_wconf 81' lang='lat'>2.</span> <span class='ocrx_word' id='word_1_139' title='bbox 958 1531 1059 1575; x_wconf 78' lang='lat' dir='ltr'>fuere</span> <span class='ocrx_word' id='word_1_140' title='bbox 1088 1527 1136 1562; x_wconf 89' lang='lat' dir='ltr'>G:</span> <span class='ocrx_word' id='word_1_141' title='bbox 1162 1530 1307 1573; x_wconf 78' lang='lat' dir='ltr'>fuerunt</span> <span class='ocrx_word' id='word_1_142' title='bbox 1334 1532 1414 1564; x_wconf 74' lang='lat' dir='ltr'>ab.</span> <span class='ocrx_word' id='word_1_143' title='bbox 1540 1526 1646 1583; x_wconf 51' lang='lat' dir='ltr'>beno-</span> 
     </span>
     <span class='ocr_line' id='line_1_20' title="bbox 155 1574 1647 1622; baseline -0.002 -9"><span class='ocrx_word' id='word_1_144' title='bbox 155 1582 248 1615; x_wconf 83' lang='lat' dir='ltr'>m‘ces</span> <span class='ocrx_word' id='word_1_145' title='bbox 277 1580 383 1622; x_wconf 54' lang='lat' dir='ltr'>ab&amp;</span> <span class='ocrx_word' id='word_1_146' title='bbox 411 1586 446 1614; x_wconf 88' lang='lat' dir='ltr'>ct</span> <span class='ocrx_word' id='word_1_147' title='bbox 470 1582 522 1614; x_wconf 85' lang='lat' dir='ltr'>sic</span> <span class='ocrx_word' id='word_1_148' title='bbox 548 1581 662 1614; x_wconf 84' lang='lat' dir='ltr'>statim</span> <span class='ocrx_word' id='word_1_149' title='bbox 688 1580 806 1614; x_wconf 88' lang='lat' dir='ltr'>iidem.</span> <span class='ocrx_word' id='word_1_150' title='bbox 908 1579 943 1612; x_wconf 85' lang='lat'>5.</span> <span class='ocrx_word' id='word_1_151' title='bbox 979 1577 1195 1611; x_wconf 77' lang='lat' dir='ltr'>moderatior</span> <span class='ocrx_word' id='word_1_152' title='bbox 1225 1581 1291 1614; x_wconf 73' lang='lat' dir='ltr'>ab</span> <span class='ocrx_word' id='word_1_153' title='bbox 1318 1581 1355 1608; x_wconf 76' lang='lat' dir='ltr'>et</span> <span class='ocrx_word' id='word_1_154' title='bbox 1380 1576 1432 1611; x_wconf 83' lang='lat' dir='ltr'>A:</span> <span class='ocrx_word' id='word_1_155' title='bbox 1458 1574 1647 1610; x_wconf 74' lang='lat' dir='ltr'>modcslwr</span> 
     </span>
     <span class='ocr_line' id='line_1_21' title="bbox 157 1623 1648 1663; baseline -0.003 -1"><span class='ocrx_word' id='word_1_156' title='bbox 157 1625 195 1662; x_wconf 87' lang='lat' dir='ltr'>G.</span> <span class='ocrx_word' id='word_1_157' title='bbox 250 1631 303 1663; x_wconf 85' lang='lat'>11.</span> <span class='ocrx_word' id='word_1_158' title='bbox 324 1631 424 1663; x_wconf 78' lang='lat' dir='ltr'>situm</span> <span class='ocrx_word' id='word_1_159' title='bbox 450 1627 531 1663; x_wconf 72' lang='lat' dir='ltr'>GMa</span> <span class='ocrx_word' id='word_1_160' title='bbox 558 1634 592 1663; x_wconf 83' lang='lat' dir='ltr'>et</span> <span class='ocrx_word' id='word_1_161' title='bbox 619 1630 753 1662; x_wconf 88' lang='lat' dir='ltr'>ceteri:</span> <span class='ocrx_word' id='word_1_162' title='bbox 781 1628 936 1662; x_wconf 86' lang='lat' dir='ltr'>correxit</span> <span class='ocrx_word' id='word_1_163' title='bbox 965 1626 1109 1661; x_wconf 88' lang='lat' dir='ltr'>Dureau</span> <span class='ocrx_word' id='word_1_164' title='bbox 1137 1625 1180 1659; x_wconf 87' lang='lat' dir='ltr'>de</span> <span class='ocrx_word' id='word_1_165' title='bbox 1207 1624 1380 1660; x_wconf 82' lang='lat' dir='ltr'>Lamalle.</span> <span class='ocrx_word' id='word_1_166' title='bbox 1434 1625 1490 1659; x_wconf 84' lang='lat'>12.</span> <span class='ocrx_word' id='word_1_167' title='bbox 1518 1623 1648 1659; x_wconf 66' lang='lat' dir='ltr'>uer-{cm</span> 
     </span>
    </p>
   </div>
   <div class='ocr_carea' id='block_1_6' title="bbox 156 1672 1645 1733">
    <p class='ocr_par' dir='ltr' id='par_1_7' title="bbox 156 1672 1645 1733">
     <span class='ocr_line' id='line_1_22' title="bbox 156 1672 1645 1733; baseline -0.002 -22"><span class='ocrx_word' id='word_1_168' title='bbox 156 1676 230 1711; x_wconf 70' lang='lat' dir='ltr'>Ma:</span> <span class='ocrx_word' id='word_1_169' title='bbox 259 1678 411 1712; x_wconf 83' lang='lat' dir='ltr'>correxit</span> <span class='ocrx_word' id='word_1_170' title='bbox 435 1678 633 1712; x_wconf 82' lang='lat' dir='ltr'>Rhenanus.</span> <span class='ocrx_word' id='word_1_171' title='bbox 687 1679 741 1712; x_wconf 77' lang='lat'>13.</span> <span class='ocrx_word' id='word_1_172' title='bbox 765 1676 926 1723; x_wconf 65' lang='lat' dir='ltr'>peribunt</span> <span class='ocrx_word' id='word_1_173' title='bbox 951 1674 1031 1711; x_wconf 67' lang='lat' dir='ltr'>Ma:</span> <span class='ocrx_word' id='word_1_174' title='bbox 1053 1674 1241 1722; x_wconf 76' lang='lat' dir='ltr'>perhibent</span> <span class='ocrx_word' id='word_1_175' title='bbox 1267 1673 1308 1709; x_wconf 89' lang='lat' dir='ltr'>G.</span> <span class='ocrx_word' id='word_1_176' title='bbox 1362 1674 1419 1709; x_wconf 78' lang='lat'>15.</span> <span class='ocrx_word' id='word_1_177' title='bbox 1447 1672 1645 1733; x_wconf 52' lang='lat' dir='ltr'>aruspiila.</span> 
     </span>
    </p>
   </div>
   <div class='ocr_carea' id='block_1_7' title="bbox 925 1811 1682 1958">
    <p class='ocr_par' dir='ltr' id='par_1_8' title="bbox 925 1811 1682 1958">
     <span class='ocr_line' id='line_1_23' title="bbox 929 1811 1649 1859; baseline 0 -10"><span class='ocrx_word' id='word_1_178' title='bbox 929 1820 965 1850; x_wconf 89' lang='lat' dir='ltr'>et</span> <span class='ocrx_word' id='word_1_179' title='bbox 993 1819 1130 1859; x_wconf 84' lang='lat' dir='ltr'>aperto.</span> <span class='ocrx_word' id='word_1_180' title='bbox 1193 1813 1297 1849; x_wconf 84' lang='lat' dir='ltr'>Conf.</span> <span class='ocrx_word' id='word_1_181' title='bbox 1324 1812 1356 1847; x_wconf 85' lang='lat'>11</span> <span class='ocrx_word' id='word_1_182' title='bbox 1385 1811 1432 1848; x_wconf 90' lang='grc'>78</span> <span class='ocrx_word' id='word_1_183' title='bbox 1457 1812 1530 1848; x_wconf 76' lang='lat' dir='ltr'>lato</span> <span class='ocrx_word' id='word_1_184' title='bbox 1554 1813 1649 1849; x_wconf 74' lang='lat' dir='ltr'>mari</span> 
     </span>
     <span class='ocr_line' id='line_1_24' title="bbox 925 1861 1440 1910; baseline -0.006 -11"><span class='ocrx_word' id='word_1_185' title='bbox 925 1875 1077 1910; x_wconf 65' lang='lat' dir='ltr'>pergere</span> <span class='ocrx_word' id='word_1_186' title='bbox 1102 1865 1141 1898; x_wconf 81' lang='lat' dir='ltr'>in</span> <span class='ocrx_word' id='word_1_187' title='bbox 1165 1864 1309 1909; x_wconf 82' lang='lat' dir='ltr'>Syriam</span> <span class='ocrx_word' id='word_1_188' title='bbox 1335 1861 1440 1896; x_wconf 74' lang='lat' dir='ltr'>iubet.</span> 
     </span>
     <span class='ocr_line' id='line_1_25' title="bbox 1003 1910 1682 1958; baseline -0.006 -12"><span class='ocrx_word' id='word_1_189' title='bbox 1003 1911 1090 1957; x_wconf 88' lang='lat' dir='ltr'>Cap.</span> <span class='ocrx_word' id='word_1_190' title='bbox 1118 1913 1153 1948; x_wconf 88' lang='lat'>3.</span> <span class='ocrx_word' id='word_1_191' title='bbox 1182 1923 1299 1958; x_wconf 68' lang='lat' dir='ltr'>regem</span> <span class='ocrx_word' id='word_1_192' title='bbox 1326 1910 1487 1945; x_wconf 66' lang='lat' dir='ltr'>Aer-ian:</span> <span class='ocrx_word' id='word_1_193' title='bbox 1525 1920 1647 1954; x_wconf 76' lang='lat' dir='ltr'>veram</span> <span class='ocrx_word' id='word_1_194' title='bbox 1679 1939 1682 1942; x_wconf 79' lang='grc'><strong><em>,</em></strong></span> 
     </span>
    </p>
   </div>
   <div class='ocr_carea' id='block_1_8' title="bbox 157 1815 860 1956">
    <p class='ocr_par' dir='ltr' id='par_1_9' title="bbox 157 1815 860 1956">
     <span class='ocr_line' id='line_1_26' title="bbox 157 1815 858 1860; baseline 0.001 -11"><span class='ocrx_word' id='word_1_195' title='bbox 157 1822 228 1859; x_wconf 81' lang='lat' dir='ltr'>ret,</span> <span class='ocrx_word' id='word_1_196' title='bbox 271 1817 409 1860; x_wconf 81' lang='lat' dir='ltr'>sapiunt</span> <span class='ocrx_word' id='word_1_197' title='bbox 446 1815 628 1850; x_wconf 84' lang='lat' dir='ltr'>adulantes</span> <span class='ocrx_word' id='word_1_198' title='bbox 664 1821 748 1850; x_wconf 90' lang='lat' dir='ltr'>tunc</span> <span class='ocrx_word' id='word_1_199' title='bbox 782 1816 858 1850; x_wconf 86' lang='lat' dir='ltr'>Tito</span> 
     </span>
     <span class='ocr_line' id='line_1_27' title="bbox 158 1863 860 1909; baseline 0.003 -13"><span class='ocrx_word' id='word_1_200' title='bbox 158 1863 252 1897; x_wconf 89' lang='lat' dir='ltr'>filio:</span> <span class='ocrx_word' id='word_1_201' title='bbox 278 1875 357 1897; x_wconf 89' lang='lat' dir='ltr'>nam</span> <span class='ocrx_word' id='word_1_202' title='bbox 382 1865 554 1909; x_wconf 82' lang='lat' dir='ltr'>suscipere</span> <span class='ocrx_word' id='word_1_203' title='bbox 571 1871 623 1898; x_wconf 86' lang='lat' dir='ltr'>est</span> <span class='ocrx_word' id='word_1_204' title='bbox 652 1866 687 1898; x_wconf 90' lang='lat' dir='ltr'>in</span> <span class='ocrx_word' id='word_1_205' title='bbox 713 1865 860 1899; x_wconf 88' lang='lat' dir='ltr'>tutelam</span> 
     </span>
     <span class='ocr_line' id='line_1_28' title="bbox 161 1911 634 1956; baseline 0.006 -12"><span class='ocrx_word' id='word_1_206' title='bbox 161 1917 196 1945; x_wconf 87' lang='lat' dir='ltr'>et</span> <span class='ocrx_word' id='word_1_207' title='bbox 221 1911 431 1955; x_wconf 86' lang='lat' dir='ltr'>praesidium</span> <span class='ocrx_word' id='word_1_208' title='bbox 459 1914 634 1956; x_wconf 83' lang='lat' dir='ltr'>accipere.</span> 
     </span>
    </p>
   </div>
   <div class='ocr_carea' id='block_1_9' title="bbox 162 1959 869 3009">
    <p class='ocr_par' dir='ltr' id='par_1_10' title="bbox 162 1959 862 2100">
     <span class='ocr_line' id='line_1_29' title="bbox 242 1959 861 2005; baseline 0.005 -13"><span class='ocrx_word' id='word_1_209' title='bbox 242 1959 325 2003; x_wconf 89' lang='lat' dir='ltr'>Cap.</span> <span class='ocrx_word' id='word_1_210' title='bbox 353 1962 385 1994; x_wconf 83' lang='lat'>2.</span> <span class='ocrx_word' id='word_1_211' title='bbox 436 1972 510 2005; x_wconf 87' lang='lat' dir='ltr'>spes</span> <span class='ocrx_word' id='word_1_212' title='bbox 534 1962 641 1994; x_wconf 79' lang='lat' dir='ltr'>vicit.-</span> <span class='ocrx_word' id='word_1_213' title='bbox 677 1971 756 2005; x_wconf 88' lang='lat' dir='ltr'>spes</span> <span class='ocrx_word' id='word_1_214' title='bbox 783 1962 861 1996; x_wconf 86' lang='lat' dir='ltr'>fore</span> 
     </span>
     <span class='ocr_line' id='line_1_30' title="bbox 162 2008 862 2053; baseline 0.006 -13"><span class='ocrx_word' id='word_1_215' title='bbox 162 2012 200 2040; x_wconf 92' lang='lat' dir='ltr'>ut</span> <span class='ocrx_word' id='word_1_216' title='bbox 221 2008 456 2051; x_wconf 85' lang='lat' dir='ltr'>Vespasianus</span> <span class='ocrx_word' id='word_1_217' title='bbox 480 2019 552 2042; x_wconf 88' lang='lat' dir='ltr'>rem</span> <span class='ocrx_word' id='word_1_218' title='bbox 580 2009 756 2053; x_wconf 81' lang='lat' dir='ltr'>publicam</span> <span class='ocrx_word' id='word_1_219' title='bbox 781 2021 862 2044; x_wconf 87' lang='lat' dir='ltr'>sus-</span> 
     </span>
     <span class='ocr_line' id='line_1_31' title="bbox 164 2056 837 2100; baseline 0.001 -11"><span class='ocrx_word' id='word_1_220' title='bbox 164 2057 298 2100; x_wconf 81' lang='lat' dir='ltr'>ciperet</span> <span class='ocrx_word' id='word_1_221' title='bbox 326 2061 361 2089; x_wconf 82' lang='lat' dir='ltr'>et</span> <span class='ocrx_word' id='word_1_222' title='bbox 388 2056 504 2090; x_wconf 88' lang='lat' dir='ltr'>futura</span> <span class='ocrx_word' id='word_1_223' title='bbox 530 2057 621 2091; x_wconf 87' lang='lat' dir='ltr'>bene</span> <span class='ocrx_word' id='word_1_224' title='bbox 648 2063 837 2092; x_wconf 84' lang='lat' dir='ltr'>verterent.</span> 
     </span>
    </p>

    <p class='ocr_par' dir='ltr' id='par_1_11' title="bbox 163 2104 865 2664">
     <span class='ocr_line' id='line_1_32' title="bbox 236 2104 862 2141; baseline 0.005 -5"><span class='ocrx_word' id='word_1_225' title='bbox 236 2104 416 2137; x_wconf 80' lang='lat' dir='ltr'>Berenices</span> <span class='ocrx_word' id='word_1_226' title='bbox 434 2116 445 2138; x_wconf 93' lang='grc'>.·</span> <span class='ocrx_word' id='word_1_227' title='bbox 473 2104 562 2138; x_wconf 89' lang='lat' dir='ltr'>hanc</span> <span class='ocrx_word' id='word_1_228' title='bbox 588 2107 732 2140; x_wconf 80' lang='lat' dir='ltr'>formam</span> <span class='ocrx_word' id='word_1_229' title='bbox 760 2106 862 2141; x_wconf 85' lang='lat' dir='ltr'>alteri</span> 
     </span>
     <span class='ocr_line' id='line_1_33' title="bbox 165 2152 862 2200; baseline 0.006 -16"><span class='ocrx_word' id='word_1_230' title='bbox 165 2153 348 2185; x_wconf 81' lang='lat' dir='ltr'>Beronices</span> <span class='ocrx_word' id='word_1_231' title='bbox 367 2163 442 2185; x_wconf 90' lang='lat' dir='ltr'>cum</span> <span class='ocrx_word' id='word_1_232' title='bbox 458 2152 575 2197; x_wconf 88' lang='lat' dir='ltr'>Lipsio</span> <span class='ocrx_word' id='word_1_233' title='bbox 596 2155 759 2198; x_wconf 82' lang='lat' dir='ltr'>praetuli,</span> <span class='ocrx_word' id='word_1_234' title='bbox 777 2166 862 2200; x_wconf 83' lang='lat' dir='ltr'>pro-</span> 
     </span>
     <span class='ocr_line' id='line_1_34' title="bbox 164 2200 860 2244; baseline 0.009 -12"><span class='ocrx_word' id='word_1_235' title='bbox 164 2204 283 2243; x_wconf 88' lang='lat' dir='ltr'>pterea</span> <span class='ocrx_word' id='word_1_236' title='bbox 314 2200 405 2244; x_wconf 90' lang='lat' dir='ltr'>quod</span> <span class='ocrx_word' id='word_1_237' title='bbox 434 2200 487 2234; x_wconf 80' lang='lat' dir='ltr'>Ma</span> <span class='ocrx_word' id='word_1_238' title='bbox 525 2201 581 2235; x_wconf 92' lang='lat' dir='ltr'>hic</span> <span class='ocrx_word' id='word_1_239' title='bbox 616 2202 783 2237; x_wconf 82' lang='lat' dir='ltr'>deficiens</span> <span class='ocrx_word' id='word_1_240' title='bbox 822 2204 860 2238; x_wconf 89' lang='grc' dir='ltr'>Η.</span> 
     </span>
     <span class='ocr_line' id='line_1_35' title="bbox 163 2247 863 2286; baseline 0.009 -6"><span class='ocrx_word' id='word_1_241' title='bbox 163 2247 191 2280; x_wconf 90' lang='lat'>11</span> <span class='ocrx_word' id='word_1_242' title='bbox 216 2247 259 2282; x_wconf 85' lang='lat'>81</span> <span class='ocrx_word' id='word_1_243' title='bbox 289 2249 453 2282; x_wconf 82' lang='lat' dir='ltr'>Berenice</span> <span class='ocrx_word' id='word_1_244' title='bbox 481 2249 636 2284; x_wconf 88' lang='lat' dir='ltr'>exhibet.</span> <span class='ocrx_word' id='word_1_245' title='bbox 696 2252 863 2286; x_wconf 81' lang='lat' dir='ltr'>Berenice</span> 
     </span>
     <span class='ocr_line' id='line_1_36' title="bbox 164 2297 864 2342; baseline 0.009 -14"><span class='ocrx_word' id='word_1_246' title='bbox 164 2305 288 2330; x_wconf 87' lang='lat' dir='ltr'>nomen</span> <span class='ocrx_word' id='word_1_247' title='bbox 324 2297 488 2330; x_wconf 89' lang='lat' dir='ltr'>scribitur</span> <span class='ocrx_word' id='word_1_248' title='bbox 532 2299 622 2342; x_wconf 90' lang='lat' dir='ltr'>apud</span> <span class='ocrx_word' id='word_1_249' title='bbox 660 2299 781 2334; x_wconf 89' lang='lat' dir='ltr'>luven.</span> <span class='ocrx_word' id='word_1_250' title='bbox 820 2301 864 2334; x_wconf 94' lang='lat' dir='ltr'>VI</span> 
     </span>
     <span class='ocr_line' id='line_1_37' title="bbox 168 2343 863 2392; baseline 0.009 -16"><span class='ocrx_word' id='word_1_251' title='bbox 168 2343 256 2385; x_wconf 86' lang='lat'>156,</span> <span class='ocrx_word' id='word_1_252' title='bbox 311 2348 503 2392; x_wconf 77' lang='grc' dir='ltr'><em>Βερενείκη</em></span> <span class='ocrx_word' id='word_1_253' title='bbox 551 2348 585 2379; x_wconf 91' lang='lat' dir='ltr'>in</span> <span class='ocrx_word' id='word_1_254' title='bbox 628 2348 728 2381; x_wconf 86' lang='lat' dir='ltr'>titulo</span> <span class='ocrx_word' id='word_1_255' title='bbox 771 2349 863 2392; x_wconf 88' lang='lat' dir='ltr'>apud</span> 
     </span>
     <span class='ocr_line' id='line_1_38' title="bbox 164 2390 862 2437; baseline 0.013 -14"><span class='ocrx_word' id='word_1_256' title='bbox 164 2390 382 2425; x_wconf 90' lang='lat' dir='ltr'>Boeckhium</span> <span class='ocrx_word' id='word_1_257' title='bbox 410 2393 513 2437; x_wconf 87' lang='lat' dir='ltr'>Corp.</span> <span class='ocrx_word' id='word_1_258' title='bbox 541 2396 645 2429; x_wconf 84' lang='lat' dir='ltr'>inser.</span> <span class='ocrx_word' id='word_1_259' title='bbox 662 2396 718 2430; x_wconf 87' lang='lat' dir='ltr'>Gr.</span> <span class='ocrx_word' id='word_1_260' title='bbox 745 2397 862 2437; x_wconf 46' lang='lat'>112361</span> 
     </span>
     <span class='ocr_line' id='line_1_39' title="bbox 165 2438 864 2488; baseline 0.011 -18"><span class='ocrx_word' id='word_1_261' title='bbox 165 2442 247 2472; x_wconf 87' lang='lat' dir='ltr'>tom.</span> <span class='ocrx_word' id='word_1_262' title='bbox 274 2438 289 2471; x_wconf 94' lang='grc' dir='ltr'>Ι</span> <span class='ocrx_word' id='word_1_263' title='bbox 329 2450 361 2483; x_wconf 92' lang='lat' dir='ltr'>p.</span> <span class='ocrx_word' id='word_1_264' title='bbox 393 2442 484 2483; x_wconf 74' lang='lat'>431,</span> <span class='ocrx_word' id='word_1_265' title='bbox 523 2445 680 2488; x_wconf 75' lang='grc' dir='ltr'><em>Βερνίκη</em></span> <span class='ocrx_word' id='word_1_266' title='bbox 706 2446 739 2477; x_wconf 89' lang='lat' dir='ltr'>iu</span> <span class='ocrx_word' id='word_1_267' title='bbox 766 2438 864 2478; x_wconf 77' lang='lat' dir='ltr'>Actis</span> 
     </span>
     <span class='ocr_line' id='line_1_40' title="bbox 167 2489 864 2532; baseline 0.011 -14"><span class='ocrx_word' id='word_1_268' title='bbox 167 2490 278 2529; x_wconf 85' lang='lat' dir='ltr'>apost.</span> <span class='ocrx_word' id='word_1_269' title='bbox 309 2489 353 2522; x_wconf 84' lang='lat'>25</span> <span class='ocrx_word' id='word_1_270' title='bbox 384 2489 425 2522; x_wconf 80' lang='lat'>13</span> <span class='ocrx_word' id='word_1_271' title='bbox 453 2494 486 2522; x_wconf 83' lang='lat' dir='ltr'>et</span> <span class='ocrx_word' id='word_1_272' title='bbox 513 2491 577 2532; x_wconf 80' lang='lat'>23,</span> <span class='ocrx_word' id='word_1_273' title='bbox 616 2491 661 2525; x_wconf 84' lang='lat'>26</span> <span class='ocrx_word' id='word_1_274' title='bbox 686 2493 731 2526; x_wconf 84' lang='lat'>30</span> <span class='ocrx_word' id='word_1_275' title='bbox 758 2493 864 2526; x_wconf 87' lang='lat' dir='ltr'>item-</span> 
     </span>
     <span class='ocr_line' id='line_1_41' title="bbox 166 2535 863 2581; baseline 0.011 -15"><span class='ocrx_word' id='word_1_276' title='bbox 166 2544 234 2578; x_wconf 88' lang='lat' dir='ltr'>que</span> <span class='ocrx_word' id='word_1_277' title='bbox 260 2535 351 2577; x_wconf 81' lang='lat' dir='ltr'>apud</span> <span class='ocrx_word' id='word_1_278' title='bbox 366 2535 553 2580; x_wconf 87' lang='lat' dir='ltr'>Iosephum</span> <span class='ocrx_word' id='word_1_279' title='bbox 582 2537 738 2581; x_wconf 81' lang='lat' dir='ltr'>pluribus</span> <span class='ocrx_word' id='word_1_280' title='bbox 762 2540 863 2574; x_wconf 85' lang='lat' dir='ltr'>locis.</span> 
     </span>
     <span class='ocr_line' id='line_1_42' title="bbox 167 2582 865 2622; baseline 0.009 -7"><span class='ocrx_word' id='word_1_281' title='bbox 167 2582 218 2615; x_wconf 90' lang='lat' dir='ltr'>De</span> <span class='ocrx_word' id='word_1_282' title='bbox 253 2592 290 2615; x_wconf 86' lang='lat' dir='ltr'>re</span> <span class='ocrx_word' id='word_1_283' title='bbox 318 2584 410 2617; x_wconf 83' lang='lat' dir='ltr'>conf.</span> <span class='ocrx_word' id='word_1_284' title='bbox 440 2585 583 2618; x_wconf 80' lang='lat' dir='ltr'>Sueton.</span> <span class='ocrx_word' id='word_1_285' title='bbox 625 2585 688 2620; x_wconf 83' lang='lat' dir='ltr'>Tit.</span> <span class='ocrx_word' id='word_1_286' title='bbox 716 2589 747 2621; x_wconf 88' lang='lat'>7.</span> <span class='ocrx_word' id='word_1_287' title='bbox 799 2589 865 2622; x_wconf 89' lang='lat' dir='ltr'>Dio</span> 
     </span>
     <span class='ocr_line' id='line_1_43' title="bbox 166 2629 356 2664; baseline 0.011 -2"><span class='ocrx_word' id='word_1_288' title='bbox 166 2629 271 2662; x_wconf 86' lang='lat' dir='ltr'>LXVl</span> <span class='ocrx_word' id='word_1_289' title='bbox 303 2632 356 2664; x_wconf 78' lang='lat'>15.</span> 
     </span>
    </p>

    <p class='ocr_par' dir='ltr' id='par_1_12' title="bbox 166 2677 869 3009">
     <span class='ocr_line' id='line_1_44' title="bbox 236 2677 866 2726; baseline 0.013 -16"><span class='ocrx_word' id='word_1_290' title='bbox 236 2677 337 2711; x_wconf 79' lang='lat' dir='ltr'>laeva</span> <span class='ocrx_word' id='word_1_291' title='bbox 370 2681 509 2713; x_wconf 86' lang='lat' dir='ltr'>maris:</span> <span class='ocrx_word' id='word_1_292' title='bbox 551 2691 640 2726; x_wconf 91' lang='lat' dir='ltr'>quae</span> <span class='ocrx_word' id='word_1_293' title='bbox 678 2694 739 2726; x_wconf 83' lang='lat' dir='ltr'>per</span> <span class='ocrx_word' id='word_1_294' title='bbox 771 2694 866 2718; x_wconf 85' lang='lat' dir='ltr'>marc</span> 
     </span>
     <span class='ocr_line' id='line_1_45' title="bbox 166 2725 866 2773; baseline 0.013 -16"><span class='ocrx_word' id='word_1_295' title='bbox 166 2725 321 2759; x_wconf 85' lang='lat' dir='ltr'>Rhodum</span> <span class='ocrx_word' id='word_1_296' title='bbox 351 2731 386 2760; x_wconf 86' lang='lat' dir='ltr'>et</span> <span class='ocrx_word' id='word_1_297' title='bbox 405 2728 557 2772; x_wconf 86' lang='lat' dir='ltr'>Cyprum</span> <span class='ocrx_word' id='word_1_298' title='bbox 585 2733 718 2773; x_wconf 86' lang='lat' dir='ltr'>petenti</span> <span class='ocrx_word' id='word_1_299' title='bbox 747 2732 789 2765; x_wconf 90' lang='lat' dir='ltr'>ad</span> <span class='ocrx_word' id='word_1_300' title='bbox 816 2733 866 2766; x_wconf 90' lang='lat' dir='ltr'>si-</span> 
     </span>
     <span class='ocr_line' id='line_1_46' title="bbox 166 2774 868 2822; baseline 0.014 -18"><span class='ocrx_word' id='word_1_301' title='bbox 166 2774 305 2806; x_wconf 84' lang='lat' dir='ltr'>nistram</span> <span class='ocrx_word' id='word_1_302' title='bbox 344 2776 475 2818; x_wconf 82' lang='lat' dir='ltr'>partem</span> <span class='ocrx_word' id='word_1_303' title='bbox 514 2783 634 2821; x_wconf 79' lang='lat' dir='ltr'>erant⁷</span> <span class='ocrx_word' id='word_1_304' title='bbox 675 2779 806 2822; x_wconf 84' lang='lat' dir='ltr'>Lyciae</span> <span class='ocrx_word' id='word_1_305' title='bbox 834 2785 868 2814; x_wconf 87' lang='lat' dir='ltr'>et</span> 
     </span>
     <span class='ocr_line' id='line_1_47' title="bbox 166 2819 867 2864; baseline 0.014 -12"><span class='ocrx_word' id='word_1_306' title='bbox 166 2819 390 2864; x_wconf 83' lang='lat' dir='ltr'>Pamphyliae</span> <span class='ocrx_word' id='word_1_307' title='bbox 420 2828 540 2859; x_wconf 86' lang='lat' dir='ltr'>terras.</span> <span class='ocrx_word' id='word_1_308' title='bbox 648 2828 867 2862; x_wconf 68' lang='lat' dir='ltr'>audentiori-</span> 
     </span>
     <span class='ocr_line' id='line_1_48' title="bbox 167 2867 867 2920; baseline 0.019 -22"><span class='ocrx_word' id='word_1_309' title='bbox 167 2867 224 2900; x_wconf 83' lang='lat' dir='ltr'>bus</span> <span class='ocrx_word' id='word_1_310' title='bbox 249 2871 391 2913; x_wconf 80' lang='lat' dir='ltr'>spatiis:</span> <span class='ocrx_word' id='word_1_311' title='bbox 420 2874 523 2905; x_wconf 81' lang='lat' dir='ltr'>maris</span> <span class='ocrx_word' id='word_1_312' title='bbox 549 2875 661 2917; x_wconf 81' lang='lat' dir='ltr'>spatia</span> <span class='ocrx_word' id='word_1_313' title='bbox 690 2879 867 2920; x_wconf 71' lang='lat' dir='ltr'>emensus,</span> 
     </span>
     <span class='ocr_line' id='line_1_49' title="bbox 168 2915 869 2970; baseline 0.02 -25"><span class='ocrx_word' id='word_1_314' title='bbox 168 2915 201 2946; x_wconf 87' lang='lat' dir='ltr'>in</span> <span class='ocrx_word' id='word_1_315' title='bbox 239 2916 361 2959; x_wconf 85' lang='lat' dir='ltr'>quibus</span> <span class='ocrx_word' id='word_1_316' title='bbox 396 2921 616 2962; x_wconf 77' lang='lat' dir='ltr'>permeandis</span> <span class='ocrx_word' id='word_1_317' title='bbox 655 2923 733 2967; x_wconf 90' lang='lat' dir='ltr'>plus</span> <span class='ocrx_word' id='word_1_318' title='bbox 766 2935 869 2970; x_wconf 88' lang='lat' dir='ltr'>quam</span> 
     </span>
     <span class='ocr_line' id='line_1_50' title="bbox 169 2963 868 3009; baseline 0.021 -16"><span class='ocrx_word' id='word_1_319' title='bbox 169 2964 249 2995; x_wconf 85' lang='lat' dir='ltr'>ante</span> <span class='ocrx_word' id='word_1_320' title='bbox 275 2963 447 3009; x_wconf 82' lang='lat' dir='ltr'>audehat,</span> <span class='ocrx_word' id='word_1_321' title='bbox 491 2966 524 3002; x_wconf 87' lang='lat' dir='ltr'>h.</span> <span class='ocrx_word' id='word_1_322' title='bbox 555 2979 585 3003; x_wconf 89' lang='lat' dir='ltr'>e.</span> <span class='ocrx_word' id='word_1_323' title='bbox 617 2970 650 3003; x_wconf 89' lang='lat' dir='ltr'>in</span> <span class='ocrx_word' id='word_1_324' title='bbox 677 2972 763 3006; x_wconf 75' lang='lat' dir='ltr'>inari</span> <span class='ocrx_word' id='word_1_325' title='bbox 797 2971 868 3008; x_wconf 78' lang='lat' dir='ltr'>alto</span> 
     </span>
    </p>
   </div>
   <div class='ocr_carea' id='block_1_10' title="bbox 927 1954 1652 3025">
    <p class='ocr_par' dir='ltr' id='par_1_13' title="bbox 928 1954 1650 2201">
     <span class='ocr_line' id='line_1_51' title="bbox 928 1954 1648 2005; baseline 0 -10"><span class='ocrx_word' id='word_1_326' title='bbox 928 1962 1083 1996; x_wconf 87' lang='lat' dir='ltr'>nominis</span> <span class='ocrx_word' id='word_1_327' title='bbox 1110 1961 1258 1995; x_wconf 86' lang='lat' dir='ltr'>formam</span> <span class='ocrx_word' id='word_1_328' title='bbox 1284 1959 1443 1995; x_wconf 85' lang='lat' dir='ltr'>servavit</span> <span class='ocrx_word' id='word_1_329' title='bbox 1457 1959 1556 2005; x_wconf 78' lang='lat' dir='ltr'>prior</span> <span class='ocrx_word' id='word_1_330' title='bbox 1569 1954 1648 1995; x_wconf 73' lang='lat' dir='ltr'>Me-</span> 
     </span>
     <span class='ocr_line' id='line_1_52' title="bbox 930 2008 1650 2054; baseline -0.003 -10"><span class='ocrx_word' id='word_1_331' title='bbox 930 2010 1052 2045; x_wconf 83' lang='lat' dir='ltr'>diceus</span> <span class='ocrx_word' id='word_1_332' title='bbox 1078 2009 1124 2044; x_wconf 90' lang='lat'>111</span> <span class='ocrx_word' id='word_1_333' title='bbox 1151 2009 1221 2045; x_wconf 82' lang='lat'>62:</span> <span class='ocrx_word' id='word_1_334' title='bbox 1261 2010 1297 2043; x_wconf 85' lang='lat' dir='ltr'>in</span> <span class='ocrx_word' id='word_1_335' title='bbox 1326 2008 1379 2044; x_wconf 69' lang='lat' dir='ltr'>Ma</span> <span class='ocrx_word' id='word_1_336' title='bbox 1407 2009 1536 2044; x_wconf 74' lang='lat' dir='ltr'>uerian</span> <span class='ocrx_word' id='word_1_337' title='bbox 1563 2012 1650 2054; x_wconf 79' lang='lat' dir='ltr'>pcr-</span> 
     </span>
     <span class='ocr_line' id='line_1_53' title="bbox 930 2057 1649 2093; baseline 0.001 -1"><span class='ocrx_word' id='word_1_338' title='bbox 930 2059 1030 2093; x_wconf 86' lang='lat' dir='ltr'>venit</span> <span class='ocrx_word' id='word_1_339' title='bbox 1066 2070 1109 2093; x_wconf 86' lang='lat' dir='ltr'>ex</span> <span class='ocrx_word' id='word_1_340' title='bbox 1136 2059 1416 2093; x_wconf 80' lang='lat' dir='ltr'>commutatione</span> <span class='ocrx_word' id='word_1_341' title='bbox 1450 2057 1649 2093; x_wconf 74' lang='lat' dir='ltr'>litterarum</span> 
     </span>
     <span class='ocr_line' id='line_1_54' title="bbox 933 2105 1650 2155; baseline 0.001 -15"><span class='ocrx_word' id='word_1_342' title='bbox 933 2108 961 2140; x_wconf 94' lang='lat' dir='ltr'>V</span> <span class='ocrx_word' id='word_1_343' title='bbox 981 2113 1016 2141; x_wconf 88' lang='lat' dir='ltr'>et</span> <span class='ocrx_word' id='word_1_344' title='bbox 1036 2107 1086 2141; x_wconf 83' lang='lat' dir='ltr'>A:</span> <span class='ocrx_word' id='word_1_345' title='bbox 1113 2117 1193 2141; x_wconf 90' lang='lat' dir='ltr'>nam</span> <span class='ocrx_word' id='word_1_346' title='bbox 1213 2106 1306 2142; x_wconf 89' lang='lat' dir='ltr'>liber</span> <span class='ocrx_word' id='word_1_347' title='bbox 1336 2105 1552 2155; x_wconf 74' lang='grc' dir='ltr'><em>ἄρχέτυπος</em></span> <span class='ocrx_word' id='word_1_348' title='bbox 1578 2112 1650 2142; x_wconf 76' lang='lat' dir='ltr'>uu-</span> 
     </span>
     <span class='ocr_line' id='line_1_55' title="bbox 932 2156 1377 2201; baseline 0.004 -12"><span class='ocrx_word' id='word_1_349' title='bbox 932 2156 1083 2190; x_wconf 88' lang='lat' dir='ltr'>cialibus</span> <span class='ocrx_word' id='word_1_350' title='bbox 1109 2157 1263 2201; x_wconf 87' lang='lat' dir='ltr'>scriptus</span> <span class='ocrx_word' id='word_1_351' title='bbox 1291 2160 1377 2191; x_wconf 85' lang='lat' dir='ltr'>erat.</span> 
     </span>
    </p>

    <p class='ocr_par' dir='ltr' id='par_1_14' title="bbox 927 2202 1652 2589">
     <span class='ocr_line' id='line_1_56' title="bbox 1017 2202 1652 2250; baseline 0.003 -12"><span class='ocrx_word' id='word_1_352' title='bbox 1017 2205 1156 2248; x_wconf 69' lang='lat' dir='ltr'>qnidam</span> <span class='ocrx_word' id='word_1_353' title='bbox 1191 2206 1300 2250; x_wconf 76' lang='lat' dir='ltr'>ipsius</span> <span class='ocrx_word' id='word_1_354' title='bbox 1335 2204 1423 2239; x_wconf 82' lang='lat' dir='ltr'>deae</span> <span class='ocrx_word' id='word_1_355' title='bbox 1455 2213 1583 2240; x_wconf 72' lang='lat' dir='ltr'>nomen</span> <span class='ocrx_word' id='word_1_356' title='bbox 1613 2202 1652 2240; x_wconf 60' lang='lat' dir='ltr'>&amp;a</span> 
     </span>
     <span class='ocr_line' id='line_1_57' title="bbox 927 2253 1647 2300; baseline 0.004 -15"><span class='ocrx_word' id='word_1_357' title='bbox 927 2253 1133 2298; x_wconf 76' lang='lat' dir='ltr'>perhibent.-</span> <span class='ocrx_word' id='word_1_358' title='bbox 1178 2253 1305 2288; x_wconf 86' lang='lat' dir='ltr'>eodem</span> <span class='ocrx_word' id='word_1_359' title='bbox 1333 2258 1576 2300; x_wconf 79' lang='lat' dir='ltr'>cognomento</span> <span class='ocrx_word' id='word_1_360' title='bbox 1601 2253 1647 2288; x_wconf 77' lang='lat' dir='ltr'>ab</span> 
     </span>
     <span class='ocr_line' id='line_1_58' title="bbox 932 2300 1649 2348; baseline 0.004 -14"><span class='ocrx_word' id='word_1_361' title='bbox 932 2304 1014 2334; x_wconf 78' lang='lat' dir='ltr'>aere</span> <span class='ocrx_word' id='word_1_362' title='bbox 1040 2307 1179 2346; x_wconf 86' lang='lat' dir='ltr'>sumpto</span> <span class='ocrx_word' id='word_1_363' title='bbox 1206 2303 1313 2337; x_wconf 87' lang='lat' dir='ltr'>etiam</span> <span class='ocrx_word' id='word_1_364' title='bbox 1337 2302 1501 2338; x_wconf 80' lang='lat' dir='ltr'>Minerva</span> <span class='ocrx_word' id='word_1_365' title='bbox 1536 2300 1649 2348; x_wconf 79' lang='lat' dir='ltr'>(Dio-</span> 
     </span>
     <span class='ocr_line' id='line_1_59' title="bbox 933 2349 1652 2397; baseline 0.006 -15"><span class='ocrx_word' id='word_1_366' title='bbox 933 2350 1037 2382; x_wconf 89' lang='lat' dir='ltr'>dorus</span> <span class='ocrx_word' id='word_1_367' title='bbox 1073 2349 1086 2383; x_wconf 90' lang='lat' dir='ltr'>l</span> <span class='ocrx_word' id='word_1_368' title='bbox 1116 2353 1177 2397; x_wconf 80' lang='lat'>12)</span> <span class='ocrx_word' id='word_1_369' title='bbox 1221 2355 1257 2385; x_wconf 85' lang='lat' dir='ltr'>et</span> <span class='ocrx_word' id='word_1_370' title='bbox 1297 2349 1417 2394; x_wconf 90' lang='lat' dir='ltr'>1uno;</span> <span class='ocrx_word' id='word_1_371' title='bbox 1451 2351 1652 2386; x_wconf 38' lang='lat' dir='ltr'>‘Martianus</span> 
     </span>
     <span class='ocr_line' id='line_1_60' title="bbox 934 2397 1651 2446; baseline 0.008 -16"><span class='ocrx_word' id='word_1_372' title='bbox 934 2397 1079 2442; x_wconf 84' lang='lat' dir='ltr'>Capella</span> <span class='ocrx_word' id='word_1_373' title='bbox 1104 2398 1134 2432; x_wconf 90' lang='lat'>11</span> <span class='ocrx_word' id='word_1_374' title='bbox 1161 2400 1197 2441; x_wconf 59' lang='grc' dir='ltr'>ξ.</span> <span class='ocrx_word' id='word_1_375' title='bbox 1229 2400 1319 2435; x_wconf 88' lang='lat'>149:</span> <span class='ocrx_word' id='word_1_376' title='bbox 1346 2400 1405 2434; x_wconf 78' lang='lat' dir='ltr'>lu&#39;c</span> <span class='ocrx_word' id='word_1_377' title='bbox 1429 2411 1492 2446; x_wconf 70' lang='lat' dir='ltr'>ego</span> <span class='ocrx_word' id='word_1_378' title='bbox 1518 2406 1550 2435; x_wconf 79' lang='lat' dir='ltr'>te</span> <span class='ocrx_word' id='word_1_379' title='bbox 1574 2400 1651 2435; x_wconf 74' lang='grc' dir='ltr'>Λε-</span> 
     </span>
     <span class='ocr_line' id='line_1_61' title="bbox 932 2447 1651 2494; baseline 0.007 -16"><span class='ocrx_word' id='word_1_380' title='bbox 932 2447 1023 2479; x_wconf 82' lang='lat' dir='ltr'>riam</span> <span class='ocrx_word' id='word_1_381' title='bbox 1045 2449 1159 2492; x_wconf 75' lang='lat' dir='ltr'>potins</span> <span class='ocrx_word' id='word_1_382' title='bbox 1185 2448 1228 2481; x_wconf 79' lang='lat' dir='ltr'>ab</span> <span class='ocrx_word' id='word_1_383' title='bbox 1249 2449 1348 2482; x_wconf 67' lang='lat' dir='ltr'>aeris</span> <span class='ocrx_word' id='word_1_384' title='bbox 1373 2459 1483 2494; x_wconf 66' lang='lat' dir='ltr'>rayno</span> <span class='ocrx_word' id='word_1_385' title='bbox 1509 2458 1651 2483; x_wconf 74' lang='lat' dir='ltr'>nuncu·-</span> 
     </span>
     <span class='ocr_line' id='line_1_62' title="bbox 930 2495 1651 2545; baseline 0.007 -18"><span class='ocrx_word' id='word_1_386' title='bbox 930 2501 1050 2539; x_wconf 80' lang='lat' dir='ltr'>patam</span> <span class='ocrx_word' id='word_1_387' title='bbox 1074 2507 1170 2530; x_wconf 81' lang='lat' dir='ltr'>voco.</span> <span class='ocrx_word' id='word_1_388' title='bbox 1223 2495 1451 2541; x_wconf 86' lang='lat' dir='ltr'>Hesychius:</span> <span class='ocrx_word' id='word_1_389' title='bbox 1497 2497 1651 2545; x_wconf 73' lang='grc' dir='ltr'><strong><em>Ἀερίαε</em></strong></span> 
     </span>
     <span class='ocr_line' id='line_1_63' title="bbox 932 2543 1508 2589; baseline 0.002 -11"><span class='ocrx_word' id='word_1_390' title='bbox 932 2548 995 2578; x_wconf 79' lang='grc' dir='ltr'>καὶ</span> <span class='ocrx_word' id='word_1_391' title='bbox 1021 2545 1183 2589; x_wconf 76' lang='grc' dir='ltr'><em>Κύπρον</em></span> <span class='ocrx_word' id='word_1_392' title='bbox 1209 2543 1307 2581; x_wconf 71' lang='grc' dir='ltr'>οὕτω</span> <span class='ocrx_word' id='word_1_393' title='bbox 1334 2545 1508 2582; x_wconf 75' lang='grc' dir='ltr'><em>ἐκάλουν.</em></span> 
     </span>
    </p>

    <p class='ocr_par' dir='ltr' id='par_1_15' title="bbox 934 2593 1651 3025">
     <span class='ocr_line' id='line_1_64' title="bbox 1026 2593 1650 2637; baseline 0.005 -12"><span class='ocrx_word' id='word_1_394' title='bbox 1026 2595 1124 2637; x_wconf 81' lang='lat' dir='ltr'>sama</span> <span class='ocrx_word' id='word_1_395' title='bbox 1164 2594 1342 2628; x_wconf 77' lang='lat' dir='ltr'>recentior</span> <span class='ocrx_word' id='word_1_396' title='bbox 1383 2594 1493 2628; x_wconf 76' lang='lat' dir='ltr'>tradit</span> <span class='ocrx_word' id='word_1_397' title='bbox 1524 2604 1549 2627; x_wconf 78' lang='lat' dir='ltr'>a</span> <span class='ocrx_word' id='word_1_398' title='bbox 1586 2593 1650 2628; x_wconf 67' lang='lat' dir='ltr'>ci-</span> 
     </span>
     <span class='ocr_line' id='line_1_65' title="bbox 934 2641 1651 2688; baseline 0.007 -17"><span class='ocrx_word' id='word_1_399' title='bbox 934 2650 1026 2683; x_wconf 78' lang='lat' dir='ltr'>nyra</span> <span class='ocrx_word' id='word_1_400' title='bbox 1052 2648 1231 2677; x_wconf 80' lang='lat' dir='ltr'>sacratum</span> <span class='ocrx_word' id='word_1_401' title='bbox 1256 2641 1439 2688; x_wconf 78' lang='lat' dir='ltr'>templum.-</span> <span class='ocrx_word' id='word_1_402' title='bbox 1477 2641 1651 2688; x_wconf 79' lang='lat' dir='ltr'>quemad-</span> 
     </span>
     <span class='ocr_line' id='line_1_66' title="bbox 935 2688 1650 2733; baseline 0.008 -14"><span class='ocrx_word' id='word_1_403' title='bbox 935 2690 1074 2722; x_wconf 88' lang='lat' dir='ltr'>modum</span> <span class='ocrx_word' id='word_1_404' title='bbox 1104 2688 1208 2733; x_wconf 85' lang='lat' dir='ltr'>paulo</span> <span class='ocrx_word' id='word_1_405' title='bbox 1227 2697 1309 2726; x_wconf 85' lang='lat' dir='ltr'>ante</span> <span class='ocrx_word' id='word_1_406' title='bbox 1335 2696 1485 2725; x_wconf 77' lang='lat' dir='ltr'>veterem</span> <span class='ocrx_word' id='word_1_407' title='bbox 1510 2701 1650 2725; x_wconf 86' lang='lat' dir='ltr'>memo-</span> 
     </span>
     <span class='ocr_line' id='line_1_67' title="bbox 935 2736 1650 2784; baseline 0.008 -17"><span class='ocrx_word' id='word_1_408' title='bbox 935 2736 1020 2768; x_wconf 87' lang='lat' dir='ltr'>riam</span> <span class='ocrx_word' id='word_1_409' title='bbox 1052 2737 1166 2781; x_wconf 79' lang='lat' dir='ltr'>dixit,</span> <span class='ocrx_word' id='word_1_410' title='bbox 1207 2751 1298 2784; x_wconf 84' lang='lat' dir='ltr'>quac</span> <span class='ocrx_word' id='word_1_411' title='bbox 1323 2739 1494 2783; x_wconf 86' lang='lat' dir='ltr'>templum</span> <span class='ocrx_word' id='word_1_412' title='bbox 1521 2739 1650 2773; x_wconf 85' lang='lat' dir='ltr'>condi-</span> 
     </span>
     <span class='ocr_line' id='line_1_68' title="bbox 935 2787 1651 2832; baseline 0.011 -18"><span class='ocrx_word' id='word_1_413' title='bbox 935 2787 1006 2816; x_wconf 87' lang='lat' dir='ltr'>tum</span> <span class='ocrx_word' id='word_1_414' title='bbox 1037 2788 1288 2821; x_wconf 80' lang='lat' dir='ltr'>vetustissimis</span> <span class='ocrx_word' id='word_1_415' title='bbox 1328 2788 1547 2832; x_wconf 85' lang='lat' dir='ltr'>temporibus</span> <span class='ocrx_word' id='word_1_416' title='bbox 1582 2789 1651 2822; x_wconf 81' lang='lat' dir='ltr'>tri-</span> 
     </span>
     <span class='ocr_line' id='line_1_69' title="bbox 939 2830 1650 2874; baseline 0.01 -11"><span class='ocrx_word' id='word_1_417' title='bbox 939 2830 1073 2874; x_wconf 64' lang='lat' dir='ltr'>bueret,</span> <span class='ocrx_word' id='word_1_418' title='bbox 1102 2835 1148 2868; x_wconf 87' lang='lat' dir='ltr'>ita</span> <span class='ocrx_word' id='word_1_419' title='bbox 1176 2836 1241 2868; x_wconf 86' lang='lat' dir='ltr'>iam</span> <span class='ocrx_word' id='word_1_420' title='bbox 1271 2837 1500 2869; x_wconf 75' lang='lat' dir='ltr'>recentiorem</span> <span class='ocrx_word' id='word_1_421' title='bbox 1521 2836 1650 2870; x_wconf 78' lang='lat' dir='ltr'>famam</span> 
     </span>
     <span class='ocr_line' id='line_1_70' title="bbox 940 2880 1650 2927; baseline 0.007 -14"><span class='ocrx_word' id='word_1_422' title='bbox 940 2880 1119 2925; x_wconf 80' lang='lat' dir='ltr'>appellat,</span> <span class='ocrx_word' id='word_1_423' title='bbox 1159 2888 1249 2927; x_wconf 84' lang='lat' dir='ltr'>quae</span> <span class='ocrx_word' id='word_1_424' title='bbox 1277 2894 1353 2918; x_wconf 85' lang='lat' dir='ltr'>eam</span> <span class='ocrx_word' id='word_1_425' title='bbox 1381 2894 1454 2917; x_wconf 83' lang='lat' dir='ltr'>reni</span> <span class='ocrx_word' id='word_1_426' title='bbox 1485 2886 1519 2918; x_wconf 88' lang='lat' dir='ltr'>in</span> <span class='ocrx_word' id='word_1_427' title='bbox 1548 2889 1650 2918; x_wconf 74' lang='lat' dir='ltr'>aetu-</span> 
     </span>
     <span class='ocr_line' id='line_1_71' title="bbox 941 2927 1648 2968; baseline 0.01 -8"><span class='ocrx_word' id='word_1_428' title='bbox 941 2931 1008 2961; x_wconf 81' lang='lat' dir='ltr'>tem</span> <span class='ocrx_word' id='word_1_429' title='bbox 1060 2931 1173 2964; x_wconf 85' lang='lat' dir='ltr'>minus</span> <span class='ocrx_word' id='word_1_430' title='bbox 1230 2927 1399 2966; x_wconf 79' lang='lat' dir='ltr'>rem&#39;otam</span> <span class='ocrx_word' id='word_1_431' title='bbox 1457 2932 1648 2968; x_wconf 66' lang='lat' dir='ltr'>conferret.</span> 
     </span>
     <span class='ocr_line' id='line_1_72' title="bbox 941 2974 1651 3025; baseline 0.011 -17"><span class='ocrx_word' id='word_1_432' title='bbox 941 2974 1103 3020; x_wconf 79' lang='lat' dir='ltr'>Cinyram</span> <span class='ocrx_word' id='word_1_433' title='bbox 1143 2978 1235 3013; x_wconf 86' lang='lat' dir='ltr'>&#39;enim</span> <span class='ocrx_word' id='word_1_434' title='bbox 1270 2979 1549 3025; x_wconf 65' lang='lat' dir='ltr'>Agamemnonis</span> <span class='ocrx_word' id='word_1_435' title='bbox 1585 2986 1651 3016; x_wconf 63' lang='lat' dir='ltr'>ae-</span> 
     </span>
    </p>
   </div>
  </div>
 </body>
</html>
