1768 3216
741 266 836 303 ·‘CAP.
861 270 1019 305 42—-43,
1572 268 1628 306 *8¹7

131 381 371 427 effitinuu'm
406 383 603 426 montium
635 384 792 439 iugum,
823 384 930 426 ultra
963 384 1073 438 quod
1088 383 1299 438 ‘plurimae
1317 388 1466 439 gentes
1481 388 1622 439 agunt.

130 458 195 501 Ex
224 459 372 513 quibus
399 459 603 501 latissime
633 463 745 513 patet
775 459 1000 514 Lygiorum
1035 471 1186 500 nomen
1215 459 1257 499 in
1276 458 1416 512 plures
1436 459 1626 513 civitates

131 532 342 575 diffusum.
401 533 717 575 valentissimas
746 533 987 575 nominasse
1001 532 1193 585 sufficiet,
1225 533 1391 585 Harios‚
1417 531 1628 574 Helveco-

129 616 235 660 nnn-7
265 607 469 650 Manimos
488 638 499 659 ‚
532 607 714 659 Elisios‚
747 606 1020 649 Naharvalos.
1079 607 1200 661 Apud
1225 607 1484 649 Naharvalos
1514 607 1628 648 anti-

127 681 239 736 quae
265 681 488 737 religionis
527 681 646 723 lucus
678 682 924 725 ostenditur.
971 682 1186 724 Praesidet
1216 681 1418 723 sacerdos
1438 681 1659 724 muliebris

128 760 307 808 ornatu3
338 756 413 798 sed
448 756 552 797 deos
585 756 928 810 interpretatione
953 757 1139 798 Romana
1166 756 1378 798 Castorem
1396 755 1629 798 Pollucem—

133 842 215 884 que
248 834 496 874 memorant.
551 831 612 872 Ea
639 830 703 871 vis
736 831 917 871 numini:
949 843 1100 873 nomen
1132 831 1262 872 Alcis.
1311 830 1429 872 Nulla
1458 830 1631 872 simula-

130 903 413 957 cra,·nullum
454 904 710 958 peregrinae
745 904 1052 958 superstitionis
1092 904 1325 958 vestigium.
1387 903 1439 944 Ut
1481 904 1630 945 fratres

129 981 294 1029 umen,
325 981 371 1018 ut
413 978 588 1019 iuvenes
624 981 891 1019 venerantur.
954 978 1145 1019 Ceterum
1189 977 1303 1018 Harii
1342 989 1468 1030 super
1501 977 1629 1028 vires,

130 1051 279 1105 quibus
321 1055 587 1093 enumeratos
627 1051 751 1105 paulo
796 1056 891 1093 ante
931 1051 1108 1105 populos
1149 1051 1432 1103 antecedunt,
1475 1055 1629 1103 truces,
1646 1062 1684 1090 ιυ

130 1125 280 1168 insitae
325 1126 479 1168 feritati
517 1129 607 1167 arte
653 1139 702 1167 ac
743 1130 929 1179 tempore
964 1125 1268 1167 lenocinantur.
1328 1126 1458 1180 Nigra
1500 1130 1631 1177 scuta,

130 1199 260 1242 tincta
304 1212 499 1254 corpora.
576 1199 701 1240 Atras
743 1199 795 1241 ad
840 1199 999 1253 proelia
1045 1203 1191 1241 noctes
1242 1200 1416 1255 legunt,
1461 1200 1632 1254 ipsaque

134 1273 361 1316 formidine
413 1278 537 1327 atque
577 1273 722 1314 umbra
762 1273 906 1314 feralis
946 1274 1155 1315 exercitus
1195 1278 1400 1315 terrorem
1438 1274 1632 1325 inserunt,

268 1447 303 1480 2.
331 1445 503 1491 legionem
528 1444 670 1478 litterae
696 1456 715 1478 e
743 1454 920 1489 superscr.
947 1445 962 1478 i
986 1449 1022 1478 et
1047 1456 1066 1479 e
1087 1443 1338 1479 subnotatoP:
1365 1444 1427 1489 alii
1450 1444 1631 1490 leym-um,

132 1493 362 1529 Florentinus
389 1493 566 1539 ligiorvm.
689 1494 723 1528 3.
760 1493 883 1528 Icarios
911 1504 991 1527 cum
1016 1493 1180 1528 omnibus
1205 1493 1284 1527 fere
1310 1492 1410 1527 libris
1448 1492 1489 1527 P:
1527 1494 1631 1537 pauci

132 1541 251 1578 Arios.
375 1542 589 1577 Heluetomzs
616 1551 657 1586 pr
682 1543 718 1578 Δ
740 1546 776 1576 et
802 1542 1037 1577 Monacensis,
1160 1541 1195 1576 4.
1232 1542 1348 1576 elisios
1379 1541 1429 1574 P:
1468 1541 1633 1586 plerique

133 1590 274 1625 Ῑιοῐίςίος
297 1590 358 1624 vel
387 1590 547 1636 helysios.
669 1590 890 1624 nahar-uatus
928 1590 1120 1635 utrobique
1153 1589 1204 1623 P:
1249 1590 1309 1624 alii
1350 1589 1631 1623 aalaanarualos.

134 1640 168 1674 7.
193 1643 295 1675 notat
318 1645 487 1672 memorat
512 1639 536 1672 P
564 1644 614 1682 (v.
644 1639 743 1672 veniat
769 1638 904 1673 lineola
928 1639 1135 1672 transfixum
1164 1642 1200 1672 et
1226 1638 1269 1672 ab
1290 1637 1335 1671 al.
1364 1649 1470 1671 manu
1495 1638 1633 1671 subno-

133 1692 245 1721 tatum
279 1688 434 1731 punctis.
486 1687 644 1722 Oreltius
678 1686 770 1720 falso
809 1698 854 1721 ex
894 1686 918 1719 P
955 1693 1061 1721 ποι-αι
1087 1685 1248 1733 attulit):
1290 1687 1402 1720 ceteri
1428 1691 1634 1722 memorant.

135 1735 224 1770 aleis
250 1735 287 1778 P,
321 1735 485 1781 plerique
515 1736 616 1778 alcis,
643 1735 816 1769 nonnulli·
833 1735 935 1769 Alcis.
1012 1736 1046 1770 9.
1071 1735 1193 1780 Harii]
1205 1734 1272 1768 alii
1297 1745 1375 1768 cum
1403 1735 1585 1780 plerisque
1595 1733 1632 1768 P.

142 1785 198 1820 10.
228 1785 338 1818 trucis
364 1795 444 1818 cum
474 1786 606 1819 ceteris
631 1783 657 1817 P
682 1783 803 1818 deleto
829 1795 846 1818 s
872 1783 915 1817 ab
942 1783 989 1817 al.
1016 1793 1135 1817 manu.
1226 1785 1281 1819 12.
1311 1782 1390 1828 filia
1414 1782 1451 1816 P.

138 1938 203 1973 sed
226 1942 266 1972 ut
291 1947 417 1983 pacem
451 1948 472 1972 a
507 1937 716 1972 melioribus
754 1937 854 1972 redi-

139 1991 248 2021 mant.
310 1986 430 2020 Golini
466 1987 547 2020 sine
588 1987 611 2019 Ιι
649 1990 855 2020 constanter

141 2035 344 2070 scribuntur
369 2036 407 2068 in
436 2033 462 2068 P
501 2039 538 2068 et.
563 2034 666 2068 libris
690 2034 856 2068 meliori-

142 2084 223 2118 hus.
247 2083 357 2117 Dioni
381 2082 476 2127 apud
502 2083 725 2127 xiphilinum
750 2082 857 2117 Lxxt

143 2133 187 2167 12
212 2133 374 2169 Kaunoi
401 2130 561 2165 audiunt.

216 2202 328 2237 saltus
362 2208 395 2236 et
424 2203 574 2236 terlices
607 2203 774 2235 montium
799 2203 858 2235 in-

141 2249 328 2284 sederunt:
354 2255 495 2284 montes
522 2249 609 2284 dicit
632 2250 761 2295 quibus
788 2251 856 2284 iam

142 2307 272 2332 nomen
299 2296 535 2343 Erzyebirye,
572 2298 856 2345 Riesenyebirqe,

143 2345 308 2379 Sudeten.
363 2346 526 2380 Vertices
563 2347 735 2380 montium
773 2347 858 2390 inqu

143 2398 249 2436 sunt,
292 2392 383 2427 nihil
421 2393 531 2428 aliud.
594 2393 681 2437 Nam
725 2398 857 2427 tractus

143 2441 316 2476 montium
354 2441 459 2475 niodo
500 2443 580 2487 {1190
621 2443 857 2475 iumentorum

145 2489 251 2524 cottis
277 2490 466 2533 imposito,
502 2489 607 2524 modo
635 2490 724 2534 ipsis
748 2491 859 2524 verti-

144 2538 241 2572 cibus
266 2543 502 2582 comparatur.
564 2537 723 2572 Tolerari
750 2539 860 2583 igitur

145 2588 329 2632 iugumque
370 2592 451 2631 post
497 2587 646 2621 vertices
692 2587 860 2620 montium

144 2645 216 2668 non
243 2639 375 2679 potest.
418 2634 544 2669 Glossa
571 2639 645 2676 est,
674 2636 710 2667 in
742 2633 859 2680 ἆρχε-

145 2684 252 2728 τύπῳ
286 2684 442 2726 ascripta
482 2682 526 2715 ad
567 2693 602 2715 v.
641 2688 672 2715 et
710 2684 859 2716 vertices

146 2733 324 2771 ruentium,
345 2735 484 2774 sumpta
511 2741 555 2763 ex
572 2730 743 2774 proximis
757 2742 855 2764 mon—

147 2780 232 2814 tium
255 2779 383 2823 iugum.

233 2847 330 2882 ultra
365 2848 455 2892 quod
469 2860 479 2880 .-

151 2896 302 2930 Silesiae
327 2895 431 2930 locis.

532 2848 565 2880 in
602 2847 859 2892 campestribus

501 2895 687 2940 Lyyiorum
712 2908 859 2931 nornen.-

151 2944 221 2978 hoc
247 2943 290 2978 ad
319 2944 588 2978 similitudinem
615 2945 765 2979 'nominis
785 2945 861 2979 La-

151 2993 218 3028 tini
248 2991 308 3028 vel
341 2992 497 3027 Etrusci.
561 2991 711 3027 Perinde
744 3004 775 3027 c.
814 2993 862 3028 39

925 1943 1014 1971 extr.
1042 1948 1168 1984 corpus
1193 1940 1361 1982 positum.
1414 1938 1519 1982 Apud
1548 1938 1635 1971 Pto-

926 1986 1102 2020 lemaeum
1157 1991 1395 2020 recensentur
1428 1986 1637 2033 Λούγ(ι)οι

927 2036 966 2069 οἷ
992 2037 1137 2080 Βοῦροι
1165 2034 1216 2079 (11
1246 2037 1282 2068 ll
1314 2035 1403 2081 20),
1430 2036 1469 2071 οἱ
1494 2037 1638 2071 Δοῦνοι

927 2082 1082 2129 (§.18)‚
1111 2084 1150 2117 οἱ
1168 2083 1333 2131 Ὂμανοί
1356 2082 1506 2128 (ibid.);
1532 2083 1638 2117 a'l'a-

928 2132 1001 2165 cito
1026 2136 1348 2165 commemorantur
1366 2131 1472 2177 Lygii
1499 2132 1635 2175 xl129,

925 2179 987 2213 ubi
1014 2179 1147 2213 dictum
1174 2179 1219 2214 de
1243 2181 1419 2224 scriptura
1442 2181 1608 2214 nominis.

1002 2262 1045 2284 ea
1078 2252 1130 2284 vis
1157 2251 1319 2284 numini:
1351 2261 1477 2284 nomen
1512 2250 1638 2285 Alcis.-

927 2309 1005 2332 curn
1033 2303 1071 2331 ut
1096 2299 1244 2340 fratres,
1279 2300 1317 2330 ut
1351 2300 1502 2332 iuvenes
1534 2297 1635 2331 cole-

926 2351 1049 2379 rentur
1081 2345 1115 2378 di
1150 2345 1452 2389 Naharvalorum‚
1492 2346 1637 2378 nomine

928 2393 997 2427 hoc
1021 2393 1248 2427 indicandum
1276 2398 1374 2436 erat,
1400 2393 1435 2427 h.
1464 2405 1495 2427 e.
1523 2403 1637 2427 voca-

926 2441 1012 2475 bulo
1039 2441 1246 2475 nominandi
1273 2446 1373 2475 erant
1387 2442 1444 2475 cui
1472 2441 1638 2475 multitu-

928 2489 1020 2523 dinis
1056 2495 1142 2524 nota
1183 2491 1356 2535 impressa
1396 2494 1502 2524 esset.
1553 2489 1638 2523 Tale

927 2538 996 2571 fuit
1020 2538 1132 2573 Alcis.
1168 2537 1246 2572 Non
1274 2549 1360 2573 vere
1386 2538 1575 2573 Grimmius
1601 2539 1637 2571 in

926 2585 1126 2632 Mytholog.
1154 2586 1286 2621 Theod.
1314 2598 1348 2631 p.
1366 2587 1410 2621 57
1438 2588 1637 2632 genitivum

928 2645 1008 2669 esse
1031 2634 1130 2669 Alcis
1159 2636 1337 2679 opinatur,
1366 2634 1495 2668 sactum
1522 2646 1540 2668 a
1570 2644 1638 2666 no-

927 2683 1100 2717 minativo
1141 2682 1225 2717 Δια).
1283 2683 1423 2726 Quippe
1450 2682 1528 2715 alhs
1557 2691 1637 2715 esse

927 2741 1054 2766 vocem
1082 2731 1276 2765 Gothorum
1305 2735 1340 2764 et
1368 2730 1449 2763 inde
1476 2730 1544 2763 hoc
1565 2729 1639 2763 Ah·

930 2778 1118 2813 formatum
1145 2790 1237 2813 esse.
1299 2777 1366 2812 Sed
1392 2778 1470 2811 allas
1497 2778 1637 2812 Gotho-

925 2837 1001 2860 rum
1029 2832 1082 2861 est
1101 2828 1261 2871 templum
1274 2826 1331 2859 vel
1354 2825 1544 2869 delubrum,
1564 2835 1635 2859 non

926 2874 1139 2909 vocabulum
1166 2874 1334 2907 numinis.

997 2944 1184 2988 romaidine
1216 2950 1318 2988 atque
1354 2943 1479 2977 umbra
1507 2942 1632 2987 [erulis

929 2993 1125 3027 eaeercieus:
1158 2991 1311 3026 formido
1349 2997 1403 3026 est
1444 2990 1634 3025 terricula-
