1768 3216
43 538 103 579 3⁹
131 590 134 593 A

710 208 761 244 ΟΛ
767 220 798 243 1².
825 208 983 244 38-39.

1557 203 1605 238 81

112 319 262 372 tion-sem
289 327 455 370 habent.
511 328 571 370 Ea
613 338 713 367 cura
745 325 930 376 formae,
970 323 1045 365 sed
1081 322 1252 364 innoxia
1265 316 1284 362 ε’
1324 331 1460 375 neque
1497 319 1607 361 enim

112 408 158 446 ut
198 408 350 446 ament-
376 406 647 453 amenturve,
693 400 734 440 in
778 398 1032 441 altitudinem
1078 397 1284 451 quandam
1326 399 1369 437 et
1402 399 1608 438 terrorem

114 479 267 522 adituri
295 477 404 519 bella
439 476 605 529 compti,
636 479 680 515 ut
710 474 888 515 hostium
913 471 1061 524 oculis,
1091 475 1304 512 ornantur.

226 551 539 595 Vetustissimos
569 562 617 591 se
634 548 1001 601 nobilissimosque
1024 547 1253 589 Suevorum
1273 545 1505 588 Semnones
1519 556 1611 586 me-
1630 561 1633 564 ·

113 630 288 669 morant.
331 625 453 667 Fides
471 623 724 677 antiquitatis
745 622 952 676 religione
968 620 1163 663 firmatur.
1210 620 1324 663 Stato
1346 623 1531 672 tempore
1566 618 1608 658 in
1622 626 1641 656 ⁵

112 700 258 743 silvam
283 699 469 754 auguriis
492 702 653 752 patrum
673 701 714 738 et
737 695 876 749 prisca
905 693 1127 736 formidine
1146 705 1306 735 sacram
1329 705 1472 734 omnes
1493 692 1609 733 eius-

113 775 207 818 dem
223 774 438 830 sanguinis
457 772 595 827 populi
619 770 897 825 legationibus
919 770 1084 820 coeunt,
1119 779 1328 820 caesoque
1348 767 1511 820 publice
1527 765 1610 807 lio-

113 849 224 892 mine
240 849 455 891 celebrant
470 846 637 889 barbari
653 845 755 886 ritus
772 842 981 885 horrenda
1000 841 1239 895 primordia.
1271 841 1345 882 Est
1361 837 1401 882 e't
1417 840 1497 882 alia
1514 840 1609 881 luco
1658 876 1663 881 ,

183 1047 186 1049 ’
226 1045 256 1078 1¹.
285 1042 431 1078 innoxie
457 1040 494 1083 l’,
523 1044 558 1073 et
584 1040 636 1072 sic
661 1038 719 1072 vel
746 1036 915 1070 innomine
943 1036 1076 1068 ceteri:
1102 1034 1252 1067 innoxia
1279 1033 1435 1067 Muretus
1463 1037 1497 1066 et
1522 1032 1611 1065 Aci-

113 1091 240 1130 dalius.
319 1092 353 1126 3.
382 1090 505 1123 ostium
530 1088 648 1121 addito
676 1086 697 1119 h
723 1085 758 1119 P.

113 1141 159 1197 sit
184 1145 382 1181 armantur,
407 1138 444 1171 P.

112 1199 227 1235 rique.

117 1365 322 1413 (religatur)
355 1364 505 1398 aTacito
532 1373 603 1396 nou
630 1362 831 1396 abhorren-

116 1419 202 1457 tem,
220 1419 257 1448 et
281 1423 411 1447 novam
439 1411 560 1456 capilli
580 1411 727 1444 formam
751 1420 831 1443 mu-

117 1467 228 1497 tatum
254 1466 455 1497 structurae
482 1471 596 1506 genus
611 1459 831 1494 luculentius

118 1511 260 1558 pingit3
304 1511 427 1555 itaque
470 1509 601 1553 reliqui
649 1508 832 1555 vulgatam

118 1559 317 1606 (religant).
360 1557 528 1592 Additum
554 1556 626 1590 solo
653 1563 732 1600 post
758 1560 832 1601 ipso

119 1608 242 1655 glossa
287 1611 342 1641 est
393 1606 548 1639 nominis
583 1606 714 1639 vertice
730 1632 739 1648 ,
795 1608 834 1636 ut

118 1656 276 1690 ostendit
317 1654 452 1689 codicis
488 1653 512 1687 P
543 1654 719 1697 scriptura
758 1654 832 1698 ipso

117 1706 272 1778 alaine.-
304 1742 399 1776 unde
424 1740 642 1786 intelligitur
667 1721 746 1775 erum
772 1741 832 1785 qui

120 1792 191 1826 hoc
226 1791 390 1834 ascripsit
426 1799 497 1823 uon
537 1788 580 1822 de
621 1789 832 1833 pronomine

119 1839 233 1882 solus,
279 1838 343 1873 sed
369 1838 413 1872 de
453 1838 615 1878 vertice,
653 1842 832 1881 tamquam

119 1888 192 1923 solo
220 1892 255 1921 et
278 1886 509 1921 fundamento
537 1884 685 1928 capilli,
729 1886 834 1930 cogis

121 1942 228 1971 tasse.
269 1934 322 1970 Ob
350 1934 444 1968 hunc
471 1938 633 1967 ornatum
662 1933 833 1967 Claudia-

121 1982 187 2019 nus
212 1984 254 2018 de
279 1983 335 2018 lV
351 1982 619 2017 Consstomrii
642 1981 733 2016 655:
758 1982 834 2014 cri-

120 2035 280 2078 nitusque
315 2037 372 2066 luo
398 2031 535 2065 sudabit
562 2031 660 2074 fasce
685 2030 832 2063 saevus.

200 2114 262 2149 sed
294 2114 465 2148 innoaeia:
506 2112 674 2145 innoxiae
708 2112 834 2146 vitium

122 2167 183 2197 aut
213 2174 233 2197 a
270 2161 429 2196 Pontano
464 2165 524 2194 aut
557 2161 623 2193 iani
660 2171 680 2193 a
718 2160 833 2193 scriba

124 2211 326 2246 Germanici
361 2207 575 2252 exemplaris
604 2219 667 2252 per
691 2209 835 2242 assimi-

122 2259 219 2294 landi
259 2258 519 2292 aberrationem
549 2257 730 2289 invectum
761 2260 834 2288 est:

123 2318 204 2342 nam
232 2305 326 2340 haud
352 2305 459 2339 dubie
491 2303 594 2336 dolus
623 2308 659 2336 et
685 2303 836 2336 insidiae

123 2355 315 2390 amantium
357 2363 400 2387 ex
438 2352 589 2385 adverso
625 2350 836 2396 significan-

123 2409 192 2438 tur.
228 2402 355 2436 Forma
397 2401 472 2444 ipsu
507 2398 578 2432 doli
615 2404 650 2432 et
691 2398 832 2432 consilii

125 2461 280 2496 expers,
324 2459 442 2494 neque
477 2448 586 2481 noxia
626 2451 679 2481 est
719 2457 837 2491 neque

124 2510 282 2534 innoxia.

185 2570 317 2604 adituri
343 2567 435 2602 bella
462 2567 600 2611 compti,
626 2572 663 2598 m
691 2565 838 2598 hostium

125 2619 247 2660 oculis,
287 2621 486 2650 ornantur:
533 2614 747 2647 contrarium
785 2617 839 2646 est

126 2667 244 2700 ornari
272 2665 465 2698 amantium
480 2663 734 2695 amasiorumve
752 2672 839 2694 ocu-

126 2715 180 2748 lis.
235 2712 338 2757 Apud
377 2711 532 2745 Graecos
570 2714 605 2743 et
643 2711 839 2743 imitatores

127 2763 305 2797 Romanos
358 2760 482 2807 κομᾶν
530 2758 709 2801 proprium
765 2762 839 2790 erat

127 2810 319 2845 amantium
348 2812 383 2841 et
409 2807 528 2851 pueris
558 2805 813 2838 insidiantium.

200 2879 286 2924 Cap.
314 2878 373 2914 39.
410 2878 628 2911 Semnones:
667 2875 732 2909 hos
760 2875 837 2909 Ma-

128 2927 307 2964 roboduus
341 2928 380 2962 in
405 2935 555 2973 regnum
594 2934 697 2959 sunm
722 2923 837 2959 abdu-

507 1139 542 1171 4.
572 1136 728 1169 Senones
753 1143 930 1178 superscr.
957 1144 990 1165 m
1017 1131 1053 1165 P.

348 1188 505 1232 sacram]
532 1186 568 1218 in
596 1184 621 1218 P
647 1183 715 1217 fuit
739 1183 863 1224 sacru,
898 1180 961 1214 sed
989 1179 1212 1214 emendatum
1239 1178 1283 1212 ab
1321 1177 1391 1212 alia
1415 1188 1460 1211 in.
1487 1177 1614 1211 sacra*-

835 1089 1021 1125 ornantur,
1045 1093 1222 1126 superscr.
1250 1082 1294 1115 ab
1321 1081 1367 1114 al.
1400 1091 1445 1114 in.
1473 1091 1551 1114 arm
1576 1084 1614 1112 ut

1122 1130 1157 1164 6.
1181 1130 1303 1175 patriu'
1327 1129 1365 1171 P,
1392 1133 1427 1162 et
1453 1130 1505 1162 sic
1532 1127 1614 1173 ple-

902 1358 954 1391 xit
980 1362 1015 1391 et
1042 1358 1076 1390 in
1111 1355 1255 1390 sedibus
1294 1354 1489 1389 collocavit
1527 1363 1614 1399 quas

901 1406 1011 1440 Taciti
1039 1404 1164 1439 diebus
1190 1403 1372 1437 tenebant.
1415 1402 1539 1437 Strabo
1554 1401 1616 1436 Vll

906 1458 920 1488 1
952 1456 986 1488 3.
1045 1453 1186 1487 'l'acitus
1214 1451 1243 1486 11
1270 1451 1328 1486 45.
1394 1451 1555 1485 Velleius
1581 1450 1613 1484 ll

906 1503 995 1537 106:
1031 1513 1137 1546 usque
1163 1501 1211 1534 ad
1232 1501 1359 1544 flumen
1389 1499 1516 1542 Albim,
1558 1499 1617 1544 qui

903 1552 1113 1584 Semnonum
1160 1549 1483 1582 Hermundurorum
1524 1548 1613 1591 fines

899 1599 1139 1644 praeterfluit,
1179 1598 1360 1631 Romanus
1389 1607 1466 1630 cum
1503 1597 1614 1640 signis

898 1647 1086 1692 perductus
1126 1645 1310 1679 exercitus.
1362 1644 1414 1678 Ex
1453 1645 1616 1688 proxima

902 1694 1011 1729 Taciti
1056 1694 1299 1737 descriptione
1333 1692 1448 1738 liquet
1488 1703 1508 1725 a
1546 1691 1615 1726 Se-

903 1742 1092 1777 mnonibus
1115 1741 1369 1787 Langobardos
1396 1741 1616 1784 septentrio-

902 1803 983 1825 nem
1012 1801 1136 1825 versus
1163 1792 1346 1834 inspectos
1363 1789 1488 1823 fuisse.
1517 1788 1616 1822 Con-

903 1841 1012 1874 sentit
1039 1838 1266 1872 Ptolemaeus
1292 1837 1323 1870 ll
1353 1839 1394 1872 11
1426 1838 1480 1872 15.
1525 1837 1616 1870 lluic

905 1890 962 1933 (ὃ.
999 1889 1041 1922 15
1081 1893 1116 1922 et
1146 1888 1205 1932 ¹7)
1241 1890 1323 1919 suut
1364 1887 1506 1932 Σοήβοι
1540 1888 1616 1920 Σέ-

901 1949 1068 1984 μνονες,
1122 1934 1286 1968 Straboni
1327 1933 1452 1977 (edito
1492 1936 1615 1978 certe)

903 1988 1120 2032 Σέμγωνες,
1147 1982 1254 2016 Dioni
1280 1981 1442 2017 LXVH5
1465 1985 1617 2029 Σίμνο-

905 2046 977 2072 reg.
1008 2030 1222 2066 llabitabant
1248 2031 1283 2064 in
1311 2035 1412 2074 parte
1426 2029 1616 2073 Saxoniae,

905 2081 1076 2122 Sssesiae,
1115 2078 1312 2113 Bohemiae
1351 2079 1617 2124 septentriona-

905 2130 962 2163 lis.
1014 2129 1248 2163 Nominantur
1290 2127 1396 2160 etiam
1423 2129 1459 2161 in
1487 2137 1617 2160 monu-

905 2183 1023 2211 mento
1055 2178 1273 2219 Ancyrano:
1304 2176 1429 2209 classis
1455 2176 1619 2209 Romana

905 2226 948 2259 ab
987 2226 1073 2260 ostio
1114 2225 1232 2258 Rheni
1268 2223 1316 2255 ad
1356 2222 1438 2256 solis
1475 2223 1619 2256 orientis

905 2275 1084 2317 reybonem
1116 2283 1223 2315 usque
1257 2271 1303 2303 ad
1343 2270 1458 2314 (orbis
1495 2275 1614 2303 extre-

906 2324 981 2368 ni)a
1025 2320 1226 2364 vlaciyuvit,
1265 2329 1328 2361 quo
1370 2329 1480 2362 neque
1522 2323 1620 2351 terra

905 2380 1016 2412 neque
1053 2368 1147 2401 mari
1172 2367 1352 2410 quisquam
1378 2366 1620 2400 Romanorum

907 2422 989 2450 ante
1015 2416 1052 2449 id
1077 2422 1208 2460 tenipus
1235 2414 1334 2447 adiit.
1365 2414 1561 2458 Cimbrique
1587 2418 1619 2447 et

909 2464 1091 2498 Charudes
1136 2469 1167 2496 et
1206 2463 1423 2504 Semnones,
1470 2462 1620 2496 eiusdem

908 2518 1041 2546 tractus
1093 2511 1159 2544 alii
1203 2511 1458 2545 Germanorum
1498 2509 1621 2556 populi

904 2573 969 2607 per
1012 2560 1144 2605 leqatos
1183 2560 1377 2592 amicitiam
1426 2570 1538 2593 meam
1588 2563 1620 2591 et

906 2608 1026 2655 populi
1050 2608 1205 2642 Romani
1227 2608 1414 2653 petierunt.

964 2679 1141 2726 'reliqione
1157 2680 1339 2722 firmatur:
1367 2676 1497 2720 religio
1515 2684 1620 2719 quam

910 2729 1092 2763 celebrant
1126 2731 1295 2760 remotam
1334 2730 1369 2758 et
1410 2723 1620 2757 horrendam

910 2777 1158 2820 antiquitatem
1187 2778 1345 2807 testatur.
1505 2782 1621 2816 auqu-

909 2826 972 2858 riis
994 2830 1134 2869 patrum
1161 2843 1204 2848 —
1225 2831 1391 2854 sacram.-
1420 2823 1475 2852 cst
1493 2828 1619 2853 versus

909 2873 1038 2917 longus
1065 2879 1253 2904 numerose
1280 2868 1483 2902 decurrens.
1515 2866 1619 2902 Conf-

906 2924 1026 2955 annot.
1055 2918 1099 2954 ad
1127 2917 1141 2952 1
1171 2919 1202 2952 1.
1230 2917 1311 2953 Mox
1327 2915 1525 2964 primordia
1538 2918 1626 2951 sunt
