1768 3216
55 814 112 853 42

743 245 831 280 Cn.
858 246 1015 283 cio—42.

1573 247 1621 282 65

125 369 262 414 eoque
294 358 396 401 solis
419 359 721 404 Germanorum
742 374 826 404 non
847 363 889 404 in
909 364 999 417 ripa
1022 350 1332 415 commercium,
1359 362 1434 405 sed
1457 364 1621 417 penitus

116 435 247 494 atque
278 433 319 474 in
349 433 688 488 splendidissima
716 437 889 479 Raetiae
935 437 1178 491 provinciae
1226 437 1409 487 colonia.
1466 437 1623 479 Passim

125 506 218 563 sine
249 508 424 550 custode
458 513 693 562 transeunt3
725 515 765 552 et
792 524 886 553 eum
921 512 1073 554 ceteris
1105 512 1298 566 gentibus
1341 525 1454 553 arma
1497 511 1622 553 modo

125 585 342 636 castraque
369 587 510 625 nostra
539 585 821 638 ostendamus,
856 586 920 627 his
949 586 1097 628 domos
1126 586 1326 640 villasque
1353 585 1625 640 patefecimus

123 667 210 701 non
240 658 645 711 concupiscentibus.

707 661 1079 702 ln'Hermunduris
1110 658 1236 702 Athis
1273 661 1427 714 oritur,
1475 660 1656 704 ssumens

127 730 329 778 inclutum
360 736 400 774 et
430 738 570 774 notum
601 734 722 786 olim;
759 747 868 776 nunc
899 739 1053 777 tantum
1085 736 1261 777 auditur.
1307 752 1309 754 ’

262 806 377 848 quta
420 806 731 850 Hermunduros
761 809 944 861 Varisti‚
991 822 1041 850 ac
1086 809 1240 851 deinde
1288 809 1544 852 Marcomani
1587 813 1626 852 et

128 878 271 928 Quadi.
293 884 433 935 agunt.

494 881 718 936 Praecipua
749 883 1109 925 Marcomanorum
1139 883 1273 938 gloria
1304 884 1526 938 viresque,
1560 890 1627 927 at-

126 950 210 1006 que
237 954 359 995 etiam
391 955 478 1008 ipsa
532 956 656 998 sedes
698 956 827 1010 pulsis
866 957 963 998 olim
1010 957 1123 998 Boiis
1162 957 1313 999 virtute
1351 962 1481 1011 parta.
1541 959 1627 1000 Nec

127 1027 284 1069 Varisti
328 1028 517 1078 Quadive
559 1029 830 1084 degenerant.

890 1031 1031 1084 anue
1071 1030 1318 1072 Germaniae
1359 1031 1471 1073 velut
1511 1032 1679 1076 sronsm

261 1188 296 1223 2.
324 1187 460 1221 rhetiae
490 1188 526 1222 P.
586 1189 717 1233 passim
743 1190 819 1223 sine
846 1200 924 1223 cum
954 1188 1137 1235 plerisque
1164 1190 1210 1223 P:
1236 1190 1298 1224 alii
1323 1191 1454 1236 passim
1480 1197 1512 1225 et
1536 1192 1624 1226 sine.

127 1234 161 1270 6.
191 1235 359 1280 inclytum
387 1236 423 1270 P.
572 1237 605 1270 7.
642 1237 780 1271 Naristi
806 1237 840 1271 P.

1010 1238 1237 1272 Marcomani
1262 1250 1340 1272 cum
1371 1239 1553 1285 plerisque
1579 1239 1625 1273 P:

127 1293 200 1316 non
226 1283 490 1318 Marcomanni.
541 1284 575 1318 9.
605 1285 709 1319 etiam
734 1286 813 1332 ipsa
836 1286 861 1319 P
889 1283 924 1320 et
950 1286 1242 1320 Hummelianus:
1269 1289 1381 1321 ceteri
1405 1289 1483 1334 ipsa
1507 1289 1626 1323 etiam.

127 1331 280 1366 fortasse
308 1332 377 1366 fuit
407 1338 509 1376 atque
532 1333 611 1377 ipsa
636 1334 744 1368 sedes.

124 1380 187 1415 44.
290 1381 345 1416 10.
372 1381 502 1415 narisli
530 1380 567 1415 P.

127 1529 211 1582 sunt
240 1524 343 1570 (talis
369 1529 424 1560 est
450 1525 582 1573 Eger),
607 1525 843 1561 videturno-

128 1584 295 1608 minasse-

191 1646 318 1690 numen
339 1646 508 1680 inclutum
537 1652 569 1679 et
593 1651 711 1680 notum
739 1645 842 1680 olim:

132 1694 295 1729 Velleius
330 1694 362 1729 ll
399 1694 493 1730 106:
543 1695 634 1738 quod
666 1705 843 1738 nunquam

129 1748 237 1777 antea
257 1755 316 1790 spe
343 1748 557 1788 conceptum,
587 1743 713 1776 nedum
740 1754 843 1789 opere

130 1797 298 1826 tentatum
325 1797 423 1834 erat,
465 1791 510 1824 ad
536 1791 843 1836 quadrinyentesi-

128 1851 220 1873 mum
244 1841 436 1874 miliarium
466 1851 490 1873 a
516 1840 639 1874 Rheno
665 1851 771 1884 usque
798 1840 844 1873 ad

128 1889 255 1933 [lumen
278 1888 394 1934 Alaim
421 1909 465 1915 -—
481 1889 661 1922 Romanus
688 1900 764 1922 cum
792 1890 843 1922 si-

129 1937 208 1981 quis
238 1937 426 1984 perductus
466 1937 639 1971 exercitus
682 1936 842 1981 (Tiberio

131 1983 252 2030 duce).
300 1985 355 2020 'Et
382 1985 513 2024 ‚eadem
547 1986 641 2020 mira
672 1985 843 2029 felicitate

120 2038 162 2082 fil
199 2030 294 2067 cura'
323 2034 446 2077 ducis,
478 2039 672 2080 temporum
713 2045 844 2079 quoquc

131 2081 354 2122 observantia
371 2108 380 2124 ‚
422 2081 545 2116 classis
584 2082 671 2127 quae
710 2083 845 2116 Oceani

131 2130 496 2176 circumnaviyaverat
522 2132 630 2173 sinus,
661 2131 704 2164 ab
734 2131 843 2165 inau-

131 2178 201 2214 dito
227 2186 330 2225 atque
354 2179 532 2224 incognito
559 2185 641 2213 ante
664 2180 758 2218 mari
775 2180 843 2224 flu-

129 2227 222 2261 mine
242 2227 349 2269 &Albi
384 2227 566 2270 subvecta,
607 2228 840 2273 plurimarum

129 2276 282 2319 flentium
306 2276 432 2310 victori
447 2287 523 2309 cum
537 2275 837 2309 abundantissima

130 2334 250 2357 rerum
273 2324 424 2357 omnium
443 2326 546 2369 copia
569 2324 738 2356 exercitui
749 2324 844 2357 Cae-

131 2371 272 2416 sarique
300 2383 336 2405 se
362 2372 490 2405 iunxit.
526 2371 627 2404 Adde
653 2370 763 2404 Taciti
795 2371 842 2404 lV

132 2419 181 2454 44
206 2419 284 2453 eum
311 2420 563 2462 annotatione,
593 2420 698 2453 etiam
726 2419 756 2452 ll
784 2419 842 2454 41.

211 2489 295 2536 Cap.
323 2492 385 2526 42:
447 2492 548 2524 iuoela
583 2489 843 2524 Hermunduros

139 2538 290 2575 Verisa.-
322 2539 453 2573 Varisti
479 2539 514 2572 in
540 2538 653 2573 latere
674 2538 842 2572 orientali

133 2587 455 2621 Hermundurorum
483 2591 618 2632 partem
646 2587 747 2632 regni
771 2587 843 2620 Ba-

132 2637 244 2670 varici
274 2636 470 2680 superioris
493 2640 529 2669 et
552 2636 726 2674 orientem
758 2645 843 2669 ver-

133 2694 193 2717 sus
219 2685 277 2717 siti
305 2683 487 2718 tenebant.
524 2684 610 2717 Cum
639 2684 674 2716 in
702 2682 726 2715 P
753 2683 844 2716 duo-

134 2731 199 2764 bus
222 2732 313 2765 locis
327 2732 468 2774 nav-isti,
496 2731 588 2774 apud
601 2731 842 2765 Ptolemaeum

134 2779 165 2813 ll
195 2781 209 2812 1
240 2781 286 2814 23
320 2779 531 2824 Οὐαρισιοὶ
564 2783 761 2822 vocentur,
807 2781 842 2813 in

135 2829 337 2873 anitiquiore
365 2828 455 2862 libro
482 2827 576 2861 unde
594 2827 619 2860 P
645 2827 844 2871 descriptus

135 2881 195 2909 aut
219 2888 249 2909 n
269 2887 332 2921 pro
356 2889 379 2910 u
420 2876 572 2920 positum
610 2876 678 2908 iam
706 2876 845 2909 videtur

136 2924 247 2958 fuisse
277 2925 421 2972 (naristi
447 2934 510 2968 pro
536 2924 704 2970 amisti),
740 2929 800 2958 aut
826 2935 844 2958 a

136 2972 296 3007 Pontano
313 2984 338 3006 n
365 2983 428 3018 pro
446 2984 470 3007 u
495 2972 647 3006 obscure
675 2982 845 3017 expresso

241 3057 364 3088 Tacitus
386 3056 438 3087 Ν.

817 1341 949 1381 parata
977 1334 1001 1368 P
1028 1339 1064 1369 et
1095 1335 1287 1369 Vaticanus
1306 1336 1408 1372 1862.
1461 1337 1508 1371 cf.
1535 1336 1579 1371 ad
1603 1337 1627 1371 4

916 1528 1190 1572 suppeditatum.
1274 1528 1430 1574 Vulgata
1481 1529 1626 1564 Narisci

913 1576 1012 1610 nullo
1060 1581 1157 1611 certo
1199 1576 1438 1610 ,fundamento
1486 1578 1623 1612 nititur.

914 1624 1023 1659 Sedes
1077 1635 1198 1659 eorum
1234 1624 1460 1660 Ptolemaeus
1501 1625 1625 1660 delinit

912 1668 989 1709 ὑπὸ
1017 1668 1062 1709 τὰ
1089 1673 1263 1718 Eamque
1291 1673 1372 1721 ὄρη.

997 1745 1120 1779 deinde
1160 1744 1386 1778 Marcomani
1421 1751 1453 1780 et
1485 1745 1621 1789 Quadi.-

910 1792 1022 1826 Taciti
1056 1793 1275 1837 temporibus
1309 1798 1344 1827 et
1377 1794 1446 1827 iam
1472 1794 1555 1828 inde
1578 1794 1621 1828 ab

911 1842 1074 1887 Augusto
1119 1842 1333 1876 Marcomani
1375 1843 1411 1875 in
1448 1842 1622 1877 Bohemia

911 1890 1085 1935 agebant,
1126 1901 1145 1924 a
1171 1890 1388 1924 Maroboduo
1426 1901 1469 1925 eo
1502 1895 1621 1925 trans-

912 1938 997 1971 lati:
1025 1938 1150 1973 Strabo
1178 1938 1243 1972 vn
1273 1941 1287 1971 1
1317 1939 1351 1973 3.
1402 1939 1564 1974 Velleius
1589 1939 1622 1973 ll

916 1987 1003 2022 108:
1043 1998 1130 2032 quae
1163 1987 1485 2032 (Marcomanorum
1512 1992 1620 2034 gens)

914 2035 1131 2070 Maroboduo
1158 2036 1243 2069 duce
1263 2037 1379 2069 eaecita
1400 2037 1536 2070 sedibus
1551 2038 1623 2070 suis

913 2089 1015 2128 alque
1057 2085 1095 2118 in
1133 2084 1310 2118 interiora
1350 2086 1529 2130 refugiens
1562 2086 1623 2119 in-

911 2133 1043 2166 cinctos
1069 2133 1250 2177 Hercynia
1275 2131 1365 2166 silva
1392 2145 1532 2178 campos
1560 2134 1622 2167 in-

913 2179 1061 2215 colebat.
1117 2180 1257 2214 Tacitus
1285 2181 1317 2214 11
1343 2181 1487 2216 44—46
1514 2186 1549 2215 et
1577 2181 1624 2216 62

912 2229 1018 2264 —63.
1049 2229 1185 2263 Nomen
1216 2230 1333 2274 gentis
1362 2229 1438 2262 inP
1464 2240 1534 2262 una
1560 2229 1623 2263 lit-

913 2281 987 2310 tera
1019 2289 1043 2310 n
1079 2277 1246 2319 effertur,
1299 2278 1334 2310 in
1367 2277 1566 2311 Annalibus
1603 2288 1623 2310 a

914 2325 1074 2358 Mediceo
1101 2324 1212 2358 semel
1240 2324 1466 2358 Marcomani
1479 2324 1527 2370 (ΙΙ
1541 2324 1622 2369 62),

912 2371 1023 2405 semel
1053 2372 1304 2406 Marcomanni
1328 2377 1527 2415 vocantur3
1576 2372 1622 2405 cf.

913 2424 1033 2453 annot.
1073 2419 1115 2453 ad
1141 2419 1172 2454 ll
1199 2418 1258 2455 46.
1325 2420 1440 2462 Quadi
1473 2419 1622 2464 amplius

912 2464 1088 2501 orientem
1136 2478 1260 2502 versus
1303 2468 1407 2503 sedes
1445 2468 1624 2502 habebant

913 2518 949 2549 in
975 2517 1133 2550 Moravia
1174 2521 1208 2550 et
1241 2517 1435 2562 Hungaria.
1500 2516 1623 2550 Ptole-

913 2563 1035 2599 maeus
1060 2564 1090 2598 Il
1121 2565 1244 2601 1126:
1274 2562 1351 2601 ὑπὸ
1378 2566 1418 2601 δὲ
1448 2562 1516 2603 τὸν
1536 2565 1623 2610 Ὀρ-

913 2612 1045 2650 κὺνιον
1073 2613 1219 2662 δρυμὸν
1245 2614 1438 2653 Kouaene,
1467 2616 1528 2660 ἐφ’
1559 2611 1624 2651 οὓς

913 2659 959 2696 τὰ
999 2661 1282 2711 σιδηρωρυχεῖα
1317 2665 1379 2697 καὶ
1421 2662 1439 2704 ἧ
1487 2662 1623 2697 Aoum

913 2710 988 2755 ὕλη.

986 2783 1090 2815 etiam
1115 2782 1193 2827 ipsa
1218 2781 1314 2814 sedes
1334 2800 1368 2805 —
1392 2781 1517 2813 virtute
1532 2789 1624 2824 par-

915 2835 971 2863 ta:
1011 2835 1199 2873 antequam
1236 2829 1344 2861 Boios
1391 2827 1623 2871 expulerunt,

915 2878 1059 2920 propius
1109 2877 1151 2910 ad
1191 2876 1352 2910 Rhenum
1396 2875 1623 2917 babitabant3

916 2925 1003 2958 binc
1028 2925 1253 2959 Marcomani
1280 2927 1315 2958 in
1342 2925 1502 2958 exercitu
1516 2924 1625 2957 Ario-

915 2973 1027 3007 visti:
1064 2974 1194 3008 Caesar
1220 2973 1259 3007 B.
1289 2973 1327 3007 G.
1357 2972 1371 3006 1
1398 2974 1454 3007 51.
1497 2971 1624 3006 Velle-

1399 3042 1423 3082 5
