1768 3216
135 199 223 242 neo.
248 201 309 239 69.
1562 201 1638 236 w

607 200 744 236 msa
768 200 828 237 iv.
878 198 968 236 cn.
995 198 1104 247 6,-8.

133 317 286 361 tiorum
314 321 580 374 urgueretur.
642 318 764 361 Sorte
794 321 835 358 et
864 328 971 358 urna
1000 328 1142 359 mores
1170 327 1255 358 non
1294 315 1502 358 discerni:
1543 317 1638 379 suf-
1670 306 1768 363 2²2.

132 393 270 449 nagia
299 397 340 435 et
368 393 916 456 eXiStim⁸EPEfflQ¹OE
943 396 1127 455 rel-'fflff’
1155 391 1263 433 utin
1286 391 1488 446 cuiusque
1507 391 1638 433 vitam
1668 374 1768 446 7²22ss

132 457 388 523 ἰῶἶῆᾷῑιΐ
399 451 683 523 penetrarent.
742 447 1036 509 Pertinesse‘ad
1068 466 1284 508 utilitatem
1327 467 1391 509 rei
1425 456 1768 549 publicaes'bfzss*¹

130 542 343 596 pertinere
371 542 425 584 ad
455 541 707 595 Vespasiani
735 541 965 593 honorem,
1010 552 1239 583 occurrere
1270 540 1328 581 illi
1359 552 1464 594 quos
1510 540 1639 581 inno-
1653 522 1768 621 (on-{3

133 616 398 658 centissimos
441 619 610 672 senatus
659 615 811 657 habeat
827 646 838 668 ,
863 636 867 637 ν
891 615 960 669 qui
999 615 1188 657 honestis
1218 614 1484 656 sermonibus
1514 625 1671 656 auress

130 690 397 744 imperatoris
421 690 618 732 imbuant.
679 690 824 732 Fuisse
853 690 1114 744 Vespasiano
1136 689 1359 732 amicitiam
1382 701 1475 731 cum
1501 689 1639 732 Thra-

130 777 228 818 sea,
261 765 424 808 Sorano
438 782 466 818 ‚·
477 765 648 815 Senti03
679 777 854 819 quorum
885 769 1158 807 accusatores
1190 765 1353 807 etiamsi
1381 765 1520 818 puniri
1550 776 1636 806 non

129 842 349 893 oporteat,
396 839 599 880 ostentari
637 850 723 880 non
762 839 935 881 debere.
995 838 1086 880 Hoc
1126 843 1296 881 senatus
1336 839 1493 880 iudicio
1522 839 1638 881 velut

129 912 349 955 admoneri
376 913 609 967 principem
642 924 747 966 quos
793 913 967 967 probet,
1010 925 1116 967 quos
1154 913 1414 954 reformidet.
1474 912 1637 954 Nullum

127 987 261 1030 maius
293 987 395 1029 boni
427 987 592 1041 imperii
622 988 940 1029 instrumentum
982 999 1105 1042 quam
1135 987 1272 1029 bonos
1314 987 1474 1029 amicos
1525 998 1633 1028 esse.
1652 998 1694 1029 io

128 1061 238 1104 Satis
265 1061 465 1103 Marcello
496 1061 607 1116 quod
635 1062 847 1104 Neronem
878 1062 921 1102 in
951 1062 1123 1103 exitium
1151 1065 1212 1103 tot
1238 1062 1524 1102 innocentium
1554 1061 1637 1102 im·-

126 1135 301 1190 pulerit:
331 1136 540 1178 frueretur
567 1137 765 1190 praemiis
797 1137 1126 1190 etfimpunitate,
1154 1136 1456 1190 Vespasianum
1483 1135 1638 1177 melio-

86 1209 243 1256 eribus
270 1210 540 1264 relinqueret.
574 1211 808 1253 Marcellus
838 1222 924 1252 non
955 1223 1071 1253 suam
1102 1211 1354 1252 sententiam
1384 1210 1635 1264 impugnari,

129 1281 205 1326 sed
239 1285 455 1327 consulem
486 1285 751 1340 desig-natum
783 1285 1003 1328 censuisse
1032 1285 1213 1338 dicebat,
1237 1285 1469 1327 secundum
1490 1288 1636 1326 vetera

127 1359 319 1414 exempla
341 1391 354 1412 ‚
383 1372 491 1414 quae
521 1364 679 1402 sortem
709 1360 991 1416 legationibus
1022 1360 1293 1414 posuissent,
1336 1372 1390 1401 ne
1421 1357 1690 1401 ambitioniis

125 1437 197 1483 aut
224 1434 456 1476 inimicitiis
486 1435 606 1476 locus
635 1435 758 1476 foret.
818 1435 929 1478 Nihil
962 1435 1159 1478 evenisse
1191 1447 1267 1476 cur
1297 1435 1523 1488 antiquitus
1567 1434 1638 1474 in-

125 1509 265 1551 stituta
296 1509 591 1552 exolescerent
619 1514 689 1552 aut
716 1510 918 1564 principis
950 1510 1087 1552 honor
1116 1511 1159 1551 in
1191 1510 1436 1563 cuiusquam
1483 1513 1636 1565 contu-
1735 1551 1750 1568 f

125 1583 291 1626 meliam
320 1588 556 1626 verteretur
566 1599 578 1636 ;
603 1584 799 1639 sufficere
829 1596 988 1635 omnes
1006 1585 1237 1642 91230391110·
1299 1584 1344 1625 Id
1392 1583 1527 1638 magis
1567 1559 1706 1623 vi-s'u
1726 1567 1768 1593 ΚΛ

1757 1627 1768 1648 2!

124 1658 320 1710 tandum,
370 1671 424 1699 ne
463 1659 704 1712 pervicacia
744 1659 1005 1712 quorundam
1037 1659 1277 1700 inritaretur
1315 1658 1476 1699 animus
1521 1621 1768 1730 ῐιοιόωξῗρἴι

124 1727 358 1782 principatu
387 1739 615 1781 suspensus
648 1732 689 1768 et
715 1728 853 1771 vultus
892 1740 1059 1782 quoque
1100 1740 1149 1769 ac
1187 1739 1407 1769 sermones
1452 1726 1691 1786 omniumnq
1715 1752 1768 1785 'J‘

127 1801 498 1856 circumspectans.

265 1947 296 1980 1.
321 1950 532 1991 torqueretur
558 1944 634 1979 Ma:
659 1951 848 1991 urgeretur
874 1945 914 1979 G.

124 1993 196 2028 inb.
228 1992 295 2028 m.

126 2048 208 2077 tace.

374 1994 431 2029 10.
456 1995 529 2039 inp.
558 1993 623 2028 Ma.

310 2042 365 2078 13.
392 2043 465 2088 inp.
492 2042 558 2076 ³1²¹.

125 2173 244 2217 poris,
271 2183 342 2219 quo
369 2174 548 2208 Historiae
572 2173 758 2210 Tacitinae
785 2176 845 2209 in-

126 2220 312 2255 choantur.
363 2222 459 2256 ldem
492 2226 673 2257 certamen
702 2225 844 2258 iuvenis

125 2268 265 2303 Tacitus
296 2271 332 2303 in
358 2280 524 2304 sermone
550 2280 615 2303 suo
644 2271 685 2305 de
713 2272 845 2306 Orato-

58 2326 60 2328 ·
127 2317 222 2351 ribus
249 2329 280 2352 c.
308 2318 330 2351 5
361 2318 572 2352 celebravit.

201 2372 375 2400 ceterum:
409 2366 475 2400 hac
502 2367 678 2410 particula
702 2367 844 2402 Tacitus

63 2413 65 2415 ’
125 2415 319 2448 revertitur
343 2413 386 2448 ad
412 2415 651 2449 narrationem
680 2427 710 2450 c.
726 2415 751 2451 4
776 2427 844 2451 ex-

125 2466 240 2496 tremo
270 2464 520 2497 intermissam.
613 2475 679 2508 quo
706 2465 747 2499 de
773 2466 843 2499 im-

123 2512 224 2557 perio
251 2511 460 2558 Vespasiani
484 2512 696 2547 censebant:
724 2524 756 2547 v.
785 2514 843 2548 di-

128 2563 185 2593 cta
210 2560 255 2594 ad
281 2571 312 2594 c.
338 2561 372 2596 3.

198 2607 284 2652 Cap.
313 2609 346 2643 7.
395 2610 561 2654 proprius
585 2610 712 2643 rubor:
754 2622 843 2656 pro-

122 2656 223 2700 prius
247 2655 342 2690 idem
357 2660 410 2690 est
434 2656 530 2701 quod
544 2669 636 2699 suus,
662 2662 700 2690 ut
715 2658 844 2692 Cicero

126 2703 285 2736 dicturus
321 2703 407 2745 fuit3
447 2704 555 2737 rubor
586 2705 758 2748 pudorem
791 2710 845 2740 si-

126 2752 285 2796 gnificat,
313 2752 443 2786 effectu
470 2753 589 2796 posito
622 2763 685 2797 pro
721 2764 839 2789 cansa.

195 2811 261 2846 per
293 2799 581 2834 altercationem.-
626 2811 755 2836 nomen
790 2808 843 2838 est

126 2848 286 2882 eiusdem
313 2848 590 2895 significationis
627 2851 727 2884 euius
763 2851 844 2886 iur-

123 2897 218 2942 gium
244 2897 564 2943 (Wortwechsel).

196 2946 318 2979 Sentio
335 2957 349 2979 .-
377 2955 448 2979 non
488 2945 631 2980 obscuri
662 2946 845 2981 cuiusdam

234 3030 358 3061 Tacitus
379 3031 431 3060 111.

559 1802 615 1845 Se
660 1802 903 1845 meminisse
951 1807 1182 1856 temporum
1218 1801 1364 1856 quibus
1404 1805 1525 1843 natus
1564 1801 1632 1854 sit,

978 1947 1013 1982 2.
1039 1945 1123 1981 uita‘
1146 1944 1213 1979 Ma.

1287 1944 1324 1979 3.
1350 1945 1452 1990 ηερ.
1479 1942 1545 1978 Μᾶ.
1596 1943 1633 1978 6.
1700 1918 1708 1925 “

702 1997 759 2028 11.
786 1995 861 2040 inp.
888 1993 954 2028 Ma.
1010 1996 1066 2030 12.
1093 1993 1297 2040 inpunitas?
1322 1991 1398 2027 Ma:
1427 1992 1455 2027 G
1479 1992 1636 2039 impuni-

648 2043 708 2078 20.
736 2042 848 2077 voltus
875 2042 935 2078 Or.

916 2174 1084 2218 hominis,
1111 2175 1175 2209 sed
1194 2175 1263 2208 viri
1283 2174 1434 2208 illustris
1462 2178 1498 2207 et
1523 2183 1544 2206 a
1560 2173 1635 2207 Ne-
1653 2188 1657 2189 ⁷

914 2233 1002 2258 rone
1053 2225 1149 2257 caesi
1192 2224 1416 2257 mentionem
1466 2222 1634 2255 iniectam

916 2283 995 2306 esse
1028 2272 1154 2316 liquet.
1208 2271 1321 2304 Sentii
1362 2275 1481 2303 autem
1515 2274 1635 2311 partes

914 2320 979 2353 sub
1012 2319 1156 2353 Nerone
1188 2319 1323 2352 nullae.
1378 2318 1497 2352 Malim
1522 2317 1634 2361 igitur

913 2369 1054 2410 Anteio,
1074 2372 1112 2400 ut
1138 2367 1259 2400 littera
1283 2379 1300 2401 ς
1326 2377 1371 2400 ex
1386 2367 1526 2399 Sorano
1550 2365 1636 2399 huic

914 2417 996 2450 voci
1037 2415 1242 2450 adhaeserit
1290 2415 1501 2461 (Sante'io)‚·
1551 2413 1635 2448 inde

913 2466 1035 2499 Sentio
1061 2465 1096 2498 in
1123 2462 1179 2498 Ma
1203 2469 1239 2498 et
1265 2464 1346 2498 aliis
1364 2490 1375 2506 ‚
1412 2464 1448 2496 in
1485 2464 1635 2508 reliquis

912 2514 1061 2548 Senecio
1089 2512 1149 2546 vel
1174 2513 1328 2546 Senecio.
1372 2512 1525 2545 Anteius
1552 2512 1635 2557 qui-

913 2562 994 2596 dem
1022 2571 1093 2595 non
1119 2572 1139 2594 a
1165 2561 1335 2595 Marcello
1362 2571 1553 2606 perversus
1580 2564 1634 2592 est

915 2612 970 2655 (v.
999 2610 1080 2644 xvt
1109 2610 1197 2656 14),
1225 2610 1288 2643 sed
1317 2609 1361 2642 ab
1388 2609 1538 2642 Antistio
1564 2609 1634 2640 So-

913 2660 1040 2702 siano,·
1065 2668 1188 2692 verum
1207 2658 1243 2692 id
1269 2668 1315 2690 ne
1335 2657 1379 2690 de
1394 2657 1529 2690 Sorano
1551 2656 1635 2699 qui-

914 2707 994 2741 dem
1037 2706 1107 2740 dici
1142 2711 1281 2750 potest,
1322 2714 1426 2749 quem
1470 2703 1634 2737 Ostorius

913 2755 1064 2789 Sabinus
1107 2753 1209 2798 (XVI
1248 2753 1314 2798 30)
1360 2753 1396 2784 in
1436 2752 1634 2795 perniciem

914 2815 932 2837 e
963 2804 1001 2836 it.

937 2814 960 2848 g
988 2851 1074 2893 Cap.
1106 2849 1141 2883 8.
1195 2860 1239 2882 ne
1266 2848 1448 2882 ambitioni
1474 2854 1535 2882 aut
1559 2849 1634 2882 ini-

914 2899 1055 2932 micitiis
1081 2897 1177 2931 locus
1201 2903 1311 2931 esset.-
1349 2897 1491 2931 ambicio
1517 2897 1637 2941 respi-

917 2948 966 2980 cit
996 2956 1059 2980 eos
1084 2946 1145 2992 qui
1186 2944 1408 2992 legationem
1441 2945 1543 2980 obire
1569 2955 1636 2980 cu..

1373 3010 1424 3053 19
