1768 3216
160 235 207 269 53
740 209 1046 252 HISTORIARVM

1423 212 1456 236 a.
1483 209 1522 236 ιι.
1545 198 1632 237 822.

159 345 291 395 licae,
326 340 399 384 sed
427 337 571 392 vulgus
601 342 762 388 quoque
790 328 923 384 palam
953 334 1154 367 maerere.
1214 319 1301 362 Nec
1334 317 1416 360 iam
1445 312 1637 358 recentia

161 429 310 462 saevae
338 415 450 470 pacis
482 408 678 463 exempla,
709 405 784 449 sed
805 402 979 458 repetita
1003 399 1203 442 bellorum
1231 393 1412 436 civilium
1433 389 1636 434 memoria

163 496 316 546 captam
345 489 492 530 totiens
522 485 606 528 suis
636 480 888 525 exercitibus
917 476 1077 526 urbem,
1108 471 1340 514 vastitatem
1371 463 1638 519 1111111111,Ᾰί-

159 566 364 620 reptiones
393 560 712 616 provinciarum,
742 547 1316 619 Pthiamnyhil-ipposket
1343 540 1556 617 Perusiam
1586 551 1639 586 ao,

126 638 361 689 sMutinam,
386 639 481 676 nota
499 631 752 687 publicarum
774 623 1154 674 cladiumnomina,
1176 618 1466 674 loquebantur.
1503 615 1639 670 Prope

151 692 296 715 ij-&3

158 699 344 755 eversum
375 709 516 751 orbem
550 707 671 748 etiam
702 716 792 745 cum
824 701 876 743 de
905 698 1136 754 principatu
1166 696 1275 737 inter
1314 693 1450 735 bonos
1497 693 1641 734 certa-

155 791 288 836 retur3
330 784 403 827 sed
447 781 650 824 mansisse
681 778 781 820 Gaio
813 776 940 827 Iulio,
979 772 1184 815 mansisse
1224 769 1407 812 Caesare
1445 766 1639 822 Augusto

157 862 315 903 victore
353 858 589 913 imperium3
628 865 859 898 mansuram
897 850 1025 892 fuisse
1067 847 1143 889 sub
1189 843 1384 899 Pompeio
1429 841 1642 896 Brutoque

161 948 248 978 rem
276 934 490 988 publicam.
547 930 664 972 Nunc
700 940 773 982 pro
816 925 977 968 Othone
1017 935 1069 964 an
1110 933 1186 977 pro
1218 919 1385 962 Vitellio
1417 918 1460 960 in
1491 914 1642 971 templa

111 1010 323 1054 scituros?
353 1008 549 1060 Utrasque
576 1004 718 1058 impias
748 1013 910 1056 preces,
941 1003 1114 1052 utraque
1139 994 1383 1039 detestanda
1399 996 1514 1045 vota,
1534 991 1645 1033 inter

165 1086 267 1128 duos
301 1094 469 1138 quorum
498 1080 607 1122 bello
637 1078 766 1121 solum
798 1075 839 1117 id
869 1075 1025 1126 scires,
1068 1071 1323 1115 deteriorem
1353 1069 1446 1112 sore
1476 1067 1548 1122 qui
1575 1065 1647 1109 vi-

164 1160 300 1201 cisset.
345 1158 470 1199 Erant
497 1155 564 1209 qui
593 1152 888 1207 Vespasianum
919 1154 959 1192 et
989 1161 1101 1191 arma
1119 1146 1302 1191 Orientis
1324 1145 1646 1200 augurarentur.

162 1235 212 1276 Et
239 1237 282 1274 ut
309 1232 443 1286 potior
466 1226 944 1283 utroqueVespasianus,
976 1225 1031 1266 ita
1061 1223 1214 1265 bellum
1244 1220 1357 1264 aliud
1388 1223 1512 1274 atque
1542 1216 1646 1261 alias

164 1306 301 1349 clades
331 1305 561 1346 horrebant.
621 1303 670 1344 Et
699 1302 889 1356 ambigua
922 1300 974 1342 de
996 1299 1253 1365 Vespasiano
1286 1296 1420 1347 fama3
1447 1293 1648 1348 solusque

114 1381 342 1422 :somnium
373 1383 465 1420 ante
496 1390 541 1420 se
569 1363 885 1432 principum'ifs
900 1364 1047 1416 melius
1079 1361 1259 1415 mutatus
1287 1374 1364 1414 est.

297 1455 411 1497 Nunc
441 1453 554 1494 initia
586 1463 812 1505 causasque
841 1454 975 1492 motus
1005 1447 1217 1491 Vitelliani
1248 1445 1481 1500 expediam.
1513 1443 1648 1486 Caeso
1660 1440 1715 1482 51

168 1541 256 1571 cum
296 1528 480 1570 omnibus
522 1527 649 1581 copiis
692 1526 793 1568 Iulio
836 1525 1043 1576 Vindice,¹
1076 1523 1198 1566 ferox
1235 1519 1392 1576 praeda
1431 1517 1652 1574 gloriaque

301 1683 332 1716 1.
362 1682 450 1728 voly.
479 1682 535 1717 Or.
586 1693 670 1716 mer.
702 1681 766 1716 Ma.
818 1681 853 1716 3.
884 1679 1094 1714 exercitibus
1121 1675 1216 1721 GMss,
1246 1676 1376 1712 civibus
1403 1674 1446 1709 Β.

164 1730 270 1764 aliam
293 1729 364 1764 Ma:
393 1730 419 1765 G
442 1731 672 1776 pharsaliam.
719 1729 873 1775 persiam
898 1727 975 1799 Mag
1002 1728 1029 1763 G
1050 1726 1241 1773 perusiam.

413 1827 466 1861 15.
496 1827 633 1861 Imelius
659 1778 1006 1862 lll³9sgei⁷r²ipmellius
1072 1836 1130 1859 mu
1155 1825 1207 1871 (in
1232 1833 1359 1858 versus
1385 1821 1472 1869 fine)
1499 1826 1552 1856 tus
1575 1817 1652 1855 Ma:

165 1778 192 1812 G
218 1779 377 1813 cladium.
448 1780 480 1814 7.
511 1780 551 1813 G.
577 1778 639 1814 Ma.

166 1828 251 1872 §ces
272 1826 333 1860 Ma.

172 1875 199 1910 G
224 1880 383 1909 mutatus.

171 2015 266 2048 vium
279 2018 413 2058 partem
428 2014 607 2055 denotant,
619 2015 695 2048 sive
708 2024 769 2048 eos
786 2024 874 2060 quos

172 2062 258 2096 alibi
285 2062 344 2106 (Η.
371 2061 386 2095 Ι
411 2063 451 2108 4)
493 2062 614 2106 populi
653 2067 787 2106 partem
816 2065 874 2097 in-

172 2115 308 2155 tegram
334 2109 471 2144 Tacitus
500 2110 714 2154 appellavit:
755 2111 875 2156 vulqus

175 2159 290 2192 statim
327 2163 633 2192 commemoratum
681 2165 733 2192 est
778 2160 875 2205 plebs

174 2207 326 2240 sordida.
355 2205 409 2240 Cf.
436 2206 479 2240 ad
504 2207 545 2241 H.
573 2207 585 2240 l
611 2208 668 2242 35.
725 2209 874 2251 Quomi-

175 2265 240 2288 nus
267 2254 353 2288 haec
378 2254 421 2288 de
447 2256 533 2299 ipsis
559 2256 715 2299 patribus
742 2257 873 2302 equiti-

175 2303 310 2347 busque
336 2302 428 2336 dicta
454 2313 532 2337 esse
559 2309 772 2349 statuamus,
807 2307 877 2339 im-

175 2350 274 2395 pedit
311 2351 403 2395 quod
441 2351 512 2385 illis
545 2363 615 2386 non
652 2353 771 2397 aliqua
796 2364 876 2398 pars

179 2403 253 2432 erat
278 2403 312 2432 et
331 2409 413 2432 cura
432 2400 483 2432 rei
496 2400 672 2443 publicae,
695 2402 877 2448 sedlonge

178 2446 339 2479 maxima.
395 2447 524 2481 Verum
571 2448 658 2482 haec
702 2452 879 2484 sententia

181 2494 271 2527 falsa
307 2498 341 2526 et
377 2505 483 2538 prava
516 2495 651 2541 legenti
676 2499 879 2543 suggeritur

181 2552 202 2575 a
238 2540 382 2587 vulgata
418 2543 490 2586 quis
521 2543 639 2588 aliqua
677 2557 790 2590 pars:
828 2548 879 2581 sic

181 2590 274 2623 enim
301 2591 375 2633 quis
397 2590 583 2625 relativum
608 2597 660 2626 est
673 2603 880 2637 suspensum

180 2649 201 2671 e
227 2637 411 2672 vocabulis
433 2646 573 2673 senatus
600 2645 635 2673 et
661 2653 771 2685 eques.
808 2641 881 2676 Cu-

179 2687 233 2719 ius
269 2687 480 2721 incommodi
513 2688 645 2722 vitandi
677 2691 790 2734 gratia
815 2690 882 2724 Ta-

181 2735 270 2767 citus
309 2733 401 2768 haud
437 2734 543 2770 dubie
579 2737 787 2780 particulam
821 2750 883 2782 que

180 2781 328 2824 adiecit,
364 2783 529 2818 omissam
569 2796 588 2818 a
613 2785 727 2819 scriba
745 2787 884 2820 'codicis

181 2828 245 2871 Ma,
271 2830 363 2874 quod
388 2832 417 2864 is
445 2833 689 2877 compendium
714 2836 789 2880 (ης)
816 2846 884 2869 ne-

183 2876 295 2921 glexit
339 2884 397 2911 aut
445 2880 555 2915 celeri
596 2883 885 2926 pronuntiatione

186 2934 260 2957 eam
304 2927 509 2969 particulam
561 2936 641 2965 ante
690 2933 885 2976 proximam

185 2981 310 3006 vocem
335 2974 452 3020 aliqua
477 2987 547 3012 non
575 2980 835 3017 animadvertit.

1504 1677 1540 1710 4.
1563 1684 1652 1720 pars

1310 1726 1344 1760 5.
1373 1722 1551 1758 claudium
1574 1721 1651 1757 Ma:

1062 1775 1185 1822 templo
1215 1773 1292 1808 Ma:
1319 1773 1348 1808 G
1372 1772 1512 1819 templa.
1590 1771 1648 1807 10.

1013 2013 1235 2047 Pharsaliam
1260 2012 1453 2058 Philippos,
1483 2015 1517 2046 ot
1540 2009 1656 2046 Peru·

941 2063 1031 2096 siam
1059 2074 1102 2096 ac
1129 2062 1302 2096 Mutinam
1319 2088 1329 2104 ‚
1367 2066 1478 2096 nota.-
1502 2064 1536 2094 οἱ
1560 2068 1658 2095 nuno

943 2111 1142 2157 adaugendi
1168 2115 1382 2155 potestatem
1406 2108 1515 2144 habet
1538 2116 1658 2154 eoquo

944 2170 1080 2193 comma
1107 2164 1188 2193 ante
1214 2159 1330 2204 posui.
1384 2157 1658 2203 Componuntur

943 2208 1011 2241 duo
1023 2209 1163 2242 nomina
1173 2207 1391 2249 ἄσυνδέτως
1400 2208 1517 2252 posita
1527 2203 1659 2254 (Phar-

946 2256 1071 2290 saliam
1098 2257 1288 2304 Philippos)
1323 2267 1401 2290 cum
1428 2254 1568 2290 duobus
1593 2262 1659 2299 per

944 2304 1150 2349 particulam
1197 2306 1328 2339 iunctis
1377 2304 1577 2352 (Perusiam
1614 2313 1660 2337 aa

946 2354 1156 2401 Mutinam),
1195 2354 1238 2388 de
1265 2364 1334 2400 quo
1363 2364 1398 2388 v.
1426 2355 1586 2388 annotat.
1613 2349 1660 2386 ad

946 2402 991 2435 XI
1015 2403 1037 2438 6
1065 2407 1100 2437 et
1127 2403 1170 2436 ad
1205 2403 1246 2437 H.
1273 2404 1288 2436 1
1314 2403 1372 2438 70.
1432 2399 1660 2436 Pharsaliam

947 2462 1025 2484 cum
1053 2451 1240 2496 Philippis,
1278 2456 1316 2485 ut
1356 2451 1538 2485 Perusiam
1576 2458 1657 2484 cum

949 2499 1088 2532 Mutina
1113 2501 1252 2533 interno
1279 2500 1431 2545 quodam
1449 2497 1599 2534 vinculo
1619 2500 1660 2531 ut

946 2546 1030 2580 bina
1055 2548 1152 2591 paria
1187 2548 1381 2583 cohaerere
1417 2553 1452 2583 et
1487 2557 1509 2582 a
1533 2557 1574 2581 se
1599 2545 1660 2579 in-

948 2596 1065 2629 vicem
1105 2596 1258 2631 discreta
1298 2598 1498 2631 consistere
1533 2598 1660 2640 patet:

948 2653 1027 2677 nam
1054 2644 1232 2679 Pharsalia
1270 2650 1305 2679 et
1330 2645 1487 2690 Philippi
1513 2653 1557 2679 ea
1580 2641 1664 2677 loca

950 2698 1041 2734 sunt,
1067 2693 1101 2726 in
1118 2694 1244 2738 quibus
1262 2705 1335 2728 rem
1353 2694 1535 2739 publicam
1552 2696 1662 2725 tuen-

950 2743 1003 2773 tes
1038 2741 1206 2775 adversus
1245 2753 1328 2786 eos,
1378 2743 1438 2789 qui
1474 2740 1662 2785 imperium

953 2788 1029 2821 sive
1056 2799 1201 2834 regnum
1229 2791 1366 2825 vellent
1397 2793 1661 2836 pugnaverunt,
1732 2818 1737 2821 ,

953 2835 1139 2880 Pompeius
1158 2838 1327 2873 adversus
1339 2839 1542 2881 Caesarem,
1568 2837 1664 2871 Bru..

954 2889 1008 2917 tus
1038 2890 1072 2919 et
1097 2885 1238 2921 Cassius
1266 2893 1388 2922 contra
1426 2887 1662 2922 Octavianum

956 2938 991 2966 et
1018 2933 1221 2968 Antonium.
1275 2936 1344 2971 Sed
1369 2936 1526 2970 Mutinae
1549 2935 1663 2970 Peru-

954 2983 1100 3027 siaeque
1113 2984 1252 3027 imperii
1272 2989 1467 3022 assertores
1491 2994 1573 3021 sese
1594 2982 1664 3030 ipsi
