1768 3216
134 229 212 268 ΜΘ

817 227 961 266 INDEX

156 363 158 365 ·
184 355 303 380 merus
330 344 490 391 Lingua,
518 354 590 378 non
619 343 803 391 Lingonus
827 343 857 379 H
905 343 1020 390 Lupia
1063 354 1196 380 nomen
1233 355 1305 382 uno
1342 355 1365 390 p
1405 335 1635 382 scribenti-mi

186 404 210 438 4
236 405 293 440 55.

136 464 281 510 linigeri
307 464 331 498 i.
361 474 392 499 e.
421 464 527 499 lsiaci
554 464 583 499 H
609 465 632 500 3
660 464 716 501 74.

137 524 279 557 litorum
306 533 368 557 ora
394 525 415 557 2
443 524 500 560 78.

135 585 279 619 litterae
315 595 335 618 a
371 583 522 620 Claudio
560 586 776 631 imperatore
801 595 862 620 re-

189 650 313 692 pertae
343 647 383 680 11
419 646 473 680 14.

135 705 275 740 Livium
314 705 456 740 Tacitus
490 706 648 740 imitatur
686 706 715 740 H
750 704 773 742 4
799 706 857 741 58.

186 766 214 800 G
238 766 274 800 3.

137 825 207 860 loci
234 830 476 870 spectatorum
514 826 550 860 in
589 826 686 861 circo
713 826 861 862 discreti

187 885 231 920 15
258 885 316 921 32.

139 944 241 979 locus
270 955 291 979 a
317 944 510 983 Cheruscis
537 946 581 980 ad
607 946 756 983 alteram
786 957 864 980 cum

185 1005 396 1040 Germanico
442 1016 597 1052 pugnam
641 1006 803 1043 delectus
838 1009 860 1042 2

189 1065 244 1100 19.

135 1124 236 1160 locus
274 1125 309 1158 in
338 1124 463 1160 codice
505 1126 698 1171 insigniter
733 1135 858 1160 corru-

184 1189 265 1229 ptus
294 1185 414 1227 1123,
450 1185 493 1219 14
519 1185 577 1220 60.
609 1185 636 1220 Ο
668 1186 725 1219 21.

136 1244 237 1278 locus
264 1248 438 1289 sequente
465 1245 627 1290 genitivo
654 1250 715 1279 aut
738 1245 859 1280 dativo

185 1302 212 1336 H
244 1304 259 1336 1
288 1302 348 1338 38.

134 1362 274 1399 Lolliae
308 1362 480 1400 Paulinae
515 1364 622 1408 stirps
660 1368 696 1400 et
734 1365 858 1402 matri-

183 1425 303 1460 monia
332 1426 373 1460 12
407 1425 436 1460 1.

134 1484 324 1531 longinqui
335 1495 457 1521 amnes
472 1485 770 1530 imperiiRomani
785 1487 803 1521 l
827 1486 859 1522 9.

134 1544 380 1591 longinquitas
410 1544 510 1579 exilii
541 1549 555 1581 1
586 1546 644 1581 53.

137 1606 251 1641 lorica
281 1606 491 1641 munimenti
530 1617 646 1652 genus
683 1606 707 1640 4
734 1606 792 1643 49.
832 1607 861 1641 H

182 1667 207 1699 4
231 1664 289 1700 37.

133 1725 232 1760 lucar
263 1724 396 1760 dictum
423 1736 444 1759 a
469 1725 560 1760 lucis
589 1726 606 1758 1
636 1726 692 1760 77.

133 1785 285 1819 Luceria
320 1785 474 1830 Apuliae
509 1786 649 1822 Vitellii
682 1787 797 1832 patria
827 1787 856 1821 H

181 1846 204 1880 3
230 1845 290 1881 86.

135 1906 206 1940 luci
234 1917 276 1940 ac
302 1916 450 1941 nemora
475 1906 503 1941 G
531 1907 566 1942 9.
596 1906 624 1941 O
650 1907 685 1942 9.

136 1966 277 2000 lucrosa
304 1966 514 2011 eloquentia
540 1966 568 2002 Ο
600 1968 655 2003 12.

135 2025 269 2060 1110111111
306 2036 528 2060 communem
567 2030 602 2060 et
640 2027 754 2072 magis
787 2026 858 2061 im-

183 2085 353 2119 becillum
387 2085 449 2119 tali
484 2097 592 2130 super
630 2097 715 2120 casu
747 2087 857 2120 femi-

184 2155 307 2179 narum
332 2145 487 2178 animum
521 2145 664 2191 aliaque
699 2147 735 2180 in
767 2156 859 2180 cun-

183 2204 262 2239 dem
305 2204 466 2239 dolorem
507 2210 645 2240 maesta
677 2210 713 2240 et
746 2207 858 2241 mise-

183 2264 292 2298 randa
317 2264 376 2298 diu
404 2264 498 2299 serre
525 2265 548 2300 6
573 2265 632 2300 49.

133 2324 206 2358 ludi
233 2324 415 2358 seculares
441 2325 570 2370 quibus
609 2327 711 2361 annis
755 2326 856 2362 cele-

180 2385 270 2418 brati
305 2385 377 2419 sint
414 2386 452 2418 11
487 2387 539 2419 11.
582 2385 657 2420 ludi
703 2388 860 2422 curatius

188 2443 274 2478 editi
305 2443 348 2478 14
373 2446 432 2480 21.

136 2504 241 2537 ludos
256 2515 387 2538 scenae
401 2515 464 2548 per
479 2504 573 2549 quod
591 2507 761 2550 temporis
781 2517 866 2551 spa-

185 2564 271 2596 tium
298 2565 467 2609 antiquus
487 2565 640 2608 populus
661 2570 757 2599 stans
776 2577 862 2611 spe-

187 2627 286 2657 ctare
312 2624 542 2660 consueverit
571 2625 613 2657 14
636 2626 694 2660 20.

139 2681 219 2716 lues
246 2681 334 2718 belli
361 2682 391 2716 Η
420 2682 442 2716 3
474 2683 527 2717 15.

136 2742 297 2787 lugubris
323 2747 533 2787 prospectus
560 2743 589 2777 H
620 2745 635 2777 1
663 2743 724 2779 40.

137 2802 258 2836 Lunae
287 2802 459 2847 templum
489 2803 650 2839 aServio
678 2809 854 2843 sacratum

185 2861 299 2896 fuisse
324 2871 397 2896 non
431 2873 555 2901 verum
591 2863 756 2909 videtur3
797 2864 858 2903 ubi

186 2922 292 2956 situm
322 2922 364 2957 15
392 2924 452 2958 41.

964 404 992 438 H
1018 405 1039 439 5
1066 405 1125 439 22.

914 465 1001 499 luxu
1041 469 1077 499 et
1109 465 1259 511 saginae
1301 465 1524 510 mancipatus
1558 475 1638 504 em-

963 529 1117 570 ptusque
1143 525 1173 558 H
1199 527 1220 560 2
1248 525 1306 560 71.

911 585 1029 632 Lygii,
1056 595 1128 619 non
1154 585 1248 632 Ligii
1279 586 1322 621 12
1349 584 1407 622 29.

909 705 1114 741 maculosus
1146 707 1171 742 i.
1203 717 1237 745 e.
1272 705 1443 753 gravibus
1487 704 1638 751 flagitiis

964 766 1141 800 obnoxius
1172 767 1202 800 H
1235 769 1249 800 1
1282 767 1315 804 7.

913 827 1130 862 Maecenatis
1163 826 1257 861 horti
1295 827 1332 865 in
1365 825 1541 872 Esquiliis
1577 826 1636 860 siti

963 888 1006 921 15
1032 886 1092 922 39.

916 947 1086 981 maiestas

963 1008 978 1040 1
1012 1008 1069 1044 72.

913 1065 1090 1100 maleficia
1116 1065 1151 1100 11.
1174 1076 1205 1099 c.
1237 1065 1331 1100 male
1358 1064 1556 1103 adhibitu2
1578 1065 1638 1101 69.

909 1127 1093 1171 mancipes
1134 1126 1271 1159 viarum
1309 1124 1466 1162 Corbulo
1508 1135 1636 1170 perse-

966 1191 1068 1220 cutus
1094 1190 1148 1220 est
1173 1185 1196 1219 3
1223 1185 1280 1219 31.

910 1245 1077 1279 mandare
1101 1255 1180 1278 cum
1207 1245 1326 1279 activa
1351 1244 1520 1279 infinitivi
1554 1244 1634 1280 for-

959 1315 1014 1338 ma
1045 1305 1087 1340 15
1114 1305 1147 1340 2.

908 1370 1051 1402 maneat
1099 1363 1383 1409 provincialibus
1436 1365 1634 1410 potentiam

956 1436 1055 1459 suam
1083 1425 1145 1459 tali
1162 1424 1268 1459 modo
1284 1424 1488 1463 ostentandi
1507 1426 1549 1460 15
1574 1426 1633 1461 21.

913 1486 1124 1522 manifestus
1154 1490 1208 1520 est
1236 1485 1378 1531 accingi
1405 1484 1433 1519 Ο
1464 1485 1518 1521 16.

908 1546 1046 1583 Manius
1065 1550 1100 1580 et
1114 1546 1252 1580 Marcus
1270 1545 1406 1583 librarii
1427 1545 1517 1581 vitio
1535 1554 1636 1581 cotu-

960 1606 1086 1642 mutati
1113 1606 1135 1640 3
1161 1605 1219 1642 32.

910 1665 1062 1701 Manlius
1099 1664 1225 1699 consul
1265 1676 1286 1699 a
1330 1664 1484 1700 Cimbris
1521 1665 1638 1700 victus

958 1725 1039 1765 aliis
1051 1725 1287 1770 scriptoribus
1300 1727 1535 1771 praenomine
1545 1726 1636 1761 Mar-

956 1796 1018 1820 cus
1045 1786 1156 1830 audit,
1184 1786 1266 1821 aliis
1295 1787 1437 1823 Gnaeus
1465 1787 1493 1823 G
1517 1788 1577 1824 37.

910 1847 1181 1883 manumittendi
1211 1847 1302 1883 duae
1335 1849 1478 1892 species
1509 1848 1552 1884 13
1577 1849 1635 1888 27.

913 1906 1072 1943 Marcelli
1101 1906 1242 1942 Claudii
1268 1907 1386 1943 obitus
1416 1909 1432 1942 1
1462 1908 1498 1943 3.

912 1967 1218 2003 Marcomanorum
1244 1966 1348 2004 sedes
1384 1968 1406 2003 2
1429 1968 1490 2005 62.
1523 1966 1553 2003 G
1576 1968 1636 2007 42.

957 2027 1050 2061 iusta
1076 2028 1231 2062 nominis
1257 2026 1408 2062 forma2
1435 2027 1496 2064 46.
1525 2026 1555 2063 G
1575 2025 1635 2063 42.

907 2087 1099 2132 margarita
1125 2089 1157 2122 A
1186 2089 1240 2122 12.

911 2146 1104 2180 Marsorum
1131 2146 1235 2183 sedes
1271 2148 1284 2180 1
1315 2148 1373 2182 50.
1401 2147 1467 2182 sub
1495 2146 1635 2182 initium

957 2207 1177 2251 principatus
1203 2206 1343 2242 Traiani
1379 2217 1452 2243 11011
1480 2208 1550 2245 iam
1576 2209 1636 2243 vii-

1130 951 1166 980 et
1205 946 1429 985 maiestatem
1478 946 1641 981 minuere

957 2267 1085 2304 dentur
1110 2267 1333 2312 superfuisse
1363 2266 1392 2303 G
1419 2270 1455 2304 2.

907 2328 1143 2363 masculinum
1171 2338 1286 2374 genus
1320 2327 1541 2372 praedicati,
1575 2328 1636 2363 ubi

960 2388 1004 2422 ad
1039 2388 1141 2434 leges
1176 2389 1425 2433 grammaticas
1471 2393 1636 2423 neutrum

960 2453 1191 2492 expectamus
1222 2450 1262 2482 11
1290 2449 1347 2483 25.

916 2512 1031 2542 mater
1055 2509 1234 2552 impotens
1260 2508 1361 2544 Livia
1388 2509 1409 2543 5
1440 2509 1470 2542 1.

913 2568 1097 2603 maturitas
1124 2567 1161 2602 L.
1191 2567 1308 2602 Crassi
1336 2567 1364 2604 Ο
1391 2569 1449 2603 26.

916 2627 1096 2663 Maternus
1123 2630 1230 2671 pocta
1267 2628 1303 2661 in
1339 2626 1453 2662 Gallia
1479 2631 1582 2661 natus
1609 2627 1637 2661 Ο

959 2688 1014 2725 10.
1042 2688 1136 2721 serio
1171 2686 1350 2732 loquitur,
1390 2696 1461 2722 non
1496 2686 1634 2725 ironice

959 2747 985 2781 0
1011 2746 1068 2782 41.
1112 2748 1188 2784 eius
1212 2746 1306 2781 Nero
1342 2751 1378 2782 et
1404 2751 1547 2781 ceterae
1574 2747 1633 2782 fa-

954 2806 1059 2841 bulae
1096 2818 1129 2841 v.
1156 2807 1446 2845 Additamentum
1480 2806 1525 2842 ad
1552 2806 1580 2842 Ο
1609 2807 1632 2841 3

959 2871 995 2903 et
1025 2867 1079 2901 11.
1367 2901 1379 2905 ff

909 2925 1037 2963 Matius
1058 2926 1266 2967 luxuriosus
1291 2927 1413 2965 'factio
1448 2928 1632 2976 restitutus
