1768 3216
167 251 221 293 ’1Θί
772 245 1040 285 (ἷΕΙίΜΔΝῙΑΕ

169 373 288 412 tates.
348 368 397 409 Et
427 367 469 407 in
495 365 686 420 proximo
715 366 908 421 pignora,
940 364 1052 406 unde
1083 363 1328 406 feminarum
1357 363 1532 406 ululatus
1563 366 1662 415 [au-

168 444 264 496 diri]
283 474 293 494 ,
344 441 454 483 unde
485 440 648 495 vagitus
679 440 909 482 infantium.
970 439 1021 480 Hi
1053 439 1200 492 cuique
1231 437 1484 482 sanctissimi
1515 441 1662 490 testes,

136 500 138 502 ¹
165 517 209 558 hi
237 515 406 559 maximi
435 515 689 557 laudatores.
750 514 817 557 Ad
848 518 1026 566 matres,
1073 514 1127 557 ad
1157 514 1365 568 coniuges.
1391 512 1566 555 vulnera
1594 512 1666 556 fe-.

165 595 284 642 runt3
316 603 396 633 uec
423 590 518 633 illae
549 602 770 632 numerare
801 593 870 631 aut
901 589 1075 643 exigere
1105 588 1251 643 plagas
1266 591 1430 642 pavent,
1462 587 1666 640 cibosque

136 670 208 708 set
237 666 469 710 hortamina
500 664 779 720 pugnantibus
809 667 987 719 gestant.
1046 663 1273 706 Memoriae
1312 662 1501 716 proditur
1534 668 1721 723 quas-28·

167 741 263 783 dam
293 741 406 783 acies
455 740 675 782 inclinatas
722 740 804 781 iam
855 743 896 781 et
940 738 1129 781 labantes
1173 751 1197 780 a
1243 737 1407 779 feminis
1451 737 1667 779 restitutas
1718 729 1727 774 l

167 816 399 858 constantia
430 827 601 870 precum
633 819 672 858 et
703 815 871 857 obiectu
899 817 1113 868 pectorum
1131 817 1172 854 et
1188 816 1415 855 monstrata
1433 811 1667 856 comminus
1713 775 1723 819 f

303 967 335 1000 1.
362 966 597 1011 foeminarum
623 963 660 999 P.

165 1025 250 1048 rare
275 1013 313 1048 P.

162 1146 400 1193 pinquitates:
426 1146 616 1193 propinqui
642 1145 700 1180 vel
729 1147 879 1191 propin-

167 1195 322 1240 quitates
346 1194 454 1228 latius
492 1199 616 1238 patent
640 1205 744 1239 quam
772 1194 877 1228 fami-

166 1243 264 1286 liae3
290 1243 444 1288 ⁸qentium
469 1252 598 1276 nomen
626 1243 670 1276 ob
698 1242 879 1288 ambigui.-

166 1296 275 1325 tatem
320 1290 483 1325 consulto
525 1291 664 1325 vitavit.
720 1290 757 1324 In
801 1291 879 1324 acie

167 1338 263 1373 hunc
289 1339 450 1373 ordinem
475 1338 879 1384 NestorAgamemnoni

166 1387 292 1423 suadet
318 1388 411 1432 apud
436 1387 627 1422 Homerum
652 1387 692 1421 Il.
722 1390 751 1424 Β
771 1387 852 1423 363.

240 1459 335 1493 etin
371 1459 533 1504 proximo
568 1459 744 1504 pignora:
786 1464 877 1501 sunt,

170 1511 210 1541 ut
257 1508 394 1541 centies
435 1507 543 1549 alibi,
574 1506 753 1541 'omissum
793 1512 877 1550 est;

165 1555 420 1590 Doederlinius
447 1555 630 1600 supplevit
661 1555 879 1600 fortitudinis

165 1604 441 1638 incitamentum.
506 1603 558 1638 Ob
584 1615 658 1638 reni
696 1614 730 1638 v.
762 1604 801 1638 Η.
829 1604 877 1638 1v

170 1652 226 1687 18.
254 1651 386 1687 Caesar
411 1652 450 1686 B.
475 1651 512 1686 G.
541 1651 556 1686 I
583 1653 640 1687 51.
668 1651 879 1686 Plutarchus

166 1701 252 1735 Mar.
281 1702 339 1736 27.

238 1771 330 1805 mede
356 1772 568 1816 feminarum
600 1771 754 1806 ululatus
793 1775 878 1818 [au-

166 1820 267 1866 diriJ,
296 1821 386 1854 unde
404 1821 770 1865 vagitus-infantium:
793 1831 879 1855 ver-

164 1867 247 1902 bum
274 1869 394 1902 audiri
421 1868 587 1901 nonnulli
617 1870 877 1913 accipiuntpro

166 1916 341 1950 infinitivo
370 1917 541 1950 historico
557 1917 794 1963 (audiuntur),
816 1917 879 1951 sed

165 1965 195 1998 is
239 1966 442 2009 imperfecti
487 1966 658 2010 temporis
701 1971 878 2011 potestate

167 2012 354 2058 fungitur,
394 2023 466 2046 non
492 2016 692 2058 praesentis
714 2041 722 2057 ,
760 2025 878 2060 neque

167 2066 250 2104 apte
277 2072 297 2094 a
322 2061 556 2095 Doederlinio
582 2062 727 2096 allatum
757 2068 810 2097 est
833 2063 877 2096 Vt

171 2108 244 2143 19:
290 2110 467 2154 fluitantia
508 2116 568 2143 aut
602 2111 688 2156 ripis
730 2111 879 2156 adpulsa

166 2167 239 2190 non
263 2169 422 2191 cremare
461 2160 521 2204 (=
551 2158 745 2202 cremabat)
783 2161 878 2203 quis-

168 2216 293 2249 quam,
320 2217 391 2239 non
418 2207 620 2251 continqere
647 2209 708 2252 (ιτ
736 2209 879 2241 contin-

168 2253 303 2299 gebat).
331 2254 404 2287 Alii
433 2260 481 2287 est
507 2255 744 2299 supplendum
771 2266 878 2300 prae-

168 2302 317 2345 cipiunt,
344 2313 469 2336 verum
497 2303 566 2337 hoc
591 2309 639 2337 est
666 2306 778 2350 (ἔστι)
806 2315 876 2338 non

167 2350 354 2394 suppletur
390 2351 453 2384 sed
493 2351 685 2395 scribitur,
725 2363 766 2386 ac
804 2358 876 2386 tum

168 2399 342 2432 sermonis
376 2399 490 2432 Latini
534 2400 618 2446 lege
651 2411 723 2434 non
759 2402 879 2435 audiri

166 2445 337 2491 subsequi
372 2447 514 2490 debuit,
550 2448 613 2482 sed
653 2449 777 2483 audire
798 2476 806 2491 ‚
840 2455 878 2483 ut

168 2504 198 2528 ο.
231 2494 277 2528 5:
318 2500 366 2527 est
399 2495 518 2528 videre
545 2496 638 2541 apud
662 2497 752 2531 illos.
804 2498 876 2532 Alii

165 2541 256 2575 unde
283 2543 403 2576 audiri
429 2553 492 2586 pro
526 2550 563 2577 ut
596 2545 677 2578 inde
712 2546 878 2579 audiatur

166 2589 298 2623 dictum
329 2595 466 2635 putant,
493 2591 705 2627 adversante
733 2604 877 2637 prorsus

165 2639 339 2672 sermonis
370 2650 436 2673 usu
465 2644 500 2673 et
527 2641 787 2675 consuetudine
805 2641 876 2675 La-

163 2687 248 2720 tina.
276 2686 460 2721 Postremo
491 2688 578 2722 solet
597 2693 657 2722 aut
676 2689 875 2724 addendum

165 2739 225 2767 aut
244 2735 481 2780 supplendum
500 2736 874 2772 dicitDoederlinius:

164 2783 295 2818 addere
324 2795 429 2818 nemo
456 2785 668 2828 sustinebit,
696 2787 724 2820 si
755 2788 875 2820 mitius

163 2832 360 2866 remedium
405 2833 567 2868 adhiberi
606 2835 763 2878 poterit:
805 2845 875 2880 quo

163 2879 279 2914 minus
307 2882 498 2926 cogitando
529 2881 687 2926 addatur,
708 2882 877 2928 prohibet

163 2936 286 2963 norma
332 2928 478 2975 linguae
520 2931 679 2967 Latinae.
750 2931 876 2977 Neque

164 2973 256 3011 hanc
281 2976 466 3013 licentiam
499 2983 619 3015 tuetur
653 2979 748 3026 quod
772 2980 876 3017 'l'aci-

739 963 896 1009 glossam
921 962 1040 997 audiri
1064 962 1214 997 seclusit
1241 962 1368 996 editor.

390 1015 424 1048 5.
453 1014 631 1048 ortamina
656 1023 833 1057 superscr.
863 1011 885 1046 h
911 1011 947 1046 P.

1455 961 1491 996 4.
1520 971 1662 1002 enumq-

1024 1012 1058 1046 6.
1086 1012 1248 1056 foeminis
1273 1009 1309 1044 P.
1376 1010 1409 1044 7.
1443 1010 1598 1044 cominus
1623 1007 1660 1044 P.

951 1149 1006 1178 tus
1045 1145 1087 1178 A.
1115 1145 1164 1179 34
1192 1145 1354 1188 scripsit:
1393 1141 1559 1188 quomodo
1596 1141 1662 1175 sil-

950 1204 1012 1226 vas
1037 1192 1212 1236 saltusque
1241 1191 1506 1238 penetrantibus
1536 1190 1662 1234 sextis-

949 1242 1072 1275 simum
1086 1240 1240 1285 quodque
1257 1239 1393 1274 animal
1417 1245 1543 1273 contra
1558 1249 1661 1272 ruere

951 1291 1012 1335 (=
1041 1294 1165 1323 contra
1192 1299 1296 1323 ruere
1327 1288 1448 1332 solet),
1473 1287 1606 1334 pavida
1630 1291 1663 1321 et

949 1338 1083 1372 inertia
1120 1339 1195 1383 ipso
1225 1337 1374 1383 ayminis
1409 1347 1493 1370 sono
1519 1334 1662 1381 pellun-

950 1392 1026 1428 tur,·
1065 1397 1151 1421 sanc
1190 1386 1259 1421 hoc
1287 1395 1394 1420 ausus
1422 1389 1476 1420 est
1502 1389 1538 1420 et
1565 1384 1660 1418 iuste

950 1434 1081 1469 audere
1108 1436 1241 1479 potuit,
1283 1436 1434 1479 primum
1471 1432 1565 1479 quod
1590 1443 1660 1471 no-

949 1484 1083 1517 tionem
1127 1483 1239 1517 solent
1280 1483 1432 1527 proximi
1485 1481 1659 1515 enuntiati

949 1531 1191 1576 praedicatum
1235 1530 1454 1577 suggerebat
1503 1529 1660 1576 (pellun-

949 1586 1005 1613 tur
1040 1597 1070 1611 =
1099 1579 1188 1626 pelli
1211 1579 1359 1624 solent),
1398 1583 1470 1613 tum
1505 1578 1602 1624 quod
1640 1588 1662 1611 a

949 1633 1129 1662 structura
1153 1628 1267 1662 libera
1304 1633 1339 1662 et
1370 1626 1550 1672 pendente
1585 1630 1661 1661 sta-

950 1678 1011 1710 tim
1046 1677 1088 1711 ad
1122 1676 1319 1723 legitimam
1363 1681 1398 1710 et
1431 1675 1572 1710 solitam
1598 1685 1661 1710 re-

949 1736 1074 1759 versus
1102 1730 1183 1768 est,
1212 1725 1255 1759 de
1283 1736 1351 1770 qua
1378 1725 1525 1759 licentia
1553 1724 1660 1758 certis

948 1774 1092 1820 legibus
1132 1778 1330 1818 temperata
1369 1772 1442 1806 dixi
1476 1771 1519 1806 ad
1542 1771 1572 1806 11
1600 1773 1658 1807 3¹.

949 1823 1073 1867 ltaque
1107 1833 1177 1856 non
1217 1821 1446 1856 dubitandum
1482 1826 1536 1855 est
1573 1821 1660 1867 quin

950 1870 1020 1905 hoc
1057 1877 1178 1906 nostro
1218 1870 1299 1904 loco
1339 1870 1430 1904 uncle
1465 1869 1584 1904 audiri
1625 1874 1660 1903 et

950 1921 1043 1964 turpi
1072 1922 1107 1955 et
1134 1919 1325 1954 manifesto
1351 1918 1566 1952 soloecismo
1590 1927 1659 1962 po.-

949 1968 1054 2002 situm
1082 1970 1138 2003 sit.
1173 1969 1299 2002 Veram
1329 1965 1540 2001 emendandi
1566 1965 1659 2000 viam

950 2017 1099 2050 alterum
1151 2016 1346 2051 membrum
1391 2015 1483 2049 unde
1524 2015 1661 2060 vagitus

951 2066 1142 2109 infantium
1169 2064 1349 2098 ostendit:
1379 2074 1459 2097 nam
1486 2062 1659 2108 quemad-

949 2113 1090 2146 modum
1127 2113 1176 2147 ibi
1218 2113 1317 2145 notio
1352 2113 1465 2154 venit,
1500 2112 1660 2157 pervenit

955 2161 1018 2205 (ad
1042 2172 1145 2195 aures
1174 2161 1429 2206 pugnantium)
1464 2159 1522 2193 vel
1546 2170 1660 2204 pene-

949 2215 1019 2243 trat
1037 2210 1146 2254 (haec
1172 2214 1299 2253 sponte
1327 2211 1503 2242 excitatur
1529 2207 1659 2242 adver-

947 2257 1007 2291 bio
1034 2258 1140 2304 unde)
1168 2269 1188 2291 a
1214 2257 1361 2303 legente
1381 2256 1580 2301 suppletur,
1606 2258 1659 2290 sic

949 2307 1173 2340 concinnitas
1202 2305 1564 2339 orationis't‘acitinae
1591 2315 1659 2349 po-

948 2354 1083 2397 stillat,
1120 2359 1158 2388 ut
1185 2354 1308 2388 eadem
1335 2355 1370 2388 in
1398 2354 1516 2398 priore
1543 2364 1659 2393 mem-

947 2403 1010 2436 bro
1036 2404 1227 2449 cogitetur.
1275 2403 1365 2436 Hinc
1393 2402 1548 2437 eflicitur
1573 2412 1659 2443 xter-

947 2452 1029 2485 bum
1056 2452 1175 2485 audiri
1209 2461 1272 2495 pro
1290 2448 1429 2496 'glos‘sa
1456 2450 1659 2486 habendum

948 2511 1052 2542 esse,
1097 2511 1117 2533 a
1149 2500 1286 2533 lectore
1328 2499 1525 2533 semidocto
1552 2509 1658 2543 supra

946 2558 1089 2581 versum
1116 2548 1316 2592 perantiqui
1333 2547 1467 2581 codicis
1491 2550 1657 2591 ascripta,

947 2595 990 2629 ab
1011 2595 1091 2629 aliis
1110 2597 1145 2629 in
1168 2601 1373 2630 contextum
1391 2596 1522 2635 ascita.
1538 2595 1658 2633 Tzheo..

946 2644 1046 2678 disce
1072 2644 1312 2688 interpretor:
1349 2644 1425 2678 und
1456 2645 1494 2677 in
1525 2644 1657 2682 unmil-

946 2692 1100 2726 telbarer
1134 2693 1236 2727 Nahe
1280 2693 1335 2726 die
1371 2691 1656 2738 Liebespsander,

945 2741 1064 2774 wolter
1090 2740 1225 2775 Heulen
1250 2742 1311 2775 der
1345 2741 1496 2783 Wec'ber,
1539 2740 1659 2775 walter

955 2790 1141 2823 Wimmern
1170 2790 1231 2824 der
1257 2789 1406 2824 Kinder.
1446 2788 1658 2833 Exemplum

946 2839 998 2871 rei
1026 2839 1063 2871 in
1089 2847 1199 2882 opere
1225 2838 1329 2872 simul
1354 2837 1450 2871 edito
1476 2838 1558 2881 ipse
1572 2847 1657 2870 nar-

946 2887 1038 2919 ravit
1063 2886 1103 2919 H.
1132 2886 1180 2921 lV
1202 2886 1267 2922 18:
1293 2892 1330 2921 ut
1355 2886 1512 2919 virorum
1537 2891 1656 2928 cantu,

945 2935 1159 2980 feminarum
1182 2934 1319 2970 ululatu
1344 2935 1460 2969 sonuit
1483 2933 1591 2969 acies.
