1768 3216
193 214 240 247 98
776 200 1084 238 HISTORIARVM
1472 209 1505 234 a.
1532 208 1569 241 u.
1594 198 1680 236 822.

192 329 409 379 contione,
442 325 692 369 maiestatem
722 321 836 365 urbis
868 324 909 362 et
950 329 1201 362 consensum
1240 317 1381 372 populi
1419 330 1470 361 ac
1509 321 1678 362 senatus

190 416 264 458 pro
295 415 340 444 se
371 400 581 451 attollens,
624 397 844 440 adversum
875 394 1116 438 Vitellianas
1146 395 1287 447 partes
1319 392 1508 437 modeste
1539 393 1681 436 disse-

189 477 289 529 ruit,
339 475 541 517 inscitiam
580 472 716 526 potius
757 471 968 526 legionum
1009 482 1128 523 quam
1178 467 1396 511 audaciam
1441 467 1678 522 increpans,

188 551 294 592 nulla
326 549 475 591 Vitellii
506 548 730 599 mentione,
762 546 852 589 sive
882 546 1010 600 ipsius
1043 557 1092 587 ea
1123 543 1371 595 moderatio,
1403 553 1480 585 seu
1499 541 1683 596 scriptor

156 624 384 668 sorationis
436 623 516 665 sibi
563 626 750 664 metuens
807 620 1067 663 contumeliis
1116 620 1157 660 in
1207 618 1415 660 Vitellium
1466 607 1678 670 abstinuit,

186 698 371 752 quando,
415 702 458 738 ut
497 697 538 738 in
581 696 768 738 consiliis
809 695 979 737 militiae
1019 694 1219 738 Suetonio
1259 692 1430 735 Paulino
1474 695 1516 734 et
1543 691 1678 739 Mario

185 773 321 825 Celso,
354 773 408 814 ita
439 772 481 812 in
511 771 634 814 rebus
665 770 835 812 urbanis
867 769 1022 811 Galerii
1051 768 1244 811 Trachali
1275 767 1448 823 ingenio
1473 766 1680 813 Othonem

183 848 242 890 uti
274 846 530 889 credebatur.
593 846 644 887 Et
674 849 791 887 erant
828 845 896 898 qui
926 856 1060 899 genus
1091 844 1228 898 ipsum
1257 842 1406 885 orandi
1436 845 1679 895 noscerent,

187 922 334 963 crebro
367 922 447 963 fori
478 933 555 963 usu
586 920 751 963 celebre
782 924 822 962 et
851 920 902 961 ad
943 918 1176 973 implendas.
1211 917 1353 973 populi
1391 929 1514 962 aures
1552 916 1680 960 latum

136 1001 228 1038 met
256 1008 423 1038 sonans.
473 996 636 1037 Clamor
664 1007 874 1048 vocesque
904 994 1033 1048 vulgi,
1066 1007 1118 1036 ex
1148 1005 1265 1036 more
1282 992 1494 1046 adulandi,
1525 991 1681 1038 nimiae

187 1075 227 1112 et
256 1071 398 1112 falsae.
460 1071 584 1119 Quasi
615 1070 857 1112 dictatorem
890 1070 1111 1111 Caesarem
1153 1073 1224 1111 aut
1260 1069 1556 1123 imperatorem
1585 1066 1680 1110 Au-

189 1148 349 1199 gustum
386 1149 754 1198 prosequerentur,
796 1145 850 1185 ita
891 1144 1038 1186 studiis
1079 1144 1274 1198 *votisque
1316 1143 1554 1196 certabant3
1599 1155 1679 1188 nec

186 1223 295 1261 metu
325 1223 392 1260 aut
421 1231 583 1271 amore,
616 1219 690 1260 sed
724 1232 776 1260 ex
806 1218 979 1259 libidine
1010 1219 1187 1271 servitii,
1219 1222 1264 1259 ut
1294 1218 1336 1260 in
1369 1217 1554 1271 familiis,
1585 1217 1679 1272 pri-

181 1297 273 1334 vata
305 1293 451 1346 cuique
482 1293 701 1334 stimulatio
735 1298 775 1334 et
804 1293 888 1335 vile
919 1293 1002 1334 iam
1034 1293 1163 1335 decus
1194 1292 1418 1346 publicum.
1459 1291 1677 1340 Profectus

131 1372 167 1401 ¹⁵
182 1367 285 1408 Otho
328 1368 503 1421 quietem
541 1368 656 1410 urbis
704 1380 907 1422 curasque
948 1368 1110 1422 imperii
1152 1367 1292 1412 Salvio
1341 1367 1504 1414 Titiano
1557 1366 1677 1413 tratri

179 1442 379 1495 permisit.

315 1579 347 1613 7.
374 1579 489 1623 yaleri
515 1585 599 1621 ab:
627 1579 655 1614 G
685 1586 728 1622 et,
755 1580 790 1613 in
821 1580 982 1625 margine
1008 1579 1125 1626 galeri
1186 1580 1221 1615 9.
1252 1586 1284 1614 et
1310 1583 1393 1614 ante
1420 1579 1468 1613 ad
1492 1588 1550 1613 om
1578 1583 1671 1618 alo:

178 1627 275 1661 adest
304 1627 339 1659 in
372 1627 410 1661 G.
506 1629 625 1675 populi
665 1640 770 1662 aures
801 1628 934 1666 AabG
968 1634 1004 1663 et
1035 1629 1283 1663 Oxonienses:
1327 1640 1432 1662 aures
1464 1627 1507 1663 R.
1613 1630 1670 1662 14.

176 1676 362 1710 stimulatio
389 1676 417 1710 R
447 1681 481 1710 et
507 1676 742 1711 Puteolanus:
769 1677 944 1711 simulatio
972 1677 1101 1721 abCG
1127 1683 1163 1712 et
1189 1677 1426 1712 Oxonienses.
1529 1676 1584 1712 15.
1612 1682 1672 1710 ta-

179 1725 273 1763 tiano
299 1729 344 1760 b.
423 1724 477 1759 16.
503 1726 660 1759 Cornelii
695 1726 804 1759 Taciti
828 1726 918 1760 liber
944 1726 1063 1761 XVII.
1093 1726 1234 1772 explicit
1259 1727 1383 1772 incipit
1407 1725 1550 1761 XVIII.
1576 1731 1671 1763 ab:

176 1772 303 1811 librum
330 1773 343 1805 l
371 1778 405 1806 et
431 1773 462 1806 ll
491 1773 721 1808 Historiarum
749 1784 819 1808 uno
847 1775 986 1809 decimo
1015 1776 1169 1819 septimo
1206 1775 1460 1820 complectitur
1492 1774 1540 1820 G,
1576 1773 1672 1809 unde

176 1825 274 1864 patet
300 1826 359 1854 aut
384 1821 478 1855 hunc
504 1827 563 1856 aut
589 1823 769 1868 exemplar
795 1825 872 1858 eius
904 1835 948 1858 ex
975 1822 1027 1858 Ma
1055 1826 1122 1858 iam
1150 1824 1277 1858 mutilo
1303 1824 1521 1869 descriptum
1546 1834 1640 1859 esso.

181 1973 248 2007 que
274 1964 463 2008 editorum,
506 1966 565 2010 qui
603 1978 646 2000 cx
672 1967 809 2002 duobus
836 1968 885 2005 li-
955 1968 1042 2002 velle
1071 1969 1200 2017 optima
1227 1969 1417 2008 crederes.-
1443 1970 1585 2015 “mmm
1609 1976 1669 2012 ta-

180 2011 251 2044 bris
276 2012 425 2057 vulgare
441 2014 565 2047 vitium
591 2026 654 2048 usu
668 2016 779 2049 sterili
801 2027 882 2050 sus-
953 2029 1031 2051 men
1057 2019 1183 2053 maior.
1239 2019 1331 2053 Nam
1362 2024 1395 2061 et
1427 2020 1525 2061 vocis
1553 2030 1670 2064 quan-

181 2065 362 2103 ceperunt.
404 2061 633 2097 Exactionem
661 2063 746 2097 dicit
771 2056 886 2109 pecu2
955 2072 1024 2099 tum
1059 2067 1097 2099 in
1133 2067 1230 2101 nullo
1274 2068 1424 2114 coynovi
1456 2059 1611 2114 felicitas
1637 2074 1670 2113 ct

180 2109 261 2141 niae
286 2109 480 2143 solvendae
506 2111 548 2145 ab
569 2113 796 2157 emptoribus,
825 2115 883 2159 qui
950 2116 1193 2160 pronuntiatio
1227 2116 1282 2151 vel
1323 2117 1438 2151 scenis
1477 2117 1670 2164 suffectura

179 2166 236 2190 res
262 2158 297 2189 in
321 2158 538 2192 sectionibus
564 2159 772 2195 Neronianis
815 2162 883 2196 sibi
954 2169 985 2197 et
1012 2164 1138 2207 decor,
1181 2166 1299 2199 omnia
1339 2165 1486 2213 deniqne
1520 2167 1553 2206 ei
1580 2171 1669 2211 quae

179 2211 401 2261 pepererant.
953 2218 1032 2246 sunt
1059 2219 1160 2247 extra
1185 2207 1446 2261 superfuerunt.
1486 2213 1550 2251 ΧΠ
1574 2214 1597 2250 5
1623 2215 1668 2250 5:

235 2253 368 2293 Galerii
392 2255 575 2297 Trachali.-
604 2264 774 2304 cognatus
795 2264 882 2302 erat,
954 2272 1029 2294 cum
1057 2262 1199 2305 diceret,
1232 2264 1384 2297 eminere
1411 2263 1506 2301 inter
1531 2274 1668 2309 aequa-

179 2306 275 2335 certe
302 2303 447 2347 gentilis
474 2306 575 2341 uxori
604 2307 750 2341 Vitellii.
784 2308 822 2341 H.
853 2308 883 2342 11
953 2309 1001 2342 les
1033 2310 1225 2345 Trachalus
1266 2311 1470 2350 videbatur:
1507 2322 1551 2349 ea
1584 2323 1668 2354 cor-

178 2348 243 2384 60:
277 2350 481 2391 Trachalum
502 2353 665 2389 adversus
686 2357 882 2390 criminant-
948 2359 1046 2402 ports
1060 2359 1252 2395 sublimitas
1281 2366 1370 2404 erat,
1395 2361 1428 2395 is
1453 2353 1565 2396 ardor
1580 2372 1668 2403 ocu-

179 2402 226 2429 tes
252 2398 397 2454 Galeria
429 2411 518 2433 uxor
559 2402 687 2437 Vitellii
717 2407 880 2449 protexit.
953 2406 1086 2451 lorum,
1122 2410 1252 2453 frontis
1293 2409 1511 2452 auctoritas,
1551 2415 1668 2456 gestus

179 2443 231 2477 De
259 2456 334 2478 eius
360 2449 504 2493 ingenio
532 2450 770 2490 Quintilianus
806 2453 835 2486 X
865 2455 879 2487 1
950 2458 1191 2500 praestantia,
1235 2469 1304 2492 vox
1330 2458 1466 2503 quidem
1499 2469 1590 2506 uon,
1630 2463 1668 2494 ul

183 2492 270 2526 119:
298 2502 398 2528 erant
415 2496 515 2529 clara
542 2504 573 2531 et
590 2510 701 2544 nuper
724 2501 880 2546 ingenia.
955 2503 1078 2538 Cicero
1106 2505 1301 2550 desiderat,
1336 2517 1450 2552 paene
1477 2505 1668 2552 trayoecto-

179 2539 270 2596 Nata
303 2548 334 2575 et
364 2543 553 2578 Trachalus
576 2546 774 2592 plerumque
801 2550 884 2583 sub-
955 2563 1050 2595 rum,
1090 2554 1151 2588 sed
1185 2567 1290 2600 super
1329 2565 1446 2593 omncs
1490 2565 1572 2600 quos
1604 2565 1666 2600 89⁰

178 2586 267 2623 lzmzs
292 2596 323 2623 et
348 2592 432 2625 satis
458 2599 596 2637 apertus
629 2597 706 2639 suit,
733 2603 763 2630 et
789 2609 885 2642 quem
955 2602 1088 2644 quidem
1114 2603 1288 2638 audierim
1315 2603 1512 2649 traqoedos.
