1768 3216
131 198 220 237 tc.
245 199 306 237 ω.
599 197 735 234 mmm
759 198 803 234 11.
858 197 946 234 cn.
971 197 1132 235 62-64.
1505 169 1518 174 ’
1565 195 1635 230 156

131 317 282 362 labella
312 320 453 362 audita
482 324 616 362 morte
647 320 822 363 Othonis
852 321 998 362 urbem
1027 320 1259 362 introierat.
1307 318 1353 360 ld
1387 317 1426 360 ei
1443 315 1633 359 Plancius

129 395 266 438 Varus
295 400 489 450 praetura
520 397 709 450 functus,
751 409 804 438 ex
844 397 997 438 intimis
1027 395 1271 438 Dolabellae
1302 393 1479 447 amicis,
1528 391 1637 449 apud

132 469 317 515 Fluvium
356 472 552 514 Sabinum
592 473 847 527 praefectum
887 473 1002 514 urbis
1044 472 1224 523 obiecit,
1273 475 1481 524 tamquam
1517 472 1637 523 rupta

89 547 96 550 ’
134 545 328 588 custodia
357 546 507 589 ducem
538 559 585 589 se
615 547 737 589 victis
767 548 953 602 partibus
986 550 1252 589 ostentasset.
1312 544 1488 586 Addidit
1526 547 1638 586 tem-

128 623 289 675 atatam
313 621 530 664 cohortem
563 635 670 677 quae
693 623 835 665 Ostiae
867 627 1040 678 ageret3
1071 634 1149 663 nec
1179 620 1274 663 ullis
1307 624 1514 662 tantorum
1546 619 1671 662 cri-⁵

132 696 288 738 ninum
315 698 657 751 probationibus,
705 700 746 740 in
786 699 1080 753 paenitentiam
1120 708 1269 738 versus
1300 709 1439 738 seram
1468 696 1636 736 veniam

131 775 228 826 post
256 771 396 813 scelus
427 773 667 826 quaerebat.
730 774 1003 814 Cunctantem
1046 784 1171 826 super
1208 776 1324 813 tanta
1361 783 1410 813 re
1452 770 1636 812 Flavium

70 845 329 888 aSannu‘m
373 846 535 888 Triaria
572 848 689 889 Lucii
730 847 884 889 Vitellii
929 859 1061 898 uxor,
1105 846 1211 887 ultra
1255 846 1452 888 feminam
1499 846 1635 896 ferox,

131 920 301 973 terruit,
342 933 396 963 ne
434 922 622 976 periculo
662 922 864 977 principis
907 922 1058 964 samam
1101 922 1348 964 clementiae
1389 920 1635 962 adsectaret.

130 994 309 1038 Sabinus
333 1001 483 1051 suopte
511 998 684 1052 ingenio
716 998 851 1050 mitis,
882 998 953 1039 ubi
985 997 1166 1039 formido
1199 997 1467 1048 incessisset,
1501 994 1637 1037 facilis
1652 1007 1692 1036 io

131 1074 313 1123 mutatu,
356 1071 467 1114 etin
508 1072 647 1114 alieno
691 1073 934 1115 discrimine
976 1073 1057 1114 sibi
1087 1085 1280 1127 pavens,
1318 1070 1637 1131 ne-agllexasse

61 1143 370 1199 64videretur‚
410 1147 810 1209 impulit-“ruentem-
872 1149 1003 1203 Igitur
1044 1148 1257 1200 Vitellius,
1300 1151 1412 1188 metu
1450 1150 1491 1187 et
1519 1145 1635 1197 odio,

132 1220 244 1276 quod
273 1220 509 1264 Petroniam
538 1207 715 1264 uxorem
747 1224 837 1264 eius
871 1235 970 1265 mox
998 1222 1216 1265 Dolabella
1247 1223 1289 1263 in
1328 1220 1638 1262 matrimonium

131 1295 392 1349 accepisset,
422 1301 618 1339 vocatum
647 1310 724 1352 per
754 1298 977 1353 epistulaS,
1016 1298 1145 1340 vitata
1175 1297 1403 1339 Flaminiae
1435 1296 1528 1337 viae
1561 1290 1658 1337 ce-'

131 1368 347 1423 lebritate,
391 1371 615 1414 devertere
664 1373 942 1415 Interamnam
996 1377 1119 1427 atque
1165 1372 1222 1413 ibi
1275 1371 1453 1430 interfici
1504 1369 1693 1411 iussit.25

130 1442 320 1499 Longum
350 1439 802 1488 interfecffifi‘iri'sum:
844 1442 890 1488 in
914 1443 1077 1490 ‘itinere
1117 1460 1167 1490 ac
1199 1447 1375 1489 taberna
1402 1445 1637 1500 proiectum

131 1518 245 1561 humi
276 1520 502 1575 iugulavit,
544 1535 694 1578 magna
734 1535 828 1565 cum
868 1523 1027 1564 invidia
1066 1523 1165 1564 novi
1194 1522 1478 1576 principatus,
1522 1520 1639 1561 cuius

132 1592 215 1635 hoc
237 1595 412 1649 primum
443 1597 658 1651 specimen
688 1599 954 1640 noscebatur.
1008 1598 1059 1639 Et
1091 1597 1280 1639 Triariae
1312 1596 1523 1638 licentiam
1542 1606 1638 1636 mo-

1034 1732 1069 1766 6.
1094 1742 1176 1777 pen.
1204 1729 1270 1765 Ma.
1345 1740 1462 1763 seram
1488 1727 1554 1772 Ma,
1583 1740 1641 1763 se-

270 1729 304 1764 4.
332 1735 500 1776 temptata
528 1730 592 1765 Ma.
670 1734 702 1767 5.
730 1732 865 1766 hostiae
893 1731 957 1766 itta.

1018 1786 1205 1814 cunctante
1231 1784 1475 1826 supertenlare
1501 1780 1536 1824 ll.
1565 1776 1638 1812 Ma:

134 1777 287 1811 cunilam
315 1777 342 1812 G
369 1783 405 1812 et
430 1779 506 1813 atii.
634 1781 666 1814 7.
710 1793 806 1826 quer.
835 1780 902 1815 Ma.

134 1831 334 1860 correctum
361 1828 454 1861 inest
483 1827 522 1862 G.
647 1829 682 1864 8.
714 1831 755 1864 1..
786 1830 852 1864 Ma.
975 1829 1008 1864 9.
1036 1832 1097 1876 ne]
1127 1841 1144 1862 e
1171 1828 1281 1863 Gaia:
1309 1832 1507 1862 correctum
1536 1828 1570 1860 in
1599 1827 1640 1860 R.

133 1875 332 1919 adfectant
357 1875 429 1909 Ma:
458 1878 628 1922 affectare
656 1878 684 1912 G
710 1883 746 1912 et
772 1878 847 1912 alii.
949 1880 1005 1914 10.
1042 1879 1189 1912 sarcinas
1215 1876 1279 1911 Ma.
1385 1878 1436 1910 12.
1471 1877 1544 1921 inp.
1574 1874 1640 1910 Ma.

136 1922 193 1959 14.
218 1923 317 1970 eplas
344 1935 424 1958 cum
451 1925 515 1959 lin.
543 1925 609 1960 ΜΒ.
727 1927 782 1962 15.
811 1927 1067 1962 Interamnium
1093 1926 1148 1961 Ma
1174 1937 1254 1960 cum
1278 1926 1489 1971 plerisque:
1518 1923 1639 1959 Inter-

133 1981 275 2006 mnan
300 1972 532 2008 Puteolanus.

136 2139 139 2141 -
205 2096 357 2139 terruit,
395 2108 441 2130 ue
467 2120 511 2126 -
539 2098 759 2143 adfectat-et.-
798 2100 846 2134 cf.

133 2143 175 2179 R.
205 2144 253 2178 111
274 2143 342 2180 42:
378 2156 424 2180 ne
451 2146 606 2180 Galliam
633 2153 761 2183 temere
787 2149 847 2182 in-

132 2193 356 2237 grederetur,
391 2195 563 2229 monendo
590 2198 728 2231 terruit.
781 2198 848 2231 Sa-

131 2239 239 2275 binus
273 2243 415 2287 accepit
448 2243 666 2278 delationem
687 2272 698 2287 ,
733 2257 849 2290 quae-

132 2289 286 2324 stionem
321 2291 480 2325 criminis
523 2293 693 2326 instruxit
731 2304 848 2338 eoque

131 2337 267 2383 impulse
292 2345 489 2383 ruentem,r
515 2340 550 2374 h.
581 2352 613 2375 e.
653 2341 849 2385 perniciem

134 2387 212 2419 eius
238 2389 440 2422 maturavit..

218 2434 304 2479 Cap.
341 2435 400 2471 64.
469 2437 670 2472 Petroniam
703 2449 850 2472 uxorem

133 2484 229 2518 eiua.-
257 2494 292 2518 v.
320 2485 468 2521 Sueton.
500 2486 623 2521 Vitell.
651 2487 687 2523 6.

206 2533 319 2566 onata
350 2533 549 2569 Flaminiae
583 2536 664 2570 viae
697 2536 848 2571 celebri-

133 2587 232 2617 σακε
276 2582 335 2615 via
374 2583 550 2618 Flaminia
586 2593 650 2628 per
684 2596 847 2630 campum

133 2629 295 2663 Martium
322 2629 421 2664 urbis
452 2642 523 2665 non
561 2633 687 2676 procul
716 2633 760 2667 ab
785 2634 848 2667 ln-

134 2682 292 2711 teranina
318 2687 382 2721 per
407 2678 575 2714 Umbriae
600 2681 732 2724 oppida
756 2682 848 2716 Nar-

133 2726 227 2758 niam
257 2723 362 2768 (hinc
386 2726 460 2761 alia
486 2732 523 2761 et
548 2729 663 2763 minus
695 2729 849 2765 celebris

133 2774 192 2807 via
219 2772 455 2809 Interamnam
482 2775 526 2810 ad
541 2775 700 2812 dextram
716 2777 847 2825 flexit),

133 2821 332 2856 Mevaniam
363 2833 475 2869 usque
500 2824 545 2858 ad
564 2823 698 2860 Fanum
713 2825 847 2863 Fortu..

132 2879 200 2906 nne
228 2873 264 2904 et·
290 2880 386 2906 mure
413 2871 527 2906 duxit.

203 2916 382 2954 devertere
406 2918 668 2955 rnammnam
695 2918 844 2956 formam

919 2101 989 2135 lac.
1035 2101 1217 2135 Gronovio
1251 2100 1392 2134 demum
1431 2098 1641 2145 relegatam,

918 2151 1073 2191 restitui,
1099 2150 1262 2195 quamvis
1289 2148 1472 2194 plerisque
1502 2147 1643 2182 codici-

918 2199 984 2232 bus
1010 2198 1302 2244 refragantibus:
1330 2197 1422 2230 hanc
1450 2197 1544 2230 enim
1570 2195 1640 2230 Ta-

920 2248 991 2280 cito
1019 2247 1202 2291 probatam
1229 2246 1342 2279 fuisse
1369 2255 1439 2278 non
1463 2245 1580 2278 sotum
1597 2255 1642 2278 ex

920 2295 961 2329 ll.
991 2295 1108 2330 1116!
1151 2300 1186 2327 et
1226 2295 1273 2328 63
1307 2293 1535 2327 manifestum
1574 2297 1640 2335 est,

920 2343 983 2377 sed
1020 2343 1114 2377 idem
1148 2344 1294 2389 gravior
1336 2347 1483 2383 auctor,
1527 2341 1642 2375 codex

921 2392 1103 2428 {ttediceus
1131 2393 1240 2436 prior,
1271 2390 1491 2434 comprobat,
1518 2391 1579 2434 qui
1605 2391 1640 2423 in

919 2441 1120 2474 Annalibus
1146 2440 1161 2474 1
1187 2440 1255 2482 79,
1295 2440 1372 2473 eius
1400 2439 1557 2473 civitatis
1582 2439 1641 2471 in-

920 2490 1018 2524 colas
1054 2489 1313 2524 Interamnates
1350 2487 1523 2532 appellat.
1581 2487 1641 2521 Sic

920 2540 1027 2573 etiam
1058 2538 1169 2572 Varro
1195 2538 1235 2572 L.
1249 2537 1290 2572 1..
1319 2537 1347 2570 V
1376 2537 1483 2579 §.28‚
1512 2535 1639 2569 Strabo

921 2588 951 2621 V
978 2589 1001 2622 2
1034 2588 1071 2628 §.
1103 2588 1166 2630 10,
1206 2586 1344 2621 Plinius
1369 2585 1416 2618 lll
1446 2585 1485 2619 17
1515 2589 1550 2617 et
1583 2584 1637 2624 19,

918 2635 1088 2670 xv11t67
1117 2637 1154 2677 §.
1170 2636 1205 2678 5,
1232 2634 1326 2668 tituli
1356 2633 1448 2677 apud
1464 2631 1637 2665 Orellinm

918 2684 1029 2719 Inscr.
1061 2683 1137 2718 Lat.
1174 2695 1207 2719 n.
1236 2683 1308 2718 689
1343 2687 1378 2714 et
1406 2681 1514 2714 3773.
1572 2679 1635 2712 In-

918 2734 1128 2767 teramnium
1163 2733 1253 2766 Latii
1288 2731 1414 2762 civitas
1458 2727 1550 2769 fuit,
1592 2727 1635 2760 ad

917 2781 1007 2815 Liris
1036 2781 1147 2814 etalii
1173 2780 1287 2813 amnis
1306 2776 1526 2810 confluentes
1553 2777 1634 2818 sita,

917 2829 961 2864 de
988 2838 1055 2874 qna
1083 2828 1209 2863 Strabo
1242 2827 1271 2860 V
1300 2827 1323 2860 3
1349 2827 1385 2868 ὃ.
1412 2824 1446 2859 9.

973 2922 1070 2954 cuins
1095 2918 1161 2953 hoc
1189 2916 1339 2962 primum
1365 2914 1540 2959 specimen
1563 2924 1634 2948 no-

133 2966 376 3002 lateranum
423 2976 489 3012 pro
535 2966 782 3012 luter-unio,
824 2979 845 3004 a
914 2967 1096 3004 scebatur:
1125 2968 1172 3002 cf.
1201 2968 1322 2998 annot.
1350 2963 1394 2995 ad
1419 2960 1496 2996 16.
1554 2973 1556 2975 ’
