1768 3216
79 826 104 1015 l

90 1109 322 1160 19quan'ta.
347 1105 473 1148 futuri
503 1119 579 1161 spe
612 1110 693 1148 tam
724 1119 877 1163 magna
908 1107 1120 1150 tacuisset.

316 224 353 243 δ.

742 244 829 281 Car.
860 246 1014 283 18-19.

1574 244 1649 282 11⁶

149 372 288 417 coque
318 365 364 405 et
390 374 505 405 arma
534 365 577 405 et
605 373 737 418 equos
766 367 932 418 regunt,
964 363 1020 406 ita
1049 365 1224 417 repente
1250 361 1422 406 immisit
1437 365 1486 405 ut
1504 362 1652 406 obstu-

148 432 314 487 fpet'acti
343 433 503 487 hostes,
535 434 615 488 qui·
635 434 828 487 classem,
860 434 931 488 qui
960 434 1094 487 navis,
1127 434 1197 487 qui
1225 445 1342 477 mare
1363 433 1651 489 expectabant,

151 507 265 552 ..nihil
292 508 467 553 arduum
498 513 567 551 aut
596 509 794 551 invictum
825 509 1082 552 crediderint
1115 509 1179 551 sic
1209 509 1263 552 ad
1291 508 1445 552 bellum
1471 508 1653 551 venien-

149 583 280 629 uhu&

349 583 408 626 Ita
450 585 577 638 petita
618 597 723 639 pace
760 597 811 627 ac
851 584 990 627 dedita
1027 583 1163 627 insula
1207 583 1345 627 clarus
1385 596 1435 626 ac
1477 590 1654 638 magnus

150 657 307 701 lutheri
348 659 575 714 Agricola,
623 659 774 713 quippe
817 659 884 700 cui
929 659 1183 714 ingredienti
1216 658 1500 713 provinciam,
1542 656 1687 711 quods

150 735 317 787 tempus
348 733 420 776 alii
448 746 526 788 per
555 734 877 776 ostentationem
907 738 978 776 aut
1006 733 1240 776 officiorum
1270 733 1466 776 ambitum
1493 732 1653 775 nansi·-

151 811 274 862 gunt,
305 807 427 850 labor
452 812 494 849 et
515 807 744 862 periculum
763 808 1003 863 placuisset.

1048 809 1135 851 Nec
1156 807 1359 864 Agricola
1378 806 1655 862 prosperitate

156 893 299 924 rerum
329 882 372 925 in
397 882 623 924 vanitatem
650 895 768 935 usus,
800 883 1108 937 expeditionem
1139 887 1208 925 aut
1233 882 1454 924 victoriam
1478 880 1658 924 vocabat

150 956 297 1011 ,victos
325 956 608 999 continuisse:
638 969 693 998 ne
721 957 920 1000 laureatis
953 957 1118 1011 quidem
1148 960 1267 1012 gesta
1300 959 1547 1011 prosecutus
1578 958 1655 1016 est.

151 1029 244 1073 Sed
273 1030 366 1085 ipsa
409 1030 745 1073 dissimulatione
791 1032 927 1074 famae
967 1031 1119 1074 famam
1165 1031 1299 1084 auxit,
1345 1028 1655 1073 aestimantibus
1669 1042 1710 1074 io

1195 1106 1387 1149 Ceterum
1428 1104 1658 1149 animorum

156 1180 401 1235 provinciae
430 1181 614 1235 prudens
632 1213 644 1234 ‚
689 1181 893 1235 simulque
925 1182 1074 1223 doctus
1100 1193 1176 1236 per
1207 1181 1343 1223 aliena
1373 1181 1658 1234 experimenta

157 1265 303 1309 parum
329 1254 476 1308 profici
505 1255 648 1307 armis,
679 1255 717 1297 si
748 1256 925 1298 iniuriae
955 1260 1246 1310 sequerentur,
1277 1266 1425 1297 causas
1452 1253 1659 1296 bellorum

159 1329 302 1372 statuit
330 1329 543 1371 excidere.
604 1328 643 1370 A
674 1342 722 1371 se
752 1330 923 1384 suisque
966 1341 1088 1372 orsus
1119 1330 1294 1383 primum
1319 1329 1497 1371 *domum
1537 1339 1655 1369 suam

157 1404 350 1446 coercuit
360 1417 373 1454 3
417 1403 528 1457 quod
556 1403 767 1458 plerisque
797 1404 907 1446 haud
938 1404 1073 1446 minus
1103 1404 1277 1446 arduum
1308 1407 1373 1445 est
1400 1414 1523 1457 quam
1551 1411 1706 1455 pro-¹⁵

160 1477 344 1521 vinciam
374 1490 543 1533 regere.
603 1478 714 1520 Nihil
745 1490 822 1533 per
857 1478 1031 1522 libertos
1072 1490 1303 1534 servosque
1343 1477 1536 1532 publicae
1572 1475 1652 1529 rei,

258 1607 293 1644 2.
319 1610 422 1643 navis
447 1610 495 1644 Γ·
520 1619 632 1646 naues
657 1585 886 1643 Puteolanus.

960 1609 996 1644 4.
1019 1610 1131 1655 potita
1156 1611 1201 1644 A.
1262 1607 1297 1643 6.
1324 1613 1384 1642 aut
1408 1609 1441 1643 Γ
1463 1611 1500 1641 et
1524 1606 1658 1640 Puteo-

162 1655 292 1699 lanus:
319 1663 352 1690 et
375 1659 410 1692 A
435 1661 524 1703 (non
551 1659 658 1691 etiam
682 1657 914 1699 Puteolanus,
941 1661 980 1690 ut
1003 1658 1116 1692 refert
1140 1657 1289 1691 Wexius
1314 1667 1348 1701 p.
1368 1656 1391 1691 9
1416 1659 1538 1690 annot.
1607 1660 1657 1697 ].

162 1698 197 1740 9.
224 1707 285 1751 ne]
315 1716 382 1740 nec
406 1707 451 1741 Δ.

161 1752 402 1787 subnotatum.

161 1800 393 1836 Puteolanus.

163 1849 348 1885 teolanus:
374 1852 407 1886 Γ
427 1850 566 1885 liberos.

260 1951 359 1985 euius
408 1951 626 1996 possessione
677 1956 878 1986 revocatum

172 1997 357 2034 Paulinum
383 2020 427 2026 —
453 2000 664 2034 memoram':
689 2001 878 2045 praeposi-

168 2048 277 2082 tionis
301 2059 326 2081 α
352 2048 408 2081 vis
434 2048 529 2082 inest
554 2049 589 2082 in
628 2047 740 2082 verbo
772 2060 878 2083 revo-

167 2102 297 2141 catam,
323 2095 480 2142 ideoque
506 2095 584 2141 ipsa
609 2097 727 2140 potuit
751 2097 878 2131 abesse

164 2149 249 2179 ante
271 2145 370 2179 cneius
396 2146 626 2190 possessione.
662 2144 717 2179 Cf.
744 2143 760 2178 Ι
786 2147 821 2188 3,
848 2144 880 2179 11

164 2192 223 2228 69.
251 2193 293 2228 Η.
320 2191 353 2226 11
378 2193 449 2228 ¹79:
477 2194 587 2238 Syria
610 2204 772 2227 remeans
799 2193 879 2238 (Ti-

165 2243 252 2285 tus).
295 2240 434 2275 Nomen
456 2242 627 2286 possessio
655 2242 881 2285 (Besitznak-

164 2291 234 2334 me)
251 2289 286 2322 h.
314 2288 338 2322 l.
365 2289 498 2323 factum
526 2300 546 2323 a
567 2289 766 2334 possidere,
796 2290 820 2324 i.
847 2300 879 2323 e.

166 2358 342 2393 occupare
371 2357 443 2380 nou
480 2359 500 2382 a
533 2336 738 2393 possidere,
788 2348 882 2391 quod

167 2400 223 2429 est
248 2401 453 2441 occupatum
478 2402 608 2430 tenere.
637 2395 691 2429 Cf.
723 2394 766 2428 ad
786 2395 817 2428 ll
838 2395 881 2429 5·

164 2450 360 2490 promptam
394 2444 480 2488 ipsis
510 2445 781 2490 possessionem3
815 2453 882 2476 au-

167 2497 242 2528 not.
267 2492 313 2526 ad
338 2492 381 2527 Η.
408 2491 458 2526 ΙΙΙ
482 2492 517 2527 8.

261 2564 320 2609 qui
356 2562 502 2597 classem
544 2583 590 2589 —-
628 2561 879 2608 expectabant:

168 2610 308 2646 insulae
337 2611 494 2646 cultores
521 2621 584 2655 pro
613 2610 726 2644 classe
762 2614 878 2643 terre-

168 2664 277 2694 strem
331 2661 526 2694 exercitum
545 2684 555 2700 ,
605 2668 669 2702 pro
729 2657 879 2691 navibus

171 2709 324 2752 equites,
351 2717 414 2751 pro
440 2707 526 2740 mari
543 2711 671 2740 terram
691 2705 883 2739 videbant:

171 2765 251 2789 nam
283 2759 460 2800 tamquam
488 2760 582 2788 terra
609 2755 653 2787 iis
683 2764 880 2798 apparuere

171 2803 262 2837 vada
288 2803 417 2848 quibus
444 2802 670 2837 auxiliarium
696 2801 882 2836 lectissimi

171 2851 403 2886 accedebant.

268 2929 314 2951 ne
365 2916 536 2951 laurealis
597 2915 733 2960 quidem
784 2920 883 2961 qesta

170 2970 378 3014 prosecutus
403 2971 471 3002 est.-
514 2964 692 3000 laureatus
714 2962 882 3010 intellige

578 1708 633 1741 12.
662 1707 822 1763 exempla
846 1706 1087 1752 experimenta
1115 1708 1154 1748 Γ,
1180 1705 1243 1740 sed
1267 1715 1302 1739 v.
1330 1704 1491 1750 exempla
1513 1702 1659 1749 punctis

531 1755 587 1790 13.
614 1755 775 1788 incuriae
799 1757 882 1790 TA:
910 1755 1066 1788 correxit
1091 1753 1319 1788 Puteolanus.
1463 1753 1519 1787 14.
1541 1750 1662 1798 prin-6

462 1803 518 1837 15.
547 1804 717 1849 coercuit]
744 1805 869 1838 coera‘t
892 1803 1017 1837 vitium
1043 1802 1244 1837 Puteolani.

1329 1802 1384 1837 16.
1419 1800 1560 1835 libertos
1585 1799 1658 1833 Pu-

949 1950 1088 1985 litteras
1116 1950 1160 1985 ad
1184 1950 1383 1996 principem
1410 1947 1534 1995 (huius
1560 1947 1656 1981 enim

948 2000 1089 2045 legatus
1136 2003 1211 2034 erat
1261 2003 1381 2033 rector
1427 1995 1655 2041 Britanniae)

947 2049 1084 2082 missas.
1122 2046 1252 2082 11.111
1289 2047 1357 2081 77;
1389 2046 1463 2090 ipse
1498 2044 1659 2078 lauream

948 2102 1066 2142 gestae
1090 2107 1258 2142 prospere
1281 2096 1337 2129 rei
1361 2093 1409 2127 ad
1420 2095 1571 2139 fratrem
1586 2092 1657 2126 mi-

949 2146 1005 2179 sit.
1032 2144 1109 2178 liv.
1139 2145 1169 2178 V
1195 2143 1262 2180 28:
1289 2143 1428 2177 litterae
1447 2152 1471 2175 α
1486 2140 1657 2176 Postumio

951 2192 1136 2228 laureatae
1160 2197 1361 2237 sequuntur.

1026 2288 1111 2332 Cap.
1142 2288 1197 2323 19.
1229 2287 1379 2332 primum
1400 2285 1534 2319 domum
1559 2294 1659 2318 suant

952 2339 1130 2370 coin-cuit.-
1156 2334 1343 2368 Puteolani
1369 2334 1496 2366 vitium
1527 2333 1663 2379 (prima

952 2393 1015 2428 pro
1063 2384 1194 2429 primii)
1252 2380 1501 2415 assimilationi
1552 2379 1660 2414 debet

952 2432 1155 2475 originem,
1195 2432 1277 2463 dum
1317 2428 1524 2463 adverbium
1564 2432 1658 2462 tam-

951 2490 1056 2525 quam
1082 2480 1298 2513 adiectivum
1324 2489 1403 2512 cum
1428 2477 1573 2510 nomine
1593 2476 1658 2510 de-

952 2539 1043 2562 mum
1069 2538 1178 2572 prave
1204 2527 1375 2572 iungitur.
1406 2525 1460 2559 Ex
1475 2524 1659 2559 codicibus

950 2575 1103 2610 nondum
1143 2574 1331 2621 quidquam
1371 2578 1549 2608 enotatum
1592 2576 1657 2606 est.

951 2624 1103 2659 Primum
1150 2633 1354 2668 comparere
1407 2623 1443 2655 in
1501 2620 1659 2654 editione

950 2671 1175 2707 Francorum.
1202 2683 1233 2705 a.
1250 2672 1341 2706 1542
1356 2669 1562 2703 waltherus
1588 2676 1657 2700 no-

951 2722 1051 2755 tavit.
1078 2721 1130 2755 Ne
1160 2721 1239 2764 quis
1262 2719 1426 2752 abutatur
1450 2727 1481 2750 c.
1508 2714 1555 2749 24
1569 2725 1660 2749 nave

947 2770 1076 2815 prima,
1105 2768 1153 2802 ibi
1179 2771 1405 2811 prospectum
1434 2768 1500 2797 cst.

1023 2864 1114 2898 nihil
1134 2873 1200 2908 per
1216 2861 1358 2896 libertos
1373 2869 1555 2903 servosque
1570 2857 1661 2903 pub-

951 2910 1042 2946 licae
1056 2913 1128 2946 rei:
1140 2911 1239 2944 notio
1254 2908 1356 2944 verbi
1370 2919 1476 2954 agere
1490 2916 1662 2951 suppres-

951 2970 1001 3005 sa,
1032 2965 1070 2994 ut
1098 2958 1148 2994 lv
1173 2958 1232 2995 38.
1262 2958 1305 2994 Η.
1332 2956 1347 2991 1
1373 2956 1434 2993 84.
1462 2955 1501 2991 G.
1535 2954 1590 2990 19.
