1768 3216
124 223 174 257 40
737 217 1003 253 GERMANIAE

126 342 380 380 concretum.
424 335 522 379 Sine
553 337 765 388 apparatu,
798 332 890 374 sine
919 332 1214 374 blandimentis
1231 332 1439 386 expellunt
1456 331 1618 375 famem.

125 412 338 454 Adversus
370 409 479 451 sitim
511 420 595 450 non
628 407 774 449 eadem
806 407 1091 462 temperantia.
1153 406 1196 450 Si
1226 406 1451 449 indulseris
1480 406 1623 449 ebrie-

126 487 224 538 tati,
257 483 526 539 suggerendo
573 486 767 536 quantum
801 482 1133 537 concupiscunt,
1174 481 1283 523 haud
1335 482 1468 524 minus
1499 481 1622 524 facile

126 560 234 602 vitiis
267 571 388 613 quam
420 558 544 600 armis
577 557 811 605 vincentur.

95 653 116 681 5⁴
262 633 402 675 Genus
433 631 764 686 spectaculorum
798 642 921 672 unum
954 634 1076 685 atque
1107 631 1147 671 in
1181 630 1293 677 omni
1339 634 1462 672 coetu
1498 629 1622 672 idem.
1636 629 1695 670 24

127 707 234 750 Nudi
265 707 453 759 iuvenes,
488 706 639 760 quibus
671 705 712 747 id
746 705 950 747 ludicrum
983 710 1060 758 est,
1092 706 1200 747 inter
1231 704 1396 760 gladios
1427 717 1474 747 se
1504 708 1627 759 atque

128 783 301 824 infestas
335 782 515 823 frameas
542 781 647 823 saltu
680 780 849 822 iaciunt.
899 780 1153 822 Exercitatio
1186 783 1317 822 artem
1346 780 1521 834 paravit,
1554 791 1622 822 ars

131 857 359 907 decorem,
408 867 491 896 non
521 855 563 896 in
596 859 812 909 quaestum
843 858 981 896 tamen
1013 858 1082 896 aut
1125 853 1385 896 mercedem:
1441 853 1629 908 quamvis

132 930 303 973 audacis
333 930 533 972 lasciviae
563 930 741 984 pretium
773 933 836 971 est
865 928 1054 982 voluptas
1098 929 1386 982 spectantium.
1462 927 1624 981 Aleam‚

82 1025 118 1053 ¹0
133 1004 242 1059 quod
274 1005 440 1057 mirere,
471 1004 602 1046 sobrii
630 1005 738 1045 inter
767 1003 878 1045 seria
910 1007 1134 1055 exercent,
1168 1007 1279 1044 tanta
1308 1001 1499 1045 lucrandi
1529 1014 1631 1056 per-

133 1079 313 1120 dendive
342 1079 573 1120 temeritate
604 1083 670 1130 ut,
734 1091 825 1119 cum
857 1078 995 1119 omnia
1028 1078 1298 1129 defecerunt,
1346 1081 1532 1119 extremo
1581 1089 1631 1118 ac

133 1153 362 1195 novissimo
394 1153 503 1195 iactu
535 1153 586 1194 de
616 1153 808 1194 libertate
829 1165 878 1194 ac
900 1152 952 1194 de
975 1164 1154 1206 corpore
1178 1151 1442 1196 contendant.
1487 1150 1631 1192 Victus

134 1228 408 1270 voluntariam
439 1228 676 1270 servitutem
707 1227 813 1268 adit:
847 1226 1034 1280 quamvis
1055 1226 1261 1279 iuvenior,
1294 1225 1480 1280 quamvis
1498 1224 1630 1267 robu-

272 1382 306 1415 2.
332 1380 526 1414 incluta-eris
551 1390 727 1424 superscr.
754 1392 770 1415 s
797 1380 834 1415 P.
898 1380 933 1414 8.
963 1385 1116 1424 questum
1144 1379 1180 1414 P.

137 1429 330 1474 defecerint
371 1429 393 1461 Ρ
429 1434 464 1462 et
497 1427 720 1463 'l'uricensisz
763 1430 875 1463 ceteri
914 1429 1130 1474 defecerunt.

137 1479 247 1512 tacite
276 1477 427 1521 Lipsius.
506 1478 559 1512 13.
587 1478 755 1512 inuentor
781 1477 818 1512 P.

1242 1380 1276 1415 9.
1300 1379 1458 1425 precium
1483 1378 1520 1412 P.
1576 1378 1633 1413 11.

1257 1429 1312 1463 12.
1352 1438 1397 1462 ac
1434 1427 1490 1474 dc]
1525 1433 1558 1462 et
1594 1426 1635 1462 de

142 1615 196 1644 tus
222 1611 303 1644 dum
330 1615 513 1645 recentem
547 1609 658 1645 fer'ain
688 1611 854 1645 nomina-

141 1661 220 1702 vit,
256 1659 435 1693 diversum
475 1659 567 1703 apud
602 1669 685 1694 suos
719 1670 854 1694 morem

143 1710 332 1753 spectavit.
387 1707 441 1742 Of.
471 1708 607 1742 Horatii
635 1709 747 1743 Serm.
777 1708 806 1742 11
832 1708 856 1742 8

923 1611 1022 1645 tione
1049 1621 1141 1656 quae
1176 1611 1272 1645 inest
1307 1609 1468 1654 proximo
1504 1620 1540 1646 v.
1565 1621 1637 1657 pa-

924 1660 1028 1694 ravit.
1056 1659 1134 1693 Non
1163 1658 1245 1693 ideo
1272 1669 1311 1692 se
1338 1669 1546 1702 exercuere,
1577 1670 1637 1697 ιιι-,-

924 1714 1069 1754 temque
1097 1713 1133 1742 et
1153 1708 1319 1742 decorem
1345 1709 1571 1753 quaesivere,
1598 1713 1638 1742 ut

145 1757 186 1792 6:
229 1758 267 1789 in
293 1757 415 1802 primis
443 1755 607 1790 Lucanus
640 1768 728 1802 aper
768 1757 858 1804 (leni

143 1806 210 1850 fuit
237 1811 354 1839 austro
397 1810 538 1851 captus,
566 1811 602 1839 ut
629 1806 744 1840 aiebat
774 1817 857 1840 coe-

144 1865 213 1887 nae
237 1855 368 1902 pater).

215 1924 247 1957 si
271 1923 458 1958 indulseris
485 1945 530 1951 —
550 1925 760 1959 vincentur:
788 1924 870 1958 hoc,

144 1973 299 2016 scripsit,
313 1973 521 2017 respiciens
541 1975 655 2007 maius
671 1984 760 2018 opus
779 1983 857 2007 cum

148 2020 215 2053 hoc
243 2021 374 2066 exiguo
403 2021 508 2055 simul
535 2022 681 2062 editum,
709 2026 745 2055 et
761 2021 857 2067 quod

146 2067 196 2101 ibi
221 2068 283 2112 (H.
305 2059 358 2102 lV
386 2069 449 2113 79)
476 2069 640 2103 traditum
668 2081 688 2104 a
714 2081 753 2104 se
783 2074 859 2104 erat

148 2115 192 2149 de
212 2115 360 2150 cohorte
381 2116 604 2151 Chaucorum
620 2118 779 2152 lolbiaci
799 2119 859 2152 in-

148 2163 311 2207 terfecta,
342 2164 423 2198 dum
439 2165 528 2199 haec
545 2166 709 2212 indulget
737 2166 860 2200 ebrie-

148 2212 224 2254 tati,
253 2213 456 2256 exemplum
479 2219 662 2248 ostentans
690 2214 771 2248 aliis
791 2214 860 2248 du-

150 2260 250 2294 cibus
279 2261 496 2296 imitandum.
539 2262 647 2296 Aliud
674 2263 858 2296 ebrietatis

150 2308 403 2342 Germanorum
453 2311 654 2355 exemplum
702 2312 860 2345 narravit

149 2358 184 2390 in
211 2357 411 2391 Annalibus
439 2358 452 2392 Ι
478 2360 535 2394 50.

225 2451 309 2496 Cap.
340 2454 398 2488 24.
448 2455 535 2488 muli
570 2457 735 2490 iuvenes:
776 2456 863 2490 nudi

152 2499 187 2534 h.
218 2500 241 2534 1.
280 2503 339 2545 qni
367 2503 512 2548 cingulo
542 2509 676 2538 tantum
706 2505 861 2538 circum-

152 2547 223 2581 dati
245 2554 338 2583 sunt.
463 2552 581 2594 quibus
617 2554 655 2586 id
689 2552 862 2586 ludicrum

152 2602 224 2632 ests
265 2597 302 2630 id
326 2597 525 2632 subiectum
554 2605 625 2641 est,
664 2602 862 2644 respiciens

151 2646 245 2678 incer
271 2645 409 2690 gladios
435 2667 480 2672 —
506 2659 541 2681 se
565 2649 724 2690 iaciunt,
766 2648 862 2682 ludi-

155 2703 251 2726 crum
280 2695 475 2737 praedicati
503 2706 631 2730 nomen
676 2699 751 2741 (fu'r
776 2696 862 2730 wel-

154 2741 216 2774 che
255 2742 318 2776 das
355 2743 412 2776 ein
449 2744 546 2789 Spiet
583 2746 654 2790 ist).
708 2745 863 2790 Infestae

154 2790 312 2831 frameae
349 2788 449 2831 sunt
487 2803 634 2837 quarum
673 2803 862 2828 mucrones

155 2837 191 2870 in
219 2848 367 2883 corpora
393 2818 597 2875 saltantium
615 2842 742 2876 directi
768 2847 860 2876 sunt.

228 2920 298 2942 non
342 2913 380 2944 in
425 2918 601 2956 quaestum
650 2919 766 2956 tamen
803 2919 864 2948 aut

156 2958 368 2994 mercedem:
402 2959 490 2996 haec
520 2961 678 3007 pendent
717 2973 761 2997 ex
795 2972 864 2997 no-

925 1758 993 1802 ipsi
1027 1757 1166 1791 lucrum
1204 1757 1366 1790 facerent
1407 1761 1468 1791 aut
1511 1756 1554 1790 ab
1593 1758 1638 1791 iis

925 1807 985 1851 qui
1012 1816 1159 1840 munera
1181 1805 1329 1839 ederent
1353 1804 1519 1840 mercede
1547 1815 1637 1840 con-

925 1855 1153 1888 ducerentur.
1220 1853 1297 1888 Non
1345 1853 1438 1888 bene
1488 1853 1638 1888 offendit

926 1902 1180 1937 Doederlinius
1216 1907 1251 1936 et
1286 1903 1517 1947 transpositio
1552 1913 1639 1937 ver-

925 1952 1049 1985 borum
1088 1951 1131 1985 ab
1172 1953 1250 1996 ipso
1288 1951 1534 1985 commendata
1566 1961 1639 1985 non

927 1999 1161 2034 desideratur.
1216 1999 1437 2033 Contrarium
1475 2000 1637 2044 proximo

928 2049 1111 2082 enuntiato
1158 2048 1331 2091 effertur3
1385 2048 1434 2081 ibi
1484 2049 1640 2092 quamvis

927 2096 1059 2140 pendet
1095 2096 1138 2130 ab
1175 2095 1354 2130 adiectivo
1388 2098 1534 2130 nomine
1570 2107 1638 2130 au-

929 2145 1039 2179 dacis.

998 2216 1092 2249 inter
1120 2216 1235 2249 seria:
1270 2216 1364 2249 inter
1391 2226 1436 2249 ea
1461 2226 1552 2260 quae
1579 2226 1641 2250 se-

928 2264 980 2297 rio
1008 2268 1216 2307 tractantur,
1243 2263 1277 2297 h.
1297 2275 1328 2299 e.
1360 2268 1537 2309 tamquam
1566 2274 1661 2298 rem-

929 2313 1056 2346 seriam
1083 2317 1266 2347 exercent.

993 2394 1069 2417 cum
1083 2384 1202 2417 omnia
1220 2384 1442 2428 defecerunt:
1456 2385 1492 2418 in
1502 2384 1528 2418 P
1541 2385 1642 2430 defe-

930 2437 1021 2466 cerit
1036 2443 1081 2466 ex
1099 2431 1311 2476 compendio
1326 2432 1505 2476 defecerat
1518 2430 1643 2467 detor-

930 2485 1001 2513 tum
1022 2485 1096 2523 est3
1119 2480 1164 2513 cf.
1182 2491 1212 2514 c.
1231 2482 1275 2516 21
1293 2492 1371 2514 cum
1388 2482 1559 2526 defecere.
1586 2481 1642 2516 Ab

931 2528 998 2561 hac
1009 2527 1122 2561 forma
1133 2539 1227 2562 nunc
1237 2528 1408 2562 abstinuit
1418 2534 1565 2573 propter
1574 2540 1643 2564 vo-

931 2587 1007 2610 cem
1026 2576 1222 2620 proximam
1245 2587 1265 2610 a
1282 2576 1399 2611 vocali
1424 2577 1640 2612 inchoatam.

1007 2652 1180 2692 postremo
1219 2658 1263 2682 ac
1299 2648 1484 2683 novissimo
1522 2649 1640 2683 iactu.-

931 2700 1130 2739 postremus
1164 2700 1219 2730 est
1245 2697 1305 2742 qui
1334 2697 1465 2731 seriem
1495 2697 1641 2741 claudit,

930 2743 1023 2777 idem
1070 2745 1313 2788 novissimus,
1371 2750 1546 2791 quatenus
1599 2757 1644 2780 ex

931 2792 1094 2826 omnibus
1121 2803 1211 2826 unus
1240 2794 1413 2839 reliquus,

1002 2865 1156 2907 quamvis
1182 2865 1370 2899 iuvenior.-
1397 2866 1559 2911 quamvis
1586 2865 1645 2899 iu-

932 2915 1050 2955 venta,
1077 2912 1112 2946 h.
1141 2924 1172 2946 e.
1200 2914 1398 2948 iuventutis
1424 2914 1552 2959 vigore
1579 2915 1638 2949 vi-

932 2958 1102 3007 ribusque
1137 2962 1385 3007 praestantior.
1460 2960 1562 3005 Quod
1604 2965 1643 2996 ut
