1768 3216
163 223 238 259 824
718 220 779 255 DE
809 219 1035 256 ORATORIB
1043 221 1096 256 VS

166 350 308 379 eorum
340 337 401 378 vis
433 346 596 390 quoque
628 335 859 389 quotidiani
890 336 1112 388 sermonis,
1145 335 1269 377 foeda
1302 348 1352 376 ac
1375 334 1576 388 pudenda
1594 335 1663 377 vi-

165 414 218 454 tia
252 411 634 466 deprehendantur,
682 416 725 452 ut
753 412 948 466 ignorent
978 411 1119 466 leges,
1163 423 1241 452 nec
1283 414 1454 452 teneant
1493 415 1661 452 senatus

165 486 366 538 consulta,
399 486 462 527 ius
495 486 673 527 civitatis
704 486 813 527 ultro
847 486 1076 538 derideant,
1108 485 1339 539 sapientiae
1359 497 1461 527 vero
1484 485 1662 528 studium

164 564 204 601 et
232 564 454 614 praecepta
486 560 751 614 prudentium
780 560 944 614 penitus
976 559 1273 612 reformident,
1314 559 1356 600 in
1387 559 1662 614 paucissimos

133 647 311 676 ssensus
345 640 384 676 et
414 640 611 690 angustas
642 635 870 677 sententias
899 635 1119 677 detrudant
1149 635 1431 688 eloquentiam
1459 634 1573 676 velut
1588 647 1666 676 ex-

162 709 321 763 pulsam
353 722 486 764 regno
518 723 609 763 suo,
641 715 685 751 ut
715 722 821 764 quae
854 710 951 751 olim
993 711 1174 751 omnium
1203 710 1350 752 artium
1382 709 1549 752 domina
1569 709 1664 764 pul-

163 784 371 825 cherrimo
407 785 603 827 comitatu
634 789 806 839 pectora
838 785 1047 839 implebat,
1079 797 1190 826 nunc
1222 785 1470 826 circumcisa
1501 788 1542 826 et
1571 796 1665 825 am-

160 863 311 912 putata,
346 860 436 901 sine
471 864 681 914 apparatu,
715 861 806 901 sine
837 860 1012 913 honore,
1046 872 1178 914 paene
1209 860 1385 902 dixerim
1416 859 1508 901 sine
1540 859 1663 914 inge-

162 934 344 986 nuitate,
391 935 508 988 quasi
541 947 621 977 una
655 948 707 976 ex
736 935 1040 977 sordidissimis
1073 935 1259 977 artificiis
1293 935 1490 976 discatur.
1520 962 1523 964 -
1550 933 1664 988 Ergo

110 1007 269 1050 iohanc
297 1009 469 1062 primam
503 1014 545 1050 et
573 1011 840 1064 praecipuam
882 1022 1048 1051 causam
1089 1010 1270 1052 arbitror
1317 1021 1391 1051 cur
1429 1009 1470 1050 in
1510 1011 1664 1050 tantum

163 1084 213 1124 ab
247 1083 482 1137 eloquentia
519 1085 779 1138 antiquorum
813 1089 1024 1126 oratorum
1060 1084 1377 1127 recesserimus.
1454 1083 1497 1126 Si
1537 1087 1664 1125 testes

163 1158 478 1212 desiderantur,
521 1172 624 1212 quos
664 1160 850 1213 potiores
890 1160 1119 1201 nominabo
1163 1171 1284 1212 quam
1327 1158 1433 1212 apud
1477 1157 1663 1200 Graecos

160 1233 495 1285 Demosthenem,
531 1246 652 1287 quem
684 1234 1034 1276 studiosissimum
1066 1234 1246 1275 Platonis
1279 1232 1511 1274 auditorem
1533 1231 1665 1274 fuisse

162 1308 390 1348 memoriae
421 1307 626 1361 proditum
660 1308 757 1349 est?
787 1309 838 1350 Et
858 1309 1008 1350 Cicero
1041 1309 1120 1361 his,
1154 1313 1198 1350 ut
1232 1308 1395 1362 opinor,
1429 1306 1572 1348 verbis
1589 1319 1664 1347 re-

109 1381 253 1434 ¹⁵fert,
288 1382 485 1436 quidquid
516 1383 557 1423 in
587 1382 824 1437 eloquentia
855 1383 1057 1436 effecerit,
1090 1383 1131 1424 id
1163 1396 1210 1425 se
1239 1395 1325 1425 non
1354 1383 1566 1425 rhetorum
1586 1382 1663 1424 sed

286 1526 320 1560 2.
348 1535 414 1558 nec
441 1525 485 1558 P:
512 1524 624 1572 vulgo
650 1537 732 1559 non.
860 1527 895 1561 8.
917 1538 1007 1572 pene
1037 1526 1072 1560 P.
1159 1526 1193 1562 9.
1221 1537 1282 1572 eyo
1309 1525 1356 1559 P:
1383 1524 1410 1560 F
1435 1536 1530 1570 erqo.
1608 1525 1665 1560 10.

161 1572 353 1606 arbitratus
376 1575 414 1607 in
440 1579 573 1608 temtum
599 1574 635 1616 P,
664 1575 821 1608 arbitror
846 1576 884 1608 in
913 1581 1046 1609 tantum
1072 1575 1112 1618 F,
1140 1575 1319 1609 arbitror.-
1349 1585 1412 1608 cur
1437 1579 1571 1608 tantum
1598 1584 1666 1608 ve-

160 1626 255 1655 teres
283 1621 472 1656 editiones.
579 1624 632 1657 11.
656 1624 861 1657 recessimus
887 1623 923 1657 Ρ.
1023 1625 1078 1659 14.
1107 1623 1224 1658 uerbis
1254 1625 1376 1668 refert,
1404 1621 1566 1668 quicquid
1589 1621 1663 1656 FP:

160 1670 287 1714 verbis,
314 1671 476 1716 quicquid
501 1672 669 1716 antiquae
699 1672 888 1706 editiones.

232 1798 283 1831 vis
310 1809 440 1843 quoque
467 1799 663 1843 quotidiani
688 1800 877 1834 sermonis:
1019 1802 1073 1835 ius
1100 1802 1275 1838 civitatis.-
1299 1800 1554 1835 concinnitatis
1583 1810 1668 1847 gra-

158 1858 352 1880 sermonem
371 1848 610 1891 quotidianum
637 1849 723 1882 dicit
750 1849 878 1883 confa-

160 1895 377 1929 bulationem
405 1896 504 1930 nulla
530 1902 606 1931 arte
632 1897 782 1940 cultam,
817 1897 881 1931 sed

158 1943 393 1989 negligenter
423 1950 458 1978 et
485 1957 528 1979 ex
564 1950 725 1991 tempore
753 1946 880 1988 susam,

161 2002 247 2036 quas
284 1993 423 2035 fabulas
461 1996 605 2027 vocavit
647 2007 677 2028 c.
705 1997 737 2029 2.
793 1994 879 2028 Nam

159 2050 244 2071 usus
278 2040 494 2074 domesticus
533 2047 567 2075 et
604 2052 719 2076 sermo
758 2043 880 2087 quoti-

161 2087 284 2120 dianus
321 2089 511 2133 aliquando
562 2092 761 2135 exquisitus
805 2096 879 2132 est,

162 2136 301 2180 qualem
332 2136 458 2170 Cicero
496 2139 716 2181 praedicavit
748 2139 783 2171 in
811 2139 881 2172 ali-

161 2189 247 2229 quot
287 2184 432 2219 familiis
477 2187 593 2230 (Brut.
634 2199 663 2220 c.
693 2187 783 2233 58),
820 2186 880 2220 sed

160 2234 302 2276 saepius
333 2239 368 2267 et
395 2234 605 2280 plerumque
630 2236 708 2269 sine
735 2246 818 2269 cura
846 2239 880 2268 et

162 2281 273 2314 cultu.
337 2282 393 2317 Vis
431 2284 626 2326 quotidiani
650 2284 821 2317 sermonis
847 2283 882 2316 id

162 2334 216 2363 est
254 2330 348 2374 quod
389 2331 544 2365 efficitur
583 2333 665 2375 (der
706 2331 879 2378 Einfluss)

162 2378 368 2422 quotidiano
396 2391 574 2423 sermone,
602 2382 661 2426 qui
693 2385 789 2414 caret
807 2386 882 2414 arte

165 2431 200 2459 et
227 2433 365 2461 ornatu.
411 2429 580 2462 Nimirum
609 2430 692 2462 novi
721 2433 882 2463 oratores

163 2479 297 2507 tantum
327 2476 453 2509 absunt
479 2483 516 2510 ut
541 2478 728 2511 multarum
755 2479 882 2512 artium

164 2524 317 2557 scientia
344 2526 458 2558 ornati
485 2526 527 2559 de
555 2527 671 2559 causis
698 2526 884 2572 eleganter

165 2576 200 2604 et
227 2571 332 2606 docte
359 2573 489 2616 dicant,
517 2579 554 2606 ut
581 2574 779 2618 quotidiani
803 2585 883 2608 ser-

164 2622 278 2654 monis
308 2620 430 2655 habitu
466 2624 625 2655 contenti
662 2627 696 2656 et
722 2624 776 2656 usi
802 2623 883 2657 soe-

165 2669 207 2702 da
234 2670 322 2703 vitia
342 2672 574 2704 committant.
601 2670 769 2704 Editores
789 2681 884 2704 nunc

164 2718 253 2751 mire
280 2720 471 2762 suspiciosi
510 2724 545 2753 et
571 2719 701 2752 nodum
728 2720 763 2752 in
792 2720 884 2752 scir-

166 2776 210 2809 po
247 2772 460 2811 quaerentes
499 2768 598 2801 varia
638 2768 884 2808 coniecerunt,

166 2815 357 2849 Rhenanus
385 2818 470 2860 faex
495 2817 590 2861 (ipse
619 2816 762 2860 scripsit
787 2817 880 2862 fex),

168 2862 322 2896 Orellius
361 2866 477 2906 virus,
512 2863 765 2898 Doederlinius
790 2876 884 2905 usus,

166 2912 341 3007 {arctisicula
382 2924 513 2958 quoque
557 2914 772 2959 transposita
805 2917 886 2958 post

184 2971 222 2994 oe
249 2971 282 2995 a,

949 1851 998 1884 tia
1025 1850 1094 1884 hoc
1121 1852 1260 1895 posuit,
1288 1860 1359 1883 non
1387 1850 1442 1883 ius
1467 1848 1582 1892 civile,
1608 1850 1667 1882 in-

950 1904 1004 1933 ter
1029 1899 1092 1933 illa
1121 1905 1263 1934 senatus
1287 1898 1446 1934 consulta
1471 1902 1578 1943 atque
1604 1908 1667 1931 sa-

946 1949 1103 1994 pienciae
1128 1949 1287 1983 studium.
1323 1948 1456 1982 Civitas
1482 1957 1578 1980 nunc
1602 1955 1667 1991 pro

951 1997 1092 2031 civibus.

1018 2073 1211 2114 praecepta
1233 2060 1479 2112 ¹prudentium:
1509 2066 1668 2110 pruden-

950 2122 1004 2149 tes
1038 2117 1162 2160 accipe
1198 2117 1286 2148 iuris
1326 2115 1380 2159 (h.
1411 2126 1442 2148 e.
1479 2115 1566 2147 iuris
1593 2115 1668 2158 pri-

952 2165 1023 2197 vati
1052 2164 1111 2198 vel
1141 2163 1276 2207 civilis)
1306 2164 1507 2208 prudentes,
1530 2163 1589 2207 qui
1619 2161 1668 2196 li-

951 2213 1022 2246 bris
1039 2213 1143 2246 editis
1167 2210 1338 2245 formulas
1360 2212 1539 2246 actionum
1562 2220 1667 2255 prae-

951 2263 1194 2305 scripserant3
1223 2259 1372 2304 perinde
1398 2270 1568 2306 responsa
1579 2270 1669 2305 pru-

952 2310 1105 2344 dentium
1130 2309 1309 2343 dicuntur.

1026 2382 1126 2425 quasi
1158 2391 1232 2414 una
1262 2391 1305 2413 εει*
1329 2378 1575 2413 sordidissimis
1604 2389 1669 2411 ar-

953 2430 1088 2472 tificiis.-
1115 2428 1410 2474 quemadmodum
1445 2431 1549 2461 vetus
1589 2426 1669 2461 elo-

953 2479 1099 2522 quentia
1135 2478 1276 2511 domina
1321 2477 1390 2510 fuit
1428 2474 1669 2520 pulcherrimo

954 2527 1123 2559 comitatu
1147 2526 1312 2571 insignis,
1339 2526 1391 2558 sic
1418 2534 1512 2558 nova
1537 2523 1579 2557 ad
1603 2533 1670 2556 an-

954 2573 1060 2608 cillae
1087 2574 1209 2608 sordes
1237 2573 1379 2607 detrusa
1406 2577 1471 2606 est.
1514 2571 1583 2606 Sed
1608 2582 1669 2605 re-

952 2622 1037 2656 licta
1065 2623 1222 2669 imagine
1254 2631 1316 2666 pro
1346 2620 1488 2655 ancillis
1525 2620 1585 2654 vel
1610 2629 1670 2653 ar-

954 2671 1108 2705 tificibus
1151 2672 1270 2716 posuit
1300 2671 1377 2715 ipsa
1412 2668 1561 2703 artificia
1590 2670 1670 2712 (15-

950 2732 1066 2765 χνας,
1094 2718 1358 2764 Handwerhe),
1396 2719 1516 2764 imago
1551 2721 1670 2750 autem

954 2767 1023 2800 hoc
1055 2768 1182 2802 saltem
1212 2769 1350 2811 effecit,
1388 2771 1427 2800 ut
1454 2777 1529 2800 una
1555 2775 1670 2810 pone-

952 2821 1061 2859 retur,
1091 2827 1162 2850 non
1188 2828 1306 2851 unum.

1027 2911 1311 2944 studiosissimum
1340 2908 1496 2942 Platonis
1529 2907 1671 2940 audito-

954 2969 1027 2993 rem
1052 2960 1181 3004 suisse:
1222 2969 1265 2994 ea
1287 2958 1382 2995 fama
1407 2967 1471 3003 per
1499 2955 1670 3003 epistolas
