1768 3216
119 231 140 256 ι
166 218 208 255 G.
235 219 297 256 69.
624 218 757 253 LIBER
784 218 826 252 ΙΙ.
871 217 968 252 Car.
996 218 1153 254 24—27.

1552 220 1625 253 185

115 334 174 378 lio
203 334 525 390 trepidationem
556 335 694 387 auxit,
744 347 836 376 cum
883 334 1097 388 dispersos
1135 347 1215 376 nec
1256 345 1428 389 usquam
1459 334 1625 376 validos

115 423 250 466 pavor
278 410 526 466 fugientium
557 411 780 464 abriperet.
843 409 942 450 Orta
975 414 1016 451 et
1047 411 1088 450 in
1122 410 1271 451 castris
1302 409 1456 452 seditio
1469 394 1484 464 ,μ
1514 409 1625 464 quod

117 498 203 528 non
231 486 419 528 universi
446 486 713 527 ducerentur.
774 483 947 526 Vinctus
978 484 1213 538 praefectus
1246 489 1478 527 castrorum
1501 484 1627 527 Iulius

119 560 295 614 Gratus,
342 564 548 614 tamquam
582 559 699 602 fratri
731 559 837 614 apud
872 558 1079 602 Othonem
1112 560 1301 602 militanti
1342 560 1628 615 proditionem

118 639 280 691 ageret,
314 622 406 678 cu‘m
438 636 610 678 fratrem
642 636 747 689 eius,
781 636 925 677 lulium
957 636 1207 678 Frontonem
1235 636 1459 690 tribunum,
1490 635 1660 681 Otho-s

117 711 234 752 niani
281 711 357 753 sub
405 711 555 753 eodem
602 711 1068 767 crimine-‚vinxissent
1131 712 1324 753 Ceterum
1371 724 1420 754 ea
1470 712 1626 766 ubique

119 785 301 828 formido
333 786 409 828 fuit
439 787 547 841 apud
589 787 799 842 fugientes
840 790 1135 839 occursantes,
1186 787 1227 827 in
1270 787 1363 828 acie
1394 800 1469 841 pro
1501 787 1629 840 vallo,

118 865 163 903 ut
192 861 324 903 deleri
366 873 459 903 cum
492 862 688 903 universo
721 862 908 903 exercitu
940 861 1162 902 Caecinam
1194 862 1405 915 potuisse,
1447 863 1490 903 ni
1522 863 1632 904 Suc-

118 937 264 979 tonius
287 936 481 979 Paulinus
509 937 697 991 receptui
730 937 978 989 cecinisset,
1022 936 1208 990 utrisque
1241 937 1282 977 in
1313 937 1499 990 partibus
1529 950 1632 992 per-

119 1012 363 1054 crebruerit.
424 1012 629 1054 Timuisse
668 1024 715 1053 se
746 1011 939 1053 Paulinus
979 1011 1139 1053 ferebat
1170 1015 1324 1053 tantum
1366 1012 1536 1067 insuper
1565 1012 1679 1054 la-m

118 1086 235 1128 boris
276 1091 399 1141 atque
438 1087 627 1138 itineris,
678 1098 731 1127 ne
771 1086 1015 1128 Vitellianus
1059 1086 1178 1128 miles
1220 1099 1370 1128 recens
1412 1101 1435 1129 e
1478 1087 1628 1128 castris

122 1161 260 1203 fessos
289 1162 594 1216 adgrederetur
627 1165 667 1203 et
695 1161 900 1215 perculsis
931 1161 1086 1203 nullum
1117 1165 1232 1203 retro
1251 1162 1481 1204 subsidium
1506 1162 1628 1204 soret.

120 1235 241 1290 Apud
273 1249 432 1291 paucos
463 1250 514 1279 ea
546 1236 665 1278 ducis
697 1237 805 1278 ratio
836 1237 1034 1290 probata,
1079 1237 1121 1277 in
1161 1237 1311 1293 vulgus
1343 1237 1525 1279 adverso
1555 1251 1633 1279 ru-

122 1314 239 1355 more
270 1311 359 1354 suit.

255 1382 375 1429 Haud
405 1386 581 1440 perinde
613 1386 654 1427 id
687 1386 881 1428 damnum
899 1386 1147 1428 Vitellianos
1179 1387 1219 1427 in
1253 1391 1404 1428 metum
1438 1388 1686 1442 compulitis

126 1474 249 1517 quam
287 1462 338 1504 ad
380 1461 629 1503 modestiam
670 1457 928 1516 composuit;
974 1474 1053 1503 nec
1084 1462 1218 1504 solum
1250 1463 1356 1517 apud
1390 1463 1631 1516 Caecinam,

121 1537 192 1592 qui
222 1537 385 1591 culpam
415 1537 458 1578 in
489 1536 658 1578 militem
692 1536 939 1578 conferebat
968 1537 1166 1578 seditioni
1197 1538 1331 1593 magis
1355 1535 1473 1592 q'uam
1502 1551 1634 1592 proe-

119 1612 178 1654 lio
206 1616 417 1667 paratum:
444 1611 560 1653 Fabii
592 1623 757 1665 quoque
776 1611 964 1652 Valentis
996 1612 1144 1664 copiae
1176 1612 1280 1664 (iam
1313 1613 1422 1654 enim
1442 1613 1630 1654 Ticinum

121 1692 318 1739 venerat)
357 1687 494 1741 posito
534 1687 716 1727 hostium
756 1690 993 1739 contemptu
1040 1690 1080 1727 et
1129 1687 1408 1740 recuperandi

51 1401 108 1439 2⁷

1463 1687 1632 1729 decoris

308 1814 342 1850 9.
367 1814 631 1860 percrebruerit
670 1813 892 1848 Beroaldus:
942 1814 1166 1859 percrebruit
1195 1812 1248 1848 Ma
1265 1841 1274 1855 ‚

123 1874 195 1910 quo
219 1876 249 1898 r·
266 1860 459 1911 ascriptum
485 1873 592 1907 supra
622 1863 652 1896 b.
724 1864 779 1897 11.
804 1868 907 1906 atque
934 1862 1035 1896 Gbla:
1062 1875 1107 1896 ac
1133 1862 1173 1896 B.

123 1913 152 1948 G
172 1912 359 1959 perculsis.
449 1913 504 1946 13.
536 1910 627 1956 woly.
655 1910 715 1947 Or.
798 1911 1026 1945 adversorum
1052 1923 1113 1945 ore
1139 1911 1204 1945 Ma.

123 1961 275 1997 caudato
301 1961 482 2009 (proinde)
509 1958 590 1994 Ma:
618 1959 646 1994 G
669 1960 831 2007 perinde.
953 1960 991 1994 id
1016 1958 1111 2003 GM³‚
1140 1970 1197 1993 om
1222 1959 1264 1994 B.

123 2009 190 2046 Ma.

1310 1815 1511 1860 percrebuit
1530 1814 1570 1856 G,
1596 1816 1633 1849 111

1240 1865 1295 1898 12.
1323 1863 1531 1908 periculosis
1556 1862 1633 1898 Ma:

1290 1912 1344 1947 15.
1372 1913 1480 1958 pindo
1506 1923 1586 1946 cum
1610 1924 1635 1958 p

1386 1961 1441 1996 19.
1469 1962 1637 1996 13011ιὲ11111

123 2116 179 2150 nis
202 2125 266 2161 pro
281 2114 423 2163 leyionu
447 2119 483 2150 et
502 2114 593 2149 haec
618 2125 682 2160 pro
701 2114 844 2161 leyiomi

124 2169 275 2209 accepta
301 2169 367 2199 est.

196 2225 263 2247 rea:
286 2213 515 2259 Epiphanes.-
564 2217 618 2247 est
645 2211 743 2248 filius
767 2212 847 2246 An-

124 2261 239 2300 tiochi
260 2263 358 2308 regis
368 2260 704 2306 Commagenomm,
721 2260 766 2294 de
777 2270 848 2306 quo

126 2312 163 2344 in
189 2315 311 2347 annot.
340 2309 385 2343 ad
411 2309 473 2343 xu
500 2310 559 2350 55,
586 2310 732 2343 Romam
759 2310 849 2342 mis-

127 2368 188 2393 sus
213 2369 234 2393 a
257 2363 359 2403 patre
385 2368 493 2392 causa
518 2357 623 2391 nobis
646 2358 845 2404 incognita.

127 2407 207 2441 Rex
246 2406 353 2452 stirps
395 2407 496 2452 regia
534 2407 641 2440 etiam
680 2406 723 2440 H.
769 2406 798 2439 V
823 2405 846 2439 9

128 2454 303 2498 Pacorus,
341 2454 469 2490 Orodis
495 2455 705 2489 Parthorum
748 2455 846 2500 regis

81 2534 86 2539 .
128 2503 236 2539 filins.
280 2503 493 2549 Epiphanes
533 2508 569 2538 et
593 2504 705 2538 frater
731 2502 846 2537 Calli-

128 2553 232 2588 nicus
258 2552 476 2596 311111113111111·
500 2553 538 2586 111
565 2562 708 2586 nummo
735 2551 845 2585 Com-

114 2603 363 2647 'magenorum
403 2603 457 2646 (v.
484 2599 624 2635 Eckhel
659 2601 701 2635 D.
730 2600 772 2634 N.
797 2600 847 2634 ΙΙΙ

129 2659 165 2693 11.
192 2649 289 2691 258,
324 2650 483 2683 Visconti
518 2648 683 2696 lconogr.
716 2649 773 2684 Gr.
798 2648 846 2682 111

131 2706 167 2740 p.
197 2696 272 2743 16)·
303 2707 382 2730 311111
421 2698 655 2741 inscriptione
695 2701 847 2734 ΒΑΣΙ-

132 2746 302 2780 ΛΕΩΣΙ
337 2746 471 2785 ῩΙΟΙ,
510 2746 547 2778 111
590 2757 716 2780 aversa
748 2751 848 2791 parte

132 2795 169 2828 K
173 2794 530 2829 ΟΜΜΛΓΗΝΩΝ.
619 2825 622 2828 .

205 2839 292 2886 Cap.
305 2841 363 2882 26,
391 2847 566 2886 tamquam
578 2843 689 2886 fratri
703 2865 747 2871 -
760 2855 849 2888 pro-

134 2890 298 2924 ditionem
307 2896 427 2936 ayeret
436 2902 446 2923 .·
476 2891 728 2934 interpretatur
742 2890 849 2925 Orel-

134 2938 204 2972 lius
225 2938 320 2972 ‘cum
346 2938 455 2973 fratre
483 2939 527 2973 de
547 2939 750 2983 proditione
764 2951 848 2986 aye-

133 2989 213 3022 ret‘.
266 2987 377 3022 Immo
403 2987 539 3022 locutio
566 2992 706 3032 sumpta
724 2993 779 3023 est
804 2988 849 3022 de

915 2125 1036 2157 scena,
1064 2114 1124 2148 ubi
1141 2114 1331 2158 primarum
1347 2115 1498 2158 partium
1522 2115 1635 2149 actori

917 2163 1008 2197 alter
1034 2162 1209 2197 secundas
1235 2164 1343 2209 agit„
1378 2163 1469 2197 alius
1499 2165 1635 2207 tertias,

917 2217 1025 2257 atque
1052 2213 1129 2255 ipsa
1154 2211 1310 2255 proditio
1330 2211 1373 2244 ‘in
1391 2213 1540 2258 gratiam
1559 2213 1636 2246 fra-

918 2262 980 2294 tris
1022 2265 1191 2304 suscepta
1232 2271 1253 2294 a
1288 2260 1489 2294 Vitellianis
1528 2260 1635 2295 Grato

918 2309 1098 2343 obiicitur.

992 2358 1087 2404 apud
1110 2357 1284 2402 sapientes
1318 2362 1564 2399 occursantes,
1597 2357 1637 2390 in

916 2407 995 2440 acie
1016 2418 1083 2452 pro
1109 2405 1227 2439 vallo:
1262 2405 1308 2440 de
1348 2406 1441 2439 binis
1467 2405 1635 2439 membris

918 2455 1136 2494 α’συνδέτως
1161 2455 1474 2499 compositis.vid.
1512 2459 1634 2488 annot.

916 2504 960 2538 ad
984 2503 1033 2546 XI
1057 2503 1093 2539 6.

987 2558 1122 2586 tantum
1160 2552 1306 2598 insuper
1348 2552 1483 2586 laboris
1533 2556 1637 2595 atque

915 2602 1079 2635 itineris:
1107 2601 1194 2635 dicit
1220 2600 1379 2635 laborem
1398 2599 1543 2634 delendi
1572 2610 1637 2632 ce-

917 2654 1014 2684 teros
1049 2651 1086 2684 111
1113 2650 1276 2684 exercitu
1305 2649 1503 2683 Vitelliano
1542 2656 1636 2680 non-

918 2698 999 2732 dum
1034 2701 1071 2732 in
1105 2698 1282 2742 proelium
1315 2697 1463 2731 eductos
1501 2700 1535 2730 et
1568 2696 1637 2728 iter

918 2757 1032 2792 usque
1066 2746 1123 2787 311.
1145 2752 1261 2781 castra
1287 2744 1467 2779 Caecinae
1504 2743 1635 2778 emeti-

920 2795 1063 2829 endum.

991 2842 1077 2886 Cap.
1108 2843 1167 2877 27.
1221 2841 1317 2875 haud
1350 2840 1498 2886 perinde
1532 2850 1634 2885 sqq.:

919 2896 1001 2935 apto
1028 2892 1180 2923 transitu
1206 2889 1298 2923 redit
1325 2889 1369 2923 ad
1401 2888 1551 2923 alterum
1568 2899 1636 2922 ex-

920 2940 1068 2974 ercitum
1100 2949 1121 2971 a
1150 2938 1304 2972 Valente
1330 2939 1368 2971 in
1399 2937 1537 2972 ltaliam
1565 2935 1635 2970 du·-

919 2992 1026 3031 ctum,
1053 2987 1269 3021 narrationis
1295 2991 1502 3022 contextum
1520 2986 1635 3031 primo
