1768 3216
92 2300 97 2303 '
120 2288 297 2334 (Speyer)
309 2314 320 2330 ‚

707 248 794 285 Cn.
823 247 979 287 28--22

1550 250 1600 283 Q

109 349 176 409 11³0
203 365 300 409 Ubii
329 366 496 422 quidem
512 399 525 420 ,
568 379 815 422 quamquam
845 367 1030 409 Romana
1061 366 1225 409 colonia
1251 362 1348 408 esse
1373 365 1601 411 meruerint

109 427 161 483 ac
180 441 386 484 'libentius
416 441 749 500 Agrippinenses
792 442 1024 483 conditoris
1065 442 1130 483 sui
1168 441 1337 483 nomine
1380 445 1599 493 vocentur,

109 511 277 572 origine
305 516 571 568 erubescunt,
602 517 857 571 transgressi
888 516 984 557 olim
1005 520 1046 557 et
1066 517 1348 570 experimento
1365 515 1462 558 fidei
1478 527 1604 570 super

109 591 241 647 ipsam
267 588 403 634 Rheni
428 589 559 644 ripam
576 590 784 643 collocati,
815 595 859 632 ut
879 595 1087 643 arcerent,
1116 602 1201 632 non
1216 593 1261 631 ιιῑ
1277 590 1600 632 custodirentur.

246 664 436 707 Omnium
473 664 619 706 barum
660 665 845 720 gentium
887 666 1039 706 virtute
1079 665 1293 718 praecipui
1331 664 1474 706 Batavi
1518 675 1636 707 nons

109 737 279 782 multum
309 751 363 781 ex
391 739 503 793 ripa,
535 739 609 780 sed
642 739 818 780 insulam
848 738 982 780 Rheni
1008 739 1142 781 amnis
1170 738 1331 791 colunt,
1363 738 1604 780 Chattorum

111 812 320 867 quondam
351 813 527 867 populus
558 817 600 855 et
630 814 840 855 seditione
870 814 1101 855 domestica
1132 814 1279 862 ineas
1309 813 1433 855 sedes
1463 817 1606 855 trans—

109 898 300 942 gressus,
333 887 375 928 in
406 887 555 941 quibus
586 900 683 942 pars
698 888 877 929 Romani
907 888 1071 941 imperii
1100 887 1259 930 fierent.
1304 888 1442 930 Manet
1469 887 1606 928 honos

108 965 152 1003 et
176 961 373 1017 autiquae
401 962 618 1004 societatis
649 960 839 1017 insigne:
878 974 974 1003 nam
1014 973 1094 1003 nec
1122 962 1288 1003 tfibutis
1329 965 1608 1003 contemnun-

248 1127 280 1161 1.
313 1127 414 1161 nubis·
438 1126 464 1160 P
490 1126 655 1172 (litterae
680 1138 705 1160 n
728 1137 906 1172 superscr.
934 1126 957 1160 1·
981 1126 1025 1160 ab
1052 1126 1098 1161 al.
1126 1129 1272 1173 manu):
1301 1137 1346 1160 ne
1376 1126 1453 1160 Ubii
1478 1125 1610 1161 Grute-

110 1184 192 1218 rus,
225 1179 309 1210 ante
348 1186 456 1221 quem
492 1180 570 1210 erat
615 1174 707 1219 Ubii..
814 1176 849 1210 6.

112 1223 318 1258 Chattorum
346 1229 382 1259 et
409 1223 612 1259 Chatorum.

121 1369 251 1415 ταμοῦ
279 1368 523 1416 Νεμὴῐων
567 1370 641 1416 μὲν
676 1368 829 1404 Νοιό-

114 1417 482 1472 μαγος(8ρεγει·),
504 1417 828 1464 Ῥουφινίανα

113 1464 275 1511 (Rutnch
300 1466 338 1498 in
362 1464 541 1511 Alema),
582 1466 642 1500 Οὔ
657 1479 718 1511 ay
726 1480 749 1511 y
763 1466 827 1501 ao·-

112 1527 221 1551 νων
277 1513 321 1549 δὲ
377 1516 830 1573 Βορβητόμαγος

113 1562 339 1607 (worma),
391 1562 827 1609 Ἀργεντόρατον

115 1609 370 1668 (strasburg),
407 1613 563 1657 4εγίων
597 1610 616 1655 ἧ
643 1611 827 1656 Σεβαστή,

116 1657 403 1706 Τριβόκκων
444 1659 485 1694 δὲ
527 1659 828 1706 Βρευκόμα-

113 1721 174 1754 yo
192 1721 210 1747 ς
245 1706 389 1752 (Brumt
414 1707 495 1740 sive
519 1706 665 1740 Brumat
690 1713 828 1752 septem

112 1761 248 1800 octove
282 1754 462 1789 milliariis
496 1755 643 1790 Gallicis
679 1756 724 1790 ab
758 1756 828 1790 Ar-

115 1808 306 1850 gentorato
332 1803 516 1838 meridiem
541 1808 712 1850 versus),
743 1805 830 1840 Ἐλ-

115 1857 228 1899 κηβος
252 1851 359 1898 (En).
410 1852 449 1886 ln
486 1851 541 1886 his
570 1863 592 1886 a
621 1853 829 1888 Ptolemaeo

116 1902 218 1936 varie
245 1905 398 1935 erratum
423 1905 481 1934 est
495 1925 506 1942 ‚
543 1900 608 1934 sed
624 1936 628 1938 ,
646 1901 683 1935 id
710 1906 829 1936 tamen

117 1961 163 1984 ex
188 1954 350 1984 veterum
379 1950 597 1983 testimoniis
631 1949 756 1984 videre
782 1950 831 1984 li-

119 2003 196 2042 cet,
233 1997 506 2043 allogontiaco
533 1998 718 2032 meridiem
744 2009 830 2032 ver-

117 2057 179 2081 sus
216 2047 315 2081 eunti
345 2047 383 2080 in
417 2047 560 2081 sinistra
586 2047 664 2080 sive
694 2046 831 2081 Gallica

117 2096 195 2140 ripa
217 2093 334 2130 Rheni
360 2095 492 2139 primos
510 2096 711 2130 occurrisse
734 2095 831 2129 Van-

116 2145 271 2190 qiam,
307 2153 454 2190 quorum
490 2145 618 2178 civitas
650 2143 830 2178 Borbeto-

116 2203 245 2238 magus
271 2193 472 2238 (ww-ms),
509 2189 580 2226 tium
612 2194 845 2227 successisse

119 2241 280 2274 Nemetes
324 2244 361 2274 et
402 2219 527 2274 urb’em
567 2239 829 2286 Noviomagum

363 2287 446 2322 dein
488 2288 674 2331 Tribocos,
720 2294 758 2322 ut
795 2290 829 2322 in

117 2334 230 2370 Taciti
265 2336 366 2370 libris
385 2362 395 2378 ,
431 2336 492 2370 vel
536 2336 718 2370 Triboccos
753 2338 830 2370 sive

125 2384 333 2419 Tribocchos
360 2383 594 2429 (Τνίὁοοῆοε),
620 2388 659 2416 ιιι
684 2384 728 2417 ab
750 2384 831 2417 aliis

118 2437 306 2476 vocantur,
334 2432 370 2465 in
381 2432 532 2476 Alsatia,
554 2433 705 2466 fortasse
724 2434 831 2466 etiam

118 2481 155 2515 in
181 2486 283 2526 parte
307 2480 581 2527 Letharingiae,
613 2480 805 2515 habitasse.

203 2564 248 2586 ne
279 2552 359 2587 Ubii
381 2553 517 2597 quidem
549 2574 593 2579 —
619 2554 831 2587 meruerint:

119 2600 200 2636 Ubii
227 2612 271 2635 ex
298 2601 422 2635 dextra
448 2601 564 2635 Rheni
597 2602 674 2644 ripa
707 2602 742 2633 in
779 2602 830 2634 si-

121 2651 268 2683 nistram
308 2659 327 2682 a
362 2649 406 2683 Μ.
439 2649 623 2694 Agrippa,
663 2658 756 2682 anno
793 2654 831 2681 ut

117 2697 262 2731 videtur
276 2697 358 2739 715,
385 2697 507 2739 locati,
535 2697 616 2730 dein
641 2697 831 2742 abAgrip-

118 2746 203 2790 pina
229 2744 370 2779 Claudii
396 2755 521 2786 uxore,
553 2745 696 2779 colonia
724 2749 829 2779 vete-

117 2803 283 2828 ranorum
323 2803 354 2826 a.
382 2792 430 2828 48
464 2804 485 2826 a
512 2792 595 2827 Chr.
632 2794 667 2826 in
697 2794 829 2827 civita-

120 2847 189 2876 tem
225 2841 395 2875 Ubiorum
430 2841 608 2882 deducta,
654 2841 829 2886 Agrippi-

119 2901 250 2925 nenses
276 2889 461 2934 appellati,
490 2889 533 2923 de
560 2899 630 2934 quo
658 2900 691 2923 v.
720 2889 829 2923 Taciti

119 2938 278 2974 Annales
297 2937 361 2972 ΧΠ
387 2938 432 2973 27
461 2948 539 2972 cum
566 2942 688 2971 nostra
713 2947 828 2972 anno-

119 2988 270 3024 tatione.
333 2985 372 3021 ln
406 2986 526 3022 verbis
561 2986 751 3021 conditoris
776 2986 831 3022 sui

890 1176 1071 1210 Caeterum
1106 1175 1151 1209 P:
1192 1186 1238 1209 ex
1275 1176 1406 1209 ceteris
1445 1175 1609 1221 plerique

897 1369 968 1414 (sui
992 1369 1103 1414 iungo
1128 1378 1207 1401 cum
1233 1368 1378 1403 nomine
1405 1368 1607 1412 conditoris,

896 1427 1015 1462 neque
1040 1417 1181 1460 accipio
1217 1427 1280 1460 pro
1315 1417 1488 1451 reflexivo
1521 1427 1608 1462 pro-

897 1467 1061 1511 nomine)
1106 1464 1270 1512 σφάλμα
1320 1467 1495 1500 narrantis
1532 1471 1608 1500 sta-

896 1518 999 1548 tuere
1016 1515 1232 1547 tutissimum
1247 1514 1335 1548 mihi
1352 1515 1506 1548 videtur.
1527 1515 1608 1548 Sci-

897 1562 984 1595 licet
1009 1562 1150 1596 Tacitus
1186 1572 1280 1596 nunc
1317 1562 1511 1608 Agrippam
1546 1563 1607 1607 qui

898 1609 1007 1644 Ubios
1040 1612 1077 1644 in
1106 1612 1283 1644 sinistram
1310 1613 1421 1655 ripam
1451 1616 1610 1644 transtu-

900 1658 969 1701 lit,
1021 1660 1244 1693 commiscuit
1292 1670 1370 1693 cum
1411 1660 1611 1706 Agrippina

897 1707 993 1741 unde
1025 1708 1310 1754 Agrippinenses
1348 1710 1467 1742 vocati
1506 1712 1609 1751 sun23

898 1755 1050 1799 posthac
1090 1758 1126 1789 in
1151 1756 1353 1790 Annalibus
1380 1757 1457 1800 ipse
1486 1767 1609 1790 verum

897 1805 1040 1838 interim
1068 1804 1289 1849 exploratum
1325 1810 1362 1839 et
1389 1810 1609 1849 compertum

898 1852 1054 1887 tradidit.

971 1922 1057 1967 Cap.
1087 1923 1146 1958 29.
1199 1924 1348 1958 Batavi.-
1385 1917 1480 1961 ‘confi
1520 1924 1609 1959 116.

898 1971 940 2004 fl.
969 1970 1017 2005 lv
1050 1971 1104 2005 12.
1178 1983 1250 2005 non
1274 1972 1415 2006 multum
1441 1984 1485 2006 ex
1508 1974 1612 2019 ripa:
1650 2006 1654 2011 ,

899 2019 985 2053 dicit
1022 2019 1104 2053 loca
1149 2020 1274 2054 Vahali
1307 2022 1400 2054 amni
1429 2026 1464 2055 et
1490 2021 1611 2055 Mosae

900 2068 1070 2102 Vahalem
1099 2069 1293 2113 excipienti
1323 2069 1366 2102 ad
1398 2075 1532 2114 partem
1558 2070 1612 2103 si-

900 2117 1047 2150 nistram
1075 2118 1247 2160 proxima.
1289 2116 1442 2151 Insulam
1471 2117 1610 2152 intelli-

902 2165 954 2210 git
981 2175 1073 2210 quae
1100 2166 1358 2199 circumfluitur
1384 2166 1508 2200 Vahali
1532 2166 1611 2200 Mo-

901 2223 1011 2258 saque
1053 2218 1089 2247 et
1122 2213 1248 2248 Rheno
1285 2213 1501 2247 fluminibus.
1555 2213 1609 2247 cf.

900 2261 1039 2295 Plinius
1073 2261 1118 2294 lv
1155 2262 1215 2296 29.
1269 2261 1495 2295 Ptolemaeus
1530 2261 1560 2295 ll
1588 2262 1611 2296 9

900 2311 936 2351 §.
964 2312 999 2343 4.
1100 2308 1305 2342 Chunorum
1337 2312 1509 2352 quondam
1543 2320 1611 2354 po-

896 2356 1023 2402 pulus.-
1068 2357 1183 2400 ipsum
1226 2356 1438 2391 Batavorum
1478 2368 1610 2391 nomeu

902 2415 946 2438 ex
983 2403 1191 2437 Chattorum
1240 2405 1415 2439 detortum
1469 2406 1611 2440 videtur

902 2463 994 2486 esse.
1045 2452 1118 2486 Alii
1147 2456 1380 2498 compositum
1414 2459 1538 2498 putant
1565 2465 1611 2488 ex

902 2502 960 2535 bat
986 2505 1022 2534 et
1047 2512 1135 2540 aue,
1181 2501 1215 2535 h.
1244 2513 1275 2536 e.
1302 2502 1431 2536 humile
1453 2509 1606 2549 pratum.

901 2549 1216 2594 Langobardorum
1269 2551 1430 2594 similes,
1484 2553 1609 2596 eisque

901 2598 1050 2642 perinde
1076 2604 1183 2643 atque
1211 2598 1267 2632 his
1300 2601 1401 2644 origo
1430 2610 1474 2632 ex
1501 2603 1609 2644 gente

901 2647 1111 2680 Suevorum.
1164 2646 1389 2692 Langobardi
1420 2648 1512 2680 enim
1539 2656 1609 2679 no-

899 2696 1022 2728 minati
1060 2701 1141 2728 sunt
1189 2706 1208 2728 a
1251 2696 1434 2738 promissis
1478 2694 1608 2737 barbis,

900 2748 1006 2788 atque
1035 2742 1171 2776 Chattis
1200 2748 1235 2776 et
1263 2743 1407 2776 Batavis
1433 2752 1508 2775 mos
1537 2743 1607 2776 cri-

899 2802 980 2824 nem
1015 2790 1230 2835 barbamque
1270 2791 1501 2833 submittere,
1540 2801 1608 2825 nec

900 2840 967 2872 nisi
992 2838 1094 2872 hoste
1122 2848 1227 2872 caeso
1260 2849 1413 2881 exuere3
1442 2849 1476 2873 v,
1505 2850 1536 2872 c.
1556 2840 1600 2874 31

901 2892 935 2920 et
962 2887 1002 2919 H.
1033 2887 1076 2920 lv
1101 2886 1160 2921 61.
1212 2886 1251 2919 ln
1293 2886 1437 2921 sedibus
1475 2887 1607 2921 virtute

898 2935 1008 2979 partis
1035 2934 1190 2969 Batavos
1216 2935 1285 2969 iam
1326 2936 1464 2970 invenit
1493 2935 1606 2971 lulius

899 2982 1050 3029 Caesam
1078 2983 1119 3019 Β.
1148 2982 1188 3019 G.
1217 2983 1266 3020 lv
1295 2986 1349 3021 10.
