1768 3216
175 227 223 263 1⁰
791 227 1056 265 GERMANIAE

173 355 254 385 nec
282 347 363 385 tam
394 355 519 384 voces
551 342 646 384 illae
677 355 798 397 quam
838 344 1001 386 virtutis
1038 350 1267 388 concentus
1308 347 1514 391 videntur.
1572 348 1668 391 Ad·-

173 418 350 460 fectatur
379 417 602 470 praecipue
634 419 835 472 asperitas
866 419 962 460 soni
993 423 1033 461 et
1059 419 1238 462 fractum
1257 431 1459 476 murmur,
1489 421 1667 465 obiectis

173 490 223 532 ad
256 502 303 531 os
333 490 488 542 scutis,
520 503 600 545 quo
631 491 795 545 plenior
825 497 865 534 et
891 493 1064 548 gravior
1093 505 1178 536 vox
1206 507 1459 550 repercussu
1483 496 1674 538 intume-

171 567 272 606 scat

336 564 527 606 Ceterum
570 569 611 606 et
654 566 815 608 Ulixem
863 567 1028 620 quidam
1073 569 1294 622 opinantur
1337 570 1468 625 longo
1510 570 1583 612 illo
1626 574 1670 612 et

140 638 361 680 stabuloso
393 651 539 680 errore
570 640 613 680 in
643 640 752 682 hunc
783 640 995 684 Oceanum
1026 642 1207 685 delatum
1238 643 1379 686 adisse
1410 643 1660 687 Germaniae

171 715 304 755 terras
323 744 335 765 ,
374 713 745 768 Astiburgiumque
764 745 775 767 ,
809 715 919 768 quod
951 716 992 756 in
1025 716 1114 770 ripa
1145 717 1278 759 Rheni
1305 718 1429 760 situm
1457 718 1668 771 hodieque

170 786 380 840 incolitur,
413 787 463 828 ab
495 786 565 829 illo
599 789 862 830 constitutum
897 789 1260 844 nominatumque3
1279 804 1405 834 aram
1424 792 1524 846 quin
1544 791 1669 834 etiam

311 947 343 980 1.
368 946 463 980 vocis
485 946 546 980 ille
573 967 615 973 —
644 947 780 981 videtur
809 948 918 981 tacite
947 947 1153 982 Rhenanus-

172 998 208 1029 et
233 1003 314 1027 mox
338 994 446 1039 ulyssi
470 993 494 1028 P
522 995 559 1028 in
586 994 703 1029 litura.

171 1052 347 1086 superscr.
374 1054 395 1076 c
419 1042 457 1076 Ρ.

1238 949 1301 995 aff.
1331 947 1368 983 P.
1458 949 1495 985 4.
1520 947 1671 993 ulyssem

841 995 876 1030 6.
918 996 1212 1042 astiburyiumque
1246 996 1388 1031 litterae
1427 1001 1440 1030 t
1473 996 1517 1031 ab
1545 996 1594 1032 al.
1617 1007 1664 1031 tn.

570 1044 603 1078 7.
642 1043 938 1090 nominatumque]
965 1044 1103 1079 nullum
1128 1045 1163 1078 in
1192 1044 1217 1078 P
1246 1045 1408 1080 defectus
1435 1045 1598 1091 signum,
1630 1045 1667 1078 in

171 1091 332 1136 margine
358 1091 400 1125 ab
436 1091 506 1126 alia
531 1102 636 1125 manu
662 1103 768 1126 cruce
794 1093 956 1137 apposita
983 1093 1088 1127 deest.
1123 1092 1264 1127 scilicet
1290 1095 1326 1127 in
1353 1092 1536 1127 nonnullis
1561 1097 1669 1128 notae

172 1139 360 1172 deterioris
391 1139 574 1174 codicibus
617 1140 756 1175 additur
798 1139 1074 1190 ’Λσκιηύργιον
1105 1140 1164 1176 vel
1198 1142 1318 1177 simile
1357 1140 1505 1188 aliquod
1538 1150 1670 1176 nomen

174 1187 358 1224 Graecum.

174 1321 335 1352 tavorum
382 1322 418 1351 et
457 1318 710 1353 Germanorum
751 1315 795 1354 H.
835 1318 884 1354 IV

180 1366 249 1400 18:
276 1370 314 1399 ut
338 1367 493 1400 virorum
520 1372 647 1410 cantu,
673 1368 886 1411 seminarum

175 1413 312 1447 ululatu
346 1415 460 1447 sonuit
501 1415 616 1457 acies3
663 1415 704 1448 H.
750 1415 781 1449 11
818 1417 884 1450 22:

179 1461 338 1496 cohortes
373 1463 628 1497 Germanorum
657 1468 764 1497 cantu
795 1464 890 1497 truci

181 1516 213 1544 et
247 1521 343 1544 more
376 1511 494 1556 patrio
521 1531 566 1537 —
591 1522 695 1557 super
726 1511 887 1546 humeros

179 1564 278 1592 scuta
304 1559 542 1602 quatientium.
642 1570 709 1592 nec
728 1565 800 1594 tam
823 1571 887 1593 vo-

180 1618 236 1641 ces
266 1605 370 1640 illae:
405 1618 506 1641 voces
533 1607 664 1654 (Tene)
694 1613 748 1641 est
773 1609 888 1641 iustus

181 1658 317 1689 cantus.
346 1655 552 1689 Ammianus
568 1655 678 1689 XXXI
705 1657 724 1691 7
753 1657 789 1698 δ.
823 1658 887 1691 11:

180 1703 327 1737 barbari
351 1705 523 1738 maiorum
541 1704 662 1738 laudes
677 1704 889 1738 clamoribus

182 1752 377 1786 stridebant
402 1753 602 1787 inconditis.

252 1828 403 1857 ceterum
430 1829 461 1857 et
485 1823 620 1858 Uli-vem
646 1825 785 1868 quidam
811 1825 890 1869 opi-

181 1876 341 1904 nantur:
388 1871 471 1905 huic
503 1873 664 1916 opinioni
715 1883 753 1906 se
798 1872 889 1906 nihil

182 1918 340 1952 tribuere
391 1919 477 1963 ipsis
526 1920 646 1954 verbis
704 1920 890 1955 luculente

182 1966 421 2011 significavit:
449 1978 527 2000 nam
559 1969 700 2013 opinari
723 1979 833 2013 saepe
847 1969 891 2002 de

183 2014 276 2048 falsa
301 2019 361 2048 aut
402 2017 590 2049 temeraria
622 2018 802 2050 sententia
834 2017 891 2049 di-

185 2063 299 2105 citur3
334 2073 525 2106 paucorum
570 2073 649 2097 esse
686 2065 889 2108 opinionem

186 2120 383 2154 pronomen
411 2111 551 2155 quidam
577 2119 788 2157 argumento
824 2117 889 2146 est.

184 2159 300 2193 Etiam
338 2160 477 2193 curiosa
519 2169 590 2192 non
625 2170 770 2204 prorsus
808 2171 827 2193 a
853 2171 892 2194 se

186 2206 330 2242 excludi
357 2206 477 2241 addito
505 2213 656 2242 ceterum
681 2209 831 2242 monuit.

269 2277 572 2323 Astiburqiumque
599 2299 643 2305 -—
674 2280 894 2312 constitutum

184 2326 487 2370 nominatumque:
515 2327 609 2361 uude
625 2327 735 2361 mirae
750 2326 894 2360 fabulae

185 2374 454 2408 fundamentum
482 2380 660 2419 sumptum
692 2376 735 2409 ab
762 2375 806 2408 iis
833 2376 892 2420 qui

187 2433 263 2455 eam
292 2424 575 2467 excogitarunt?
600 2423 703 2457 Haud
727 2423 834 2458 dubie
850 2434 894 2456 ex

185 2470 263 2513 ipso
292 2471 463 2504 nomine:
492 2472 624 2515 quippe
638 2473 791 2515 priorem
810 2482 894 2515 par-

186 2522 257 2551 tem
284 2517 328 2551 ad
357 2517 466 2560 ἄστυ,
494 2518 642 2552 alteram
669 2519 713 2552 ad
741 2520 894 2566 πύργον

184 2565 402 2609 referebant,
419 2566 502 2599 hinc
522 2567 692 2600 Graecam
709 2568 886 2613 originem

185 2614 281 2647 nacti
309 2618 345 2647 et
371 2625 415 2648 ex
441 2613 567 2648 ultima
593 2616 806 2660 antiquitate
832 2625 892 2648 re-

185 2666 363 2706 petentes,
389 2661 461 2696 Iam
479 2663 707 2696 manifestum
724 2668 791 2706 est,
818 2672 890 2696 non

185 2710 400 2754 probandam
442 2719 521 2744 esse
560 2713 819 2746 correctionem
858 2711 894 2757 (c

185 2769 247 2802 pro
275 2760 302 2805 t)
329 2759 372 2792 ab
411 2758 523 2793 altera
555 2770 662 2793 mauu
695 2761 730 2793 in
767 2759 892 2794 codice

185 2806 351 2840 Leidensi
377 2808 588 2852 ascriptam,
615 2808 658 2842 ab
683 2808 763 2842 aliis
792 2808 893 2841 codi-

187 2855 286 2888 cibus
313 2854 526 2899 adoptatam.
553 2855 651 2890 Haec
677 2857 754 2901 ipsa
781 2867 826 2889 ex
846 2856 887 2889 H.

187 2902 233 2935 iv
262 2903 309 2937 33
324 2902 429 2936 ducta
445 2909 520 2937 est.-
547 2904 598 2937 ibi
615 2903 668 2938 Ma
682 2904 895 2949 Asciburgii,

188 2955 222 2984 ot
249 2950 318 2985 hoc
345 2950 605 2998 (Asciburyium
631 2962 725 2988 nunc
760 2952 894 2998 Asber9

952 1326 1064 1363 prope
1091 1317 1224 1366 Moers)
1254 1327 1378 1352 verum
1391 1317 1513 1362 oppidi
1527 1325 1659 1352 nomen

954 1367 1096 1401 videtur
1122 1366 1247 1410 fuisse,
1275 1366 1339 1400 sed
1363 1367 1554 1413 antiquarii
1569 1374 1660 1415 quo·-

953 1425 1029 1448 rum
1048 1415 1171 1459 opinio
1192 1425 1287 1449 nunc
1303 1413 1471 1457 refertur,
1498 1413 1590 1448 illud
1616 1411 1661 1448 ad

953 1473 1053 1497 suam
1097 1464 1312 1498 sententiam
1361 1462 1506 1507 paulum
1550 1461 1658 1497 infle-

956 1511 1112 1545 ctebant.

1042 1618 1144 1640 aram
1184 1627 1230 1633 -—
1273 1605 1368 1640 Ulixi
1400 1608 1664 1641 consecratam.-

955 1654 1140 1690 Ernestius
1167 1660 1202 1689 et
1226 1653 1540 1698 Passoviusfflioei
1551 1655 1668 1689 inter-

956 1709 1140 1748 pretantur
1168 1704 1212 1737 ab
1244 1702 1356 1737 Uli-ve.
1408 1703 1478 1738 Sed
1504 1702 1565 1748 qui
1591 1710 1669 1738 eam

957 1763 1030 1786 rem
1059 1752 1182 1794 finxit,
1210 1752 1392 1797 cogitasse
1418 1751 1538 1796 potius
1561 1750 1668 1785 vide-

956 1805 1013 1834 tur
1052 1801 1097 1834 ab
1128 1800 1249 1845 oppidi
1293 1799 1433 1833 civibus
1471 1799 1666 1834 conditoris

958 1848 1086 1882 honori
1111 1859 1205 1882 aram
1232 1850 1386 1892 positam
1405 1857 1498 1890 esse,
1525 1847 1669 1882 adiecto

957 1898 1068 1940 patris
1108 1898 1265 1930 nomine.
1322 1896 1399 1930 Hoc
1457 1895 1670 1940 simplicius.

959 1945 1064 1978 Gonf.
1093 1944 1125 1978 11
1155 1946 1198 1979 7:
1239 1950 1396 1978 veteram
1419 1954 1523 1978 aram
1551 1943 1669 1977 Druso

958 1994 1061 2027 sitam
1086 1992 1146 2036 (ab
1186 1993 1349 2026 exercitu
1389 1993 1426 2025 in
1461 1992 1670 2026 memoriam

960 2041 1089 2074 mortui
1101 2040 1220 2086 Drusi)
1248 2040 1472 2074 disiecerunt.
1510 2038 1588 2085 Non
1614 2040 1670 2074 si-

960 2089 1054 2122 milis
1105 2092 1160 2122 est
1207 2088 1308 2122 locus
1357 2098 1463 2132 quem
1502 2086 1669 2122 diversae

959 2135 1451 2180 explicationis·defensores
1478 2146 1523 2169 ex
1546 2134 1608 2169 XV
1623 2135 1669 2170 41

961 2185 1133 2218 afferunt:
1164 2184 1268 2218 aedes
1295 2184 1449 2218 Statoris
1475 2183 1569 2217 Iovis
1593 2183 1671 2218 Ro-

960 2233 1051 2266 mulo
1077 2238 1169 2267 vota.
1258 2232 1376 2266 eodem
1402 2231 1479 2265 loco
1505 2231 1588 2265 olim
1611 2241 1674 2265 re-

957 2287 1119 2326 pertam.-
1161 2291 1206 2314 ne
1231 2280 1296 2314 ille
1322 2279 1467 2326 quidem
1493 2279 1555 2324 qui
1581 2278 1674 2313 hanc

962 2329 1118 2363 fabulam
1156 2329 1316 2370 invenit,
1367 2327 1543 2362 eiusmodi
1577 2337 1672 2361 aram

962 2379 1041 2421 ipse
1066 2377 1171 2419 vidit,
1198 2376 1262 2411 sed
1287 2376 1374 2410 olim
1397 2380 1577 2420 repertam
1592 2385 1674 2410 esse

964 2425 1128 2459 tradidit:
1156 2429 1194 2458 ut
1220 2429 1339 2459 tamen
1368 2425 1515 2459 Graecis
1543 2423 1673 2458 litteris

964 2474 1119 2518 aliquam
1146 2472 1250 2506 fidem
1281 2473 1505 2515 conciliaret,
1530 2472 1567 2505 in
1584 2482 1673 2505 con-

963 2521 1048 2554 finio
1076 2520 1287 2554 Germaniae
1305 2520 1527 2565 Raetiaeque
1543 2520 1674 2553 etiam-

962 2579 1046 2601 num
1071 2572 1194 2602 extare
1209 2572 1440 2602 monumenta
1452 2566 1670 2612 sepulcralia

963 2617 1108 2651 Graecis
1133 2615 1263 2651 litteris
1303 2617 1476 2661 inscripta
1500 2616 1672 2650 narravit.

964 2664 1067 2699 Conf.
1102 2663 1205 2699 Caes.
1243 2664 1284 2698 B.
1322 2664 1361 2699 G.
1387 2664 1403 2698 1
1429 2663 1499 2700 29:
1540 2664 1580 2697 in
1610 2669 1675 2697 cd-

964 2714 1046 2747 stris
1073 2713 1309 2747 Helvetiorum
1345 2712 1486 2746 tabulae
1512 2717 1676 2758 repertae

963 2767 1065 2804 sunt,
1111 2761 1257 2795 Graecis
1284 2761 1408 2795 litteris
1434 2762 1617 2805 consectae
1643 2765 1677 2793 et

963 2810 1011 2843 ad
1022 2808 1387 2852 Caesarem-relatae,
1412 2808 1532 2852 quibus
1556 2808 1596 2842 ἐπ
1617 2811 1676 2842 la-

964 2858 1051 2891 bulis
1067 2858 1271 2891 nominatim
1293 2858 1386 2891 ratio
1406 2858 1570 2901 confecta
1586 2861 1676 2898 erat,

964 2906 1023 2949 qui
1047 2917 1211 2940 numerus
1238 2905 1336 2939 domo
1364 2906 1511 2948 emissa,-
1538 2903 1587 2938 vl
1611 2905 1674 2938 14:

964 2964 1073 2998 neque
1113 2956 1171 2999 fas
1206 2964 1278 2989 esse
1317 2954 1519 2988 existimant
1546 2951 1677 2998 (Drui-
