<?xml version="1.0" encoding="UTF-8"?>
<!DOCTYPE html PUBLIC "-//W3C//DTD XHTML 1.0 Transitional//EN"
    "http://www.w3.org/TR/xhtml1/DTD/xhtml1-transitional.dtd">
<html xmlns="http://www.w3.org/1999/xhtml" xml:lang="en" lang="en">
 <head>
  <title>
</title>
<meta http-equiv="Content-Type" content="text/html;charset=utf-8" />
  <meta name='ocr-system' content='tesseract 3.04.00' />
  <meta name='ocr-capabilities' content='ocr_page ocr_carea ocr_par ocr_line ocrx_word'/>
</head>
<body>
  <div class='ocr_page' id='page_1' title='image "./operaadcodicesan03taciuoft/operaadcodicesan03taciuoft_0310.png"; bbox 0 0 1768 3216; ppageno 0'>
   <div class='ocr_carea' id='block_1_1' title="bbox 7 1108 310 1162">
    <p class='ocr_par' dir='ltr' id='par_1_1' title="bbox 7 1103 310 1162">
     <span class='ocr_line' id='line_1_1' title="bbox 7 1108 310 1162; baseline -0.003 -13"><span class='ocrx_word' id='word_1_1' title='bbox 7 1134 11 1142; x_wconf 53' lang='grc' dir='ltr'>ι</span> <span class='ocrx_word' id='word_1_2' title='bbox 132 1108 310 1162; x_wconf 86' lang='lat' dir='ltr'>fugeret.</span> 
     </span>
    </p>
   </div>
   <div class='ocr_carea' id='block_1_2' title="bbox 141 251 216 288">
    <p class='ocr_par' dir='ltr' id='par_1_2' title="bbox 141 251 216 288">
     <span class='ocr_line' id='line_1_2' title="bbox 141 251 216 288; baseline 0.027 -2"><span class='ocrx_word' id='word_1_3' title='bbox 141 251 216 288; x_wconf 78' lang='lat'>800</span> 
     </span>
    </p>
   </div>
   <div class='ocr_carea' id='block_1_3' title="bbox 716 246 1024 283">
    <p class='ocr_par' dir='ltr' id='par_1_3' title="bbox 716 246 1024 283">
     <span class='ocr_line' id='line_1_3' title="bbox 716 246 1024 283; baseline -0.006 0"><span class='ocrx_word' id='word_1_4' title='bbox 716 246 1024 283; x_wconf 81' lang='lat' dir='ltr'>HISTORIARVM</span> 
     </span>
    </p>
   </div>
   <div class='ocr_carea' id='block_1_4' title="bbox 1415 247 1622 286">
    <p class='ocr_par' dir='ltr' id='par_1_4' title="bbox 1415 247 1622 286">
     <span class='ocr_line' id='line_1_4' title="bbox 1415 247 1622 286; baseline 0.014 -3"><span class='ocrx_word' id='word_1_5' title='bbox 1415 258 1448 283; x_wconf 86' lang='lat' dir='ltr'>a.</span> <span class='ocrx_word' id='word_1_6' title='bbox 1475 258 1510 286; x_wconf 87' lang='lat' dir='ltr'>u.</span> <span class='ocrx_word' id='word_1_7' title='bbox 1537 247 1622 286; x_wconf 78' lang='lat'>822.</span> 
     </span>
    </p>
   </div>
   <div class='ocr_carea' id='block_1_5' title="bbox 143 363 1635 420">
    <p class='ocr_par' dir='ltr' id='par_1_5' title="bbox 143 363 1635 420">
     <span class='ocr_line' id='line_1_5' title="bbox 143 363 1635 420; baseline -0.001 -11"><span class='ocrx_word' id='word_1_8' title='bbox 143 367 346 410; x_wconf 85' lang='lat' dir='ltr'>destinata</span> <span class='ocrx_word' id='word_1_9' title='bbox 387 364 706 420; x_wconf 82' lang='lat' dir='ltr'><strong>provenissent,</strong></span> <span class='ocrx_word' id='word_1_10' title='bbox 748 363 1099 406; x_wconf 87' lang='lat' dir='ltr'>validissimarum</span> <span class='ocrx_word' id='word_1_11' title='bbox 1135 363 1513 418; x_wconf 75' lang='lat' dir='ltr'>ditissimarumque</span> <span class='ocrx_word' id='word_1_12' title='bbox 1553 375 1635 409; x_wconf 79' lang='lat' dir='ltr'>na-</span> 
     </span>
    </p>
   </div>
   <div class='ocr_carea' id='block_1_6' title="bbox 141 438 766 494">
    <p class='ocr_par' dir='ltr' id='par_1_6' title="bbox 141 438 766 494">
     <span class='ocr_line' id='line_1_6' title="bbox 141 438 766 494; baseline -0.006 -12"><span class='ocrx_word' id='word_1_13' title='bbox 141 442 295 484; x_wconf 79' lang='lat' dir='ltr'>tionum</span> <span class='ocrx_word' id='word_1_14' title='bbox 339 451 470 494; x_wconf 86' lang='lat' dir='ltr'>regno</span> <span class='ocrx_word' id='word_1_15' title='bbox 515 438 766 480; x_wconf 81' lang='lat' dir='ltr'>imminebat.</span> 
     </span>
    </p>
   </div>
   <div class='ocr_carea' id='block_1_7' title="bbox 140 485 868 571">
    <p class='ocr_par' dir='ltr' id='par_1_7' title="bbox 140 485 868 571">
     <span class='ocr_line' id='line_1_7' title="bbox 140 485 868 571; baseline -0.003 -15"><span class='ocrx_word' id='word_1_16' title='bbox 140 515 280 556; x_wconf 82' lang='lat' dir='ltr'>Civilis</span> <span class='ocrx_word' id='word_1_17' title='bbox 314 517 485 554; x_wconf 91' lang='lat' dir='ltr'>conatus</span> <span class='ocrx_word' id='word_1_18' title='bbox 517 503 591 566; x_wconf 89' lang='lat' dir='ltr'>per</span> <span class='ocrx_word' id='word_1_19' title='bbox 621 485 868 571; x_wconf 42' lang='lat' dir='ltr'>dies-uelli&amp;</span> 
     </span>
    </p>
   </div>
   <div class='ocr_carea' id='block_1_8' title="bbox 839 437 1636 568">
    <p class='ocr_par' dir='ltr' id='par_1_8' title="bbox 839 437 1636 568">
     <span class='ocr_line' id='line_1_8' title="bbox 839 437 1634 495; baseline 0.003 -15"><span class='ocrx_word' id='word_1_20' title='bbox 839 438 894 480; x_wconf 88' lang='lat' dir='ltr'>At</span> <span class='ocrx_word' id='word_1_21' title='bbox 938 439 1111 495; x_wconf 77' lang='lat' dir='ltr'>Flaccus</span> <span class='ocrx_word' id='word_1_22' title='bbox 1165 437 1432 480; x_wconf 85' lang='lat' dir='ltr'>Hordeonius</span> <span class='ocrx_word' id='word_1_23' title='bbox 1476 438 1634 492; x_wconf 81' lang='lat' dir='ltr'>primos</span> 
     </span>
     <span class='ocr_line' id='line_1_9' title="bbox 872 482 1636 568; baseline 0.001 -14"><span class='ocrx_word' id='word_1_24' title='bbox 872 482 1261 555; x_wconf 50' lang='lat' dir='ltr'>ffineimaluitfibi</span> <span class='ocrx_word' id='word_1_25' title='bbox 1293 516 1529 568; x_wconf 82' lang='lat' dir='ltr'>expugnata</span> <span class='ocrx_word' id='word_1_26' title='bbox 1559 524 1636 556; x_wconf 77' lang='lat' dir='ltr'>ca-</span> 
     </span>
    </p>
   </div>
   <div class='ocr_carea' id='block_1_9' title="bbox 104 576 1635 792">
    <p class='ocr_par' dir='ltr' id='par_1_9' title="bbox 104 576 1635 792">
     <span class='ocr_line' id='line_1_10' title="bbox 136 576 1634 641; baseline 0.003 -13"><span class='ocrx_word' id='word_1_27' title='bbox 136 592 218 629; x_wconf 86' lang='lat' dir='ltr'>stra</span> <span class='ocrx_word' id='word_1_28' title='bbox 240 619 250 638; x_wconf 91' lang='lat'>‚</span> <span class='ocrx_word' id='word_1_29' title='bbox 300 587 458 629; x_wconf 88' lang='lat' dir='ltr'>deletas</span> <span class='ocrx_word' id='word_1_30' title='bbox 491 576 687 629; x_wconf 76' lang='lat' dir='ltr'>cohortes</span> <span class='ocrx_word' id='word_1_31' title='bbox 706 619 717 639; x_wconf 88' lang='lat'>,</span> <span class='ocrx_word' id='word_1_32' title='bbox 767 587 928 641; x_wconf 89' lang='lat' dir='ltr'>pulsum</span> <span class='ocrx_word' id='word_1_33' title='bbox 959 588 1207 630; x_wconf 87' lang='lat' dir='ltr'>Batavorum</span> <span class='ocrx_word' id='word_1_34' title='bbox 1241 587 1374 630; x_wconf 86' lang='lat' dir='ltr'>insula</span> <span class='ocrx_word' id='word_1_35' title='bbox 1403 588 1634 632; x_wconf 84' lang='lat' dir='ltr'>Romanum</span> 
     </span>
     <span class='ocr_line' id='line_1_11' title="bbox 104 661 1634 718; baseline 0.002 -16"><span class='ocrx_word' id='word_1_36' title='bbox 104 673 284 703; x_wconf 75' lang='lat' dir='ltr'>snomen</span> <span class='ocrx_word' id='word_1_37' title='bbox 315 661 463 715; x_wconf 84' lang='lat' dir='ltr'>trepidi</span> <span class='ocrx_word' id='word_1_38' title='bbox 494 662 626 703; x_wconf 91' lang='lat' dir='ltr'>nuntii</span> <span class='ocrx_word' id='word_1_39' title='bbox 658 662 928 714; x_wconf 85' lang='lat' dir='ltr'>adferebant,</span> <span class='ocrx_word' id='word_1_40' title='bbox 968 662 1150 704; x_wconf 89' lang='lat' dir='ltr'>Munium</span> <span class='ocrx_word' id='word_1_41' title='bbox 1191 661 1634 718; x_wconf 75' lang='lat' dir='ltr'>Lupercumlegatum</span> 
     </span>
     <span class='ocr_line' id='line_1_12' title="bbox 134 735 1635 792; baseline 0.002 -15"><span class='ocrx_word' id='word_1_42' title='bbox 134 736 190 786; x_wconf 87' lang='lat' dir='ltr'>(is</span> <span class='ocrx_word' id='word_1_43' title='bbox 223 735 393 778; x_wconf 85' lang='lat' dir='ltr'>duarum</span> <span class='ocrx_word' id='word_1_44' title='bbox 427 735 640 790; x_wconf 87' lang='lat' dir='ltr'>legionum</span> <span class='ocrx_word' id='word_1_45' title='bbox 668 736 854 778; x_wconf 88' lang='lat' dir='ltr'>hibernis</span> <span class='ocrx_word' id='word_1_46' title='bbox 886 741 1101 791; x_wconf 78' lang='lat' dir='ltr'>praeerat)</span> <span class='ocrx_word' id='word_1_47' title='bbox 1135 737 1281 792; x_wconf 84' lang='lat' dir='ltr'>egredi</span> <span class='ocrx_word' id='word_1_48' title='bbox 1312 737 1515 781; x_wconf 82' lang='lat' dir='ltr'>adversus</span> <span class='ocrx_word' id='word_1_49' title='bbox 1552 737 1635 780; x_wconf 88' lang='lat' dir='ltr'>ho-</span> 
     </span>
    </p>
   </div>
   <div class='ocr_carea' id='block_1_10' title="bbox 134 810 408 850">
    <p class='ocr_par' dir='ltr' id='par_1_10' title="bbox 134 810 408 850">
     <span class='ocr_line' id='line_1_13' title="bbox 134 810 408 850; baseline 0 0"><span class='ocrx_word' id='word_1_50' title='bbox 134 812 237 850; x_wconf 88' lang='lat' dir='ltr'>stem</span> <span class='ocrx_word' id='word_1_51' title='bbox 283 810 408 850; x_wconf 89' lang='lat' dir='ltr'>iubet.</span> 
     </span>
    </p>
   </div>
   <div class='ocr_carea' id='block_1_11' title="bbox 470 811 1634 865">
    <p class='ocr_par' dir='ltr' id='par_1_11' title="bbox 470 811 1634 865">
     <span class='ocr_line' id='line_1_14' title="bbox 470 811 1634 865; baseline 0.001 -14"><span class='ocrx_word' id='word_1_52' title='bbox 470 811 683 864; x_wconf 83' lang='lat' dir='ltr'>Lupercus</span> <span class='ocrx_word' id='word_1_53' title='bbox 715 811 974 865; x_wconf 86' lang='lat' dir='ltr'>legionarios</span> <span class='ocrx_word' id='word_1_54' title='bbox 1007 825 1029 852; x_wconf 86' lang='lat' dir='ltr'>o</span> <span class='ocrx_word' id='word_1_55' title='bbox 1072 812 1389 865; x_wconf 88' lang='lat' dir='ltr'>praesentibus,</span> <span class='ocrx_word' id='word_1_56' title='bbox 1436 811 1565 854; x_wconf 88' lang='lat' dir='ltr'>Ubios</span> <span class='ocrx_word' id='word_1_57' title='bbox 1609 823 1634 852; x_wconf 89' lang='lat' dir='ltr'>e</span> 
     </span>
    </p>
   </div>
   <div class='ocr_carea' id='block_1_12' title="bbox 80 884 1633 1090">
    <p class='ocr_par' dir='ltr' id='par_1_12' title="bbox 80 884 1633 1090">
     <span class='ocr_line' id='line_1_15' title="bbox 132 884 1633 942; baseline 0.003 -18"><span class='ocrx_word' id='word_1_58' title='bbox 132 884 362 937; x_wconf 83' lang='lat' dir='ltr'>proximis,</span> <span class='ocrx_word' id='word_1_59' title='bbox 413 885 678 926; x_wconf 89' lang='lat' dir='ltr'>Trevirorum</span> <span class='ocrx_word' id='word_1_60' title='bbox 723 886 883 939; x_wconf 79' lang='lat' dir='ltr'>equites</span> <span class='ocrx_word' id='word_1_61' title='bbox 930 886 1039 928; x_wconf 85' lang='lat' dir='ltr'>haud</span> <span class='ocrx_word' id='word_1_62' title='bbox 1096 886 1224 941; x_wconf 91' lang='lat' dir='ltr'>longe</span> <span class='ocrx_word' id='word_1_63' title='bbox 1277 887 1441 942; x_wconf 87' lang='lat' dir='ltr'>agentis</span> <span class='ocrx_word' id='word_1_64' title='bbox 1485 886 1633 941; x_wconf 84' lang='lat' dir='ltr'>raptim</span> 
     </span>
     <span class='ocr_line' id='line_1_16' title="bbox 132 959 1633 1016; baseline 0.002 -16"><span class='ocrx_word' id='word_1_65' title='bbox 132 959 386 1016; x_wconf 76' lang='lat' dir='ltr'>transmisit,</span> <span class='ocrx_word' id='word_1_66' title='bbox 422 959 560 1000; x_wconf 90' lang='lat' dir='ltr'>addita</span> <span class='ocrx_word' id='word_1_67' title='bbox 586 959 834 1001; x_wconf 85' lang='lat' dir='ltr'>Batavorum</span> <span class='ocrx_word' id='word_1_68' title='bbox 867 960 931 1003; x_wconf 90' lang='lat' dir='ltr'>ala</span> <span class='ocrx_word' id='word_1_69' title='bbox 951 993 961 1012; x_wconf 91' lang='lat'>,</span> <span class='ocrx_word' id='word_1_70' title='bbox 995 972 1100 1014; x_wconf 90' lang='lat' dir='ltr'>quae</span> <span class='ocrx_word' id='word_1_71' title='bbox 1132 961 1212 1002; x_wconf 88' lang='lat' dir='ltr'>iam</span> <span class='ocrx_word' id='word_1_72' title='bbox 1243 961 1404 1015; x_wconf 80' lang='lat' dir='ltr'>pridem</span> <span class='ocrx_word' id='word_1_73' title='bbox 1438 965 1633 1015; x_wconf 82' lang='lat' dir='ltr'>corrupta</span> 
     </span>
     <span class='ocr_line' id='line_1_17' title="bbox 80 1033 1632 1090; baseline 0.005 -20"><span class='ocrx_word' id='word_1_74' title='bbox 80 1033 253 1074; x_wconf 68' lang='lat' dir='ltr'>totidem</span> <span class='ocrx_word' id='word_1_75' title='bbox 286 1033 516 1085; x_wconf 82' lang='lat' dir='ltr'>simulabat,</span> <span class='ocrx_word' id='word_1_76' title='bbox 548 1038 591 1074; x_wconf 93' lang='lat' dir='ltr'>ut</span> <span class='ocrx_word' id='word_1_77' title='bbox 620 1035 795 1088; x_wconf 87' lang='lat' dir='ltr'>proditis</span> <span class='ocrx_word' id='word_1_78' title='bbox 826 1035 867 1075; x_wconf 90' lang='lat' dir='ltr'>in</span> <span class='ocrx_word' id='word_1_79' title='bbox 888 1035 975 1089; x_wconf 88' lang='lat' dir='ltr'>ipsa</span> <span class='ocrx_word' id='word_1_80' title='bbox 994 1036 1086 1077; x_wconf 86' lang='lat' dir='ltr'>acie</span> <span class='ocrx_word' id='word_1_81' title='bbox 1103 1036 1300 1077; x_wconf 83' lang='lat' dir='ltr'>Romanis</span> <span class='ocrx_word' id='word_1_82' title='bbox 1318 1035 1477 1078; x_wconf 87' lang='lat' dir='ltr'>maiore</span> <span class='ocrx_word' id='word_1_83' title='bbox 1498 1035 1632 1090; x_wconf 87' lang='lat' dir='ltr'>pretio</span> 
     </span>
    </p>
   </div>
   <div class='ocr_carea' id='block_1_13' title="bbox 373 1108 1633 1164">
    <p class='ocr_par' dir='ltr' id='par_1_13' title="bbox 373 1108 1633 1164">
     <span class='ocr_line' id='line_1_18' title="bbox 373 1108 1633 1164; baseline 0.002 -15"><span class='ocrx_word' id='word_1_84' title='bbox 373 1108 515 1151; x_wconf 90' lang='lat' dir='ltr'>Civilis</span> <span class='ocrx_word' id='word_1_85' title='bbox 548 1113 758 1162; x_wconf 86' lang='lat' dir='ltr'>captarum</span> <span class='ocrx_word' id='word_1_86' title='bbox 793 1109 1026 1151; x_wconf 87' lang='lat' dir='ltr'>cohortium</span> <span class='ocrx_word' id='word_1_87' title='bbox 1069 1110 1204 1164; x_wconf 89' lang='lat' dir='ltr'>signis</span> <span class='ocrx_word' id='word_1_88' title='bbox 1245 1110 1553 1164; x_wconf 86' lang='lat' dir='ltr'>circumdatus,</span> <span class='ocrx_word' id='word_1_89' title='bbox 1589 1114 1633 1152; x_wconf 89' lang='lat' dir='ltr'>ut</span> 
     </span>
    </p>
   </div>
   <div class='ocr_carea' id='block_1_14' title="bbox 128 1182 1634 1387">
    <p class='ocr_par' dir='ltr' id='par_1_14' title="bbox 128 1182 1634 1387">
     <span class='ocr_line' id='line_1_19' title="bbox 130 1182 1633 1237; baseline 0.003 -15"><span class='ocrx_word' id='word_1_90' title='bbox 130 1193 206 1223; x_wconf 91' lang='lat' dir='ltr'>suo</span> <span class='ocrx_word' id='word_1_91' title='bbox 241 1182 357 1222; x_wconf 91' lang='lat' dir='ltr'>militi</span> <span class='ocrx_word' id='word_1_92' title='bbox 389 1194 538 1223; x_wconf 85' lang='lat' dir='ltr'>recens</span> <span class='ocrx_word' id='word_1_93' title='bbox 570 1183 703 1237; x_wconf 79' lang='lat' dir='ltr'>gloria</span> <span class='ocrx_word' id='word_1_94' title='bbox 738 1188 832 1225; x_wconf 87' lang='lat' dir='ltr'>ante</span> <span class='ocrx_word' id='word_1_95' title='bbox 865 1184 1027 1236; x_wconf 90' lang='lat' dir='ltr'>oculos,</span> <span class='ocrx_word' id='word_1_96' title='bbox 1062 1188 1103 1225; x_wconf 89' lang='lat' dir='ltr'>et</span> <span class='ocrx_word' id='word_1_97' title='bbox 1130 1184 1274 1226; x_wconf 91' lang='lat' dir='ltr'>hostes</span> <span class='ocrx_word' id='word_1_98' title='bbox 1306 1185 1508 1226; x_wconf 85' lang='lat' dir='ltr'>memoria</span> <span class='ocrx_word' id='word_1_99' title='bbox 1540 1185 1633 1227; x_wconf 84' lang='lat' dir='ltr'>ola-</span> 
     </span>
     <span class='ocr_line' id='line_1_20' title="bbox 130 1255 1634 1312; baseline 0.004 -17"><span class='ocrx_word' id='word_1_100' title='bbox 130 1255 194 1297; x_wconf 91' lang='lat' dir='ltr'>dis</span> <span class='ocrx_word' id='word_1_101' title='bbox 219 1259 491 1309; x_wconf 84' lang='lat' dir='ltr'>terrerentur,</span> <span class='ocrx_word' id='word_1_102' title='bbox 524 1261 695 1299; x_wconf 88' lang='lat' dir='ltr'>matrem</span> <span class='ocrx_word' id='word_1_103' title='bbox 719 1270 834 1299; x_wconf 90' lang='lat' dir='ltr'>suam</span> <span class='ocrx_word' id='word_1_104' title='bbox 854 1270 1123 1312; x_wconf 88' lang='lat' dir='ltr'>sororesque,</span> <span class='ocrx_word' id='word_1_105' title='bbox 1156 1258 1276 1300; x_wconf 91' lang='lat' dir='ltr'>simul</span> <span class='ocrx_word' id='word_1_106' title='bbox 1309 1258 1490 1300; x_wconf 90' lang='lat' dir='ltr'>omnium</span> <span class='ocrx_word' id='word_1_107' title='bbox 1524 1270 1634 1307; x_wconf 79' lang='lat' dir='ltr'>con-</span> 
     </span>
     <span class='ocr_line' id='line_1_21' title="bbox 128 1329 1631 1387; baseline 0.003 -16"><span class='ocrx_word' id='word_1_108' title='bbox 128 1329 246 1384; x_wconf 89' lang='lat' dir='ltr'>iuges</span> <span class='ocrx_word' id='word_1_109' title='bbox 273 1343 508 1385; x_wconf 89' lang='lat' dir='ltr'>parvosque</span> <span class='ocrx_word' id='word_1_110' title='bbox 539 1331 696 1373; x_wconf 86' lang='lat' dir='ltr'>liberos</span> <span class='ocrx_word' id='word_1_111' title='bbox 730 1333 966 1374; x_wconf 83' lang='lat' dir='ltr'>consistere</span> <span class='ocrx_word' id='word_1_112' title='bbox 997 1346 1018 1374; x_wconf 88' lang='lat' dir='ltr'>a</span> <span class='ocrx_word' id='word_1_113' title='bbox 1051 1337 1175 1387; x_wconf 87' lang='lat' dir='ltr'>tergo</span> <span class='ocrx_word' id='word_1_114' title='bbox 1209 1333 1342 1386; x_wconf 82' lang='lat' dir='ltr'>iubet,</span> <span class='ocrx_word' id='word_1_115' title='bbox 1370 1333 1631 1377; x_wconf 82' lang='lat' dir='ltr'>hortamenta</span> 
     </span>
    </p>
   </div>
   <div class='ocr_carea' id='block_1_15' title="bbox 75 1404 832 1460">
    <p class='ocr_par' dir='ltr' id='par_1_15' title="bbox 75 1404 832 1460">
     <span class='ocr_line' id='line_1_22' title="bbox 75 1404 832 1460; baseline 0.003 -15"><span class='ocrx_word' id='word_1_116' title='bbox 75 1410 114 1440; x_wconf 81' lang='lat'>1⁵</span> <span class='ocrx_word' id='word_1_117' title='bbox 128 1404 331 1446; x_wconf 86' lang='lat' dir='ltr'>victoriae</span> <span class='ocrx_word' id='word_1_118' title='bbox 359 1405 424 1446; x_wconf 89' lang='lat' dir='ltr'>vel</span> <span class='ocrx_word' id='word_1_119' title='bbox 455 1406 585 1459; x_wconf 90' lang='lat' dir='ltr'>pulsis</span> <span class='ocrx_word' id='word_1_120' title='bbox 616 1406 832 1460; x_wconf 89' lang='lat' dir='ltr'>pudorem.</span> 
     </span>
    </p>
   </div>
   <div class='ocr_carea' id='block_1_16' title="bbox 896 1407 1630 1460">
    <p class='ocr_par' dir='ltr' id='par_1_16' title="bbox 896 1407 1630 1460">
     <span class='ocr_line' id='line_1_23' title="bbox 896 1407 1630 1460; baseline 0.003 -11"><span class='ocrx_word' id='word_1_121' title='bbox 896 1407 946 1449; x_wconf 94' lang='lat' dir='ltr'>Ut</span> <span class='ocrx_word' id='word_1_122' title='bbox 976 1408 1162 1448; x_wconf 88' lang='lat' dir='ltr'>virorum</span> <span class='ocrx_word' id='word_1_123' title='bbox 1196 1411 1348 1460; x_wconf 89' lang='lat' dir='ltr'>cantu,</span> <span class='ocrx_word' id='word_1_124' title='bbox 1383 1407 1630 1451; x_wconf 88' lang='lat' dir='ltr'>feminarum</span> 
     </span>
    </p>
   </div>
   <div class='ocr_carea' id='block_1_17' title="bbox 129 1478 1631 1536">
    <p class='ocr_par' dir='ltr' id='par_1_17' title="bbox 129 1478 1631 1536">
     <span class='ocr_line' id='line_1_24' title="bbox 129 1478 1631 1536; baseline 0.003 -16"><span class='ocrx_word' id='word_1_125' title='bbox 129 1478 281 1520; x_wconf 88' lang='lat' dir='ltr'>ululatu</span> <span class='ocrx_word' id='word_1_126' title='bbox 311 1480 451 1520; x_wconf 87' lang='lat' dir='ltr'>sonuit</span> <span class='ocrx_word' id='word_1_127' title='bbox 481 1480 609 1532; x_wconf 86' lang='lat' dir='ltr'>acies,</span> <span class='ocrx_word' id='word_1_128' title='bbox 643 1493 902 1534; x_wconf 86' lang='lat' dir='ltr'>nequaquam</span> <span class='ocrx_word' id='word_1_129' title='bbox 933 1494 1008 1535; x_wconf 89' lang='lat' dir='ltr'>par</span> <span class='ocrx_word' id='word_1_130' title='bbox 1039 1495 1061 1523; x_wconf 90' lang='lat' dir='ltr'>a</span> <span class='ocrx_word' id='word_1_131' title='bbox 1091 1481 1327 1536; x_wconf 79' lang='lat' dir='ltr'>legionibus</span> <span class='ocrx_word' id='word_1_132' title='bbox 1360 1482 1631 1525; x_wconf 87' lang='lat' dir='ltr'>cohortibus-</span> 
     </span>
    </p>
   </div>
   <div class='ocr_carea' id='block_1_18' title="bbox 128 1553 627 1605">
    <p class='ocr_par' dir='ltr' id='par_1_18' title="bbox 128 1553 627 1605">
     <span class='ocr_line' id='line_1_25' title="bbox 128 1553 627 1605; baseline 0.004 -12"><span class='ocrx_word' id='word_1_133' title='bbox 128 1564 207 1605; x_wconf 86' lang='lat' dir='ltr'>que</span> <span class='ocrx_word' id='word_1_134' title='bbox 236 1553 425 1595; x_wconf 85' lang='lat' dir='ltr'>redditur</span> <span class='ocrx_word' id='word_1_135' title='bbox 456 1554 627 1597; x_wconf 86' lang='lat' dir='ltr'>clamor.</span> 
     </span>
    </p>
   </div>
   <div class='ocr_carea' id='block_1_19' title="bbox 126 1555 1631 1684">
    <p class='ocr_par' dir='ltr' id='par_1_19' title="bbox 126 1555 1631 1684">
     <span class='ocr_line' id='line_1_26' title="bbox 689 1555 1631 1600; baseline 0.005 -5"><span class='ocrx_word' id='word_1_136' title='bbox 689 1555 930 1597; x_wconf 87' lang='lat' dir='ltr'>Nudaverat</span> <span class='ocrx_word' id='word_1_137' title='bbox 959 1557 1173 1598; x_wconf 89' lang='lat' dir='ltr'>sinistrum</span> <span class='ocrx_word' id='word_1_138' title='bbox 1207 1569 1339 1598; x_wconf 91' lang='lat' dir='ltr'>cornu</span> <span class='ocrx_word' id='word_1_139' title='bbox 1381 1556 1631 1600; x_wconf 85' lang='lat' dir='ltr'>Batavorum</span> 
     </span>
     <span class='ocr_line' id='line_1_27' title="bbox 126 1626 1185 1684; baseline 0.005 -17"><span class='ocrx_word' id='word_1_140' title='bbox 126 1626 190 1668; x_wconf 87' lang='lat' dir='ltr'>ala</span> <span class='ocrx_word' id='word_1_141' title='bbox 236 1627 520 1682; x_wconf 82' lang='lat' dir='ltr'>transfugiens</span> <span class='ocrx_word' id='word_1_142' title='bbox 570 1630 789 1684; x_wconf 83' lang='lat' dir='ltr'>statimque</span> <span class='ocrx_word' id='word_1_143' title='bbox 835 1631 876 1671; x_wconf 91' lang='lat' dir='ltr'>in</span> <span class='ocrx_word' id='word_1_144' title='bbox 924 1643 1001 1672; x_wconf 90' lang='lat' dir='ltr'>nos</span> <span class='ocrx_word' id='word_1_145' title='bbox 1047 1644 1185 1673; x_wconf 89' lang='lat' dir='ltr'>versa.</span> 
     </span>
    </p>
   </div>
   <div class='ocr_carea' id='block_1_20' title="bbox 1247 1631 1630 1687">
    <p class='ocr_par' dir='ltr' id='par_1_20' title="bbox 1247 1631 1630 1687">
     <span class='ocr_line' id='line_1_28' title="bbox 1247 1631 1630 1687; baseline -0.003 -12"><span class='ocrx_word' id='word_1_146' title='bbox 1247 1631 1329 1675; x_wconf 88' lang='lat' dir='ltr'>Sed</span> <span class='ocrx_word' id='word_1_147' title='bbox 1370 1632 1630 1687; x_wconf 82' lang='lat' dir='ltr'>legionarius</span> 
     </span>
    </p>
   </div>
   <div class='ocr_carea' id='block_1_21' title="bbox 63 1701 1631 1835">
    <p class='ocr_par' dir='ltr' id='par_1_21' title="bbox 63 1701 1631 1835">
     <span class='ocr_line' id='line_1_29' title="bbox 124 1701 1629 1760; baseline 0.005 -18"><span class='ocrx_word' id='word_1_148' title='bbox 124 1701 272 1757; x_wconf 65' lang='lat' dir='ltr'>miles,</span> <span class='ocrx_word' id='word_1_149' title='bbox 306 1714 553 1757; x_wconf 85' lang='lat' dir='ltr'>quamquam</span> <span class='ocrx_word' id='word_1_150' title='bbox 585 1705 710 1746; x_wconf 89' lang='lat' dir='ltr'>rebus</span> <span class='ocrx_word' id='word_1_151' title='bbox 742 1705 916 1759; x_wconf 86' lang='lat' dir='ltr'>trepidis</span> <span class='ocrx_word' id='word_1_152' title='bbox 938 1737 949 1758; x_wconf 91' lang='lat'>,</span> <span class='ocrx_word' id='word_1_153' title='bbox 982 1719 1097 1747; x_wconf 86' lang='lat' dir='ltr'>arma</span> <span class='ocrx_word' id='word_1_154' title='bbox 1129 1705 1384 1760; x_wconf 80' lang='lat' dir='ltr'>ordinesque</span> <span class='ocrx_word' id='word_1_155' title='bbox 1411 1707 1629 1750; x_wconf 87' lang='lat' dir='ltr'>retinebat.</span> 
     </span>
     <span class='ocr_line' id='line_1_30' title="bbox 63 1775 1631 1835; baseline 0.005 -20"><span class='ocrx_word' id='word_1_156' title='bbox 63 1787 104 1816; x_wconf 60' lang='grc' dir='ltr'>πο</span> <span class='ocrx_word' id='word_1_157' title='bbox 123 1775 321 1817; x_wconf 89' lang='lat' dir='ltr'>Ubiorum</span> <span class='ocrx_word' id='word_1_158' title='bbox 353 1777 701 1832; x_wconf 86' lang='lat' dir='ltr'>Trevirorumque</span> <span class='ocrx_word' id='word_1_159' title='bbox 747 1779 925 1831; x_wconf 85' lang='lat' dir='ltr'>auxilia,</span> <span class='ocrx_word' id='word_1_160' title='bbox 968 1779 1092 1820; x_wconf 78' lang='lat' dir='ltr'>foeda</span> <span class='ocrx_word' id='word_1_161' title='bbox 1136 1780 1235 1835; x_wconf 86' lang='lat' dir='ltr'>suga</span> <span class='ocrx_word' id='word_1_162' title='bbox 1277 1781 1492 1835; x_wconf 87' lang='lat' dir='ltr'>dispersa,</span> <span class='ocrx_word' id='word_1_163' title='bbox 1534 1781 1631 1822; x_wconf 89' lang='lat' dir='ltr'>totis</span> 
     </span>
    </p>
   </div>
   <div class='ocr_carea' id='block_1_22' title="bbox 126 1851 524 1904">
    <p class='ocr_par' dir='ltr' id='par_1_22' title="bbox 126 1851 524 1904">
     <span class='ocr_line' id='line_1_31' title="bbox 126 1851 524 1904; baseline 0.008 -14"><span class='ocrx_word' id='word_1_164' title='bbox 126 1851 281 1903; x_wconf 88' lang='lat' dir='ltr'>campis</span> <span class='ocrx_word' id='word_1_165' title='bbox 321 1851 524 1904; x_wconf 86' lang='lat' dir='ltr'>palantur.</span> 
     </span>
    </p>
   </div>
   <div class='ocr_carea' id='block_1_23' title="bbox 257 2001 1312 2100">
    <p class='ocr_par' dir='ltr' id='par_1_23' title="bbox 257 2001 1312 2100">
     <span class='ocr_line' id='line_1_32' title="bbox 257 2001 1312 2047; baseline 0.004 -11"><span class='ocrx_word' id='word_1_166' title='bbox 257 2001 290 2036; x_wconf 82' lang='lat'>5.</span> <span class='ocrx_word' id='word_1_167' title='bbox 318 2002 520 2036; x_wconf 75' lang='lat' dir='ltr'>Mummium</span> <span class='ocrx_word' id='word_1_168' title='bbox 543 2004 585 2037; x_wconf 89' lang='lat' dir='ltr'>A.</span> <span class='ocrx_word' id='word_1_169' title='bbox 638 2005 673 2039; x_wconf 84' lang='lat'>8.</span> <span class='ocrx_word' id='word_1_170' title='bbox 708 2006 928 2040; x_wconf 79' lang='lat' dir='ltr'>Trevirorum</span> <span class='ocrx_word' id='word_1_171' title='bbox 946 2005 1041 2047; x_wconf 69' lang='lat' dir='ltr'>GMa,</span> <span class='ocrx_word' id='word_1_172' title='bbox 1069 2016 1141 2039; x_wconf 91' lang='lat' dir='ltr'>non</span> <span class='ocrx_word' id='word_1_173' title='bbox 1176 2007 1312 2040; x_wconf 82' lang='lat' dir='ltr'>Trever.</span> 
     </span>
     <span class='ocr_line' id='line_1_33' title="bbox 763 2052 1261 2100; baseline 0.006 -14"><span class='ocrx_word' id='word_1_174' title='bbox 763 2056 816 2089; x_wconf 88' lang='grc'>15.</span> <span class='ocrx_word' id='word_1_175' title='bbox 841 2054 962 2100; x_wconf 83' lang='lat' dir='ltr'>pulsus</span> <span class='ocrx_word' id='word_1_176' title='bbox 987 2052 1061 2087; x_wconf 67' lang='lat' dir='ltr'>Ma:</span> <span class='ocrx_word' id='word_1_177' title='bbox 1089 2054 1117 2088; x_wconf 92' lang='lat' dir='ltr'>G</span> <span class='ocrx_word' id='word_1_178' title='bbox 1138 2054 1261 2100; x_wconf 82' lang='lat' dir='ltr'>pulsis.</span> 
     </span>
    </p>
   </div>
   <div class='ocr_carea' id='block_1_24' title="bbox 120 2052 693 2098">
    <p class='ocr_par' dir='ltr' id='par_1_24' title="bbox 120 2052 693 2098">
     <span class='ocr_line' id='line_1_34' title="bbox 120 2052 693 2098; baseline 0.009 -17"><span class='ocrx_word' id='word_1_179' title='bbox 120 2058 192 2081; x_wconf 89' lang='lat' dir='ltr'>non</span> <span class='ocrx_word' id='word_1_180' title='bbox 217 2055 371 2094; x_wconf 74' lang='lat' dir='ltr'>aqentes.</span> <span class='ocrx_word' id='word_1_181' title='bbox 442 2052 495 2086; x_wconf 90' lang='lat'>10.</span> <span class='ocrx_word' id='word_1_182' title='bbox 526 2053 601 2098; x_wconf 62' lang='lat' dir='ltr'>quio</span> <span class='ocrx_word' id='word_1_183' title='bbox 629 2052 693 2086; x_wconf 68' lang='lat' dir='ltr'>Ma.</span> 
     </span>
    </p>
   </div>
   <div class='ocr_carea' id='block_1_25' title="bbox 121 2097 1132 2146">
    <p class='ocr_par' dir='ltr' id='par_1_25' title="bbox 121 2097 1132 2146">
     <span class='ocr_line' id='line_1_35' title="bbox 121 2097 1132 2146; baseline 0.006 -15"><span class='ocrx_word' id='word_1_184' title='bbox 121 2097 180 2132; x_wconf 79' lang='lat'>20.</span> <span class='ocrx_word' id='word_1_185' title='bbox 213 2097 504 2144; x_wconf 81' lang='lat' dir='ltr'>Treverorumque</span> <span class='ocrx_word' id='word_1_186' title='bbox 533 2111 627 2134; x_wconf 91' lang='lat' dir='ltr'>nunc</span> <span class='ocrx_word' id='word_1_187' title='bbox 654 2101 728 2135; x_wconf 66' lang='lat' dir='ltr'>Ma:</span> <span class='ocrx_word' id='word_1_188' title='bbox 760 2102 788 2136; x_wconf 90' lang='lat' dir='ltr'>G</span> <span class='ocrx_word' id='word_1_189' title='bbox 816 2104 1030 2136; x_wconf 74' lang='lat' dir='ltr'>treuirorum</span> <span class='ocrx_word' id='word_1_190' title='bbox 1058 2113 1132 2146; x_wconf 78' lang='lat' dir='ltr'>que.</span> 
     </span>
    </p>
   </div>
   <div class='ocr_carea' id='block_1_26' title="bbox 118 2228 838 3050">
    <p class='ocr_par' dir='ltr' id='par_1_26' title="bbox 118 2228 838 2602">
     <span class='ocr_line' id='line_1_36' title="bbox 192 2228 838 2281; baseline 0.009 -18"><span class='ocrx_word' id='word_1_191' title='bbox 192 2228 276 2274; x_wconf 86' lang='lat' dir='ltr'>Cap.</span> <span class='ocrx_word' id='word_1_192' title='bbox 309 2231 364 2265; x_wconf 90' lang='lat'>18.</span> <span class='ocrx_word' id='word_1_193' title='bbox 427 2233 457 2266; x_wconf 85' lang='lat' dir='ltr'>is</span> <span class='ocrx_word' id='word_1_194' title='bbox 484 2234 632 2267; x_wconf 80' lang='lat' dir='ltr'>duarum</span> <span class='ocrx_word' id='word_1_195' title='bbox 664 2234 838 2281; x_wconf 64' lang='lat' dir='ltr'>legionum</span> 
     </span>
     <span class='ocr_line' id='line_1_37' title="bbox 119 2277 837 2326; baseline 0.008 -15"><span class='ocrx_word' id='word_1_196' title='bbox 119 2277 274 2312; x_wconf 76' lang='lat' dir='ltr'>hibernis</span> <span class='ocrx_word' id='word_1_197' title='bbox 296 2287 491 2324; x_wconf 82' lang='lat' dir='ltr'>praeerat.-</span> <span class='ocrx_word' id='word_1_198' title='bbox 522 2289 685 2326; x_wconf 85' lang='lat' dir='ltr'>praeerat</span> <span class='ocrx_word' id='word_1_199' title='bbox 713 2285 747 2317; x_wconf 92' lang='lat' dir='ltr'>in</span> <span class='ocrx_word' id='word_1_200' title='bbox 779 2284 837 2317; x_wconf 94' lang='lat' dir='ltr'>hi-</span> 
     </span>
     <span class='ocr_line' id='line_1_38' title="bbox 119 2326 837 2375; baseline 0.01 -16"><span class='ocrx_word' id='word_1_201' title='bbox 119 2326 239 2360; x_wconf 84' lang='lat' dir='ltr'>bernis</span> <span class='ocrx_word' id='word_1_202' title='bbox 263 2328 390 2372; x_wconf 90' lang='lat' dir='ltr'>quibus</span> <span class='ocrx_word' id='word_1_203' title='bbox 415 2330 583 2364; x_wconf 88' lang='lat' dir='ltr'>Veterum</span> <span class='ocrx_word' id='word_1_204' title='bbox 611 2341 760 2375; x_wconf 86' lang='lat' dir='ltr'>nomen3</span> <span class='ocrx_word' id='word_1_205' title='bbox 790 2332 837 2366; x_wconf 82' lang='lat' dir='ltr'>cf.</span> 
     </span>
     <span class='ocr_line' id='line_1_39' title="bbox 120 2376 837 2426; baseline 0.007 -17"><span class='ocrx_word' id='word_1_206' title='bbox 120 2387 149 2409; x_wconf 89' lang='lat' dir='ltr'>c.</span> <span class='ocrx_word' id='word_1_207' title='bbox 177 2377 234 2410; x_wconf 83' lang='lat'>22.</span> <span class='ocrx_word' id='word_1_208' title='bbox 266 2376 446 2422; x_wconf 89' lang='lat' dir='ltr'>Legiones</span> <span class='ocrx_word' id='word_1_209' title='bbox 477 2380 601 2424; x_wconf 78' lang='lat' dir='ltr'>quinta</span> <span class='ocrx_word' id='word_1_210' title='bbox 629 2385 664 2414; x_wconf 89' lang='lat' dir='ltr'>et</span> <span class='ocrx_word' id='word_1_211' title='bbox 693 2383 837 2426; x_wconf 87' lang='lat' dir='ltr'>quinta-</span> 
     </span>
     <span class='ocr_line' id='line_1_40' title="bbox 122 2423 837 2473; baseline 0.011 -18"><span class='ocrx_word' id='word_1_212' title='bbox 122 2423 260 2456; x_wconf 88' lang='lat' dir='ltr'>decima</span> <span class='ocrx_word' id='word_1_213' title='bbox 297 2424 399 2459; x_wconf 81' lang='lat' dir='ltr'>i&#39;uere</span> <span class='ocrx_word' id='word_1_214' title='bbox 434 2429 485 2471; x_wconf 84' lang='lat' dir='ltr'>(c.</span> <span class='ocrx_word' id='word_1_215' title='bbox 514 2428 579 2473; x_wconf 81' lang='lat'>35)</span> <span class='ocrx_word' id='word_1_216' title='bbox 620 2429 679 2462; x_wconf 89' lang='lat' dir='ltr'>vel</span> <span class='ocrx_word' id='word_1_217' title='bbox 718 2431 837 2473; x_wconf 90' lang='lat' dir='ltr'>potius</span> 
     </span>
     <span class='ocr_line' id='line_1_41' title="bbox 119 2470 837 2520; baseline 0.008 -15"><span class='ocrx_word' id='word_1_218' title='bbox 119 2470 254 2505; x_wconf 84' lang='lat' dir='ltr'>vexilla</span> <span class='ocrx_word' id='word_1_219' title='bbox 300 2472 421 2506; x_wconf 86' lang='lat' dir='ltr'>harum</span> <span class='ocrx_word' id='word_1_220' title='bbox 464 2475 647 2520; x_wconf 88' lang='lat' dir='ltr'>legionum</span> <span class='ocrx_word' id='word_1_221' title='bbox 693 2478 837 2511; x_wconf 85' lang='lat' dir='ltr'>auxiliis</span> 
     </span>
     <span class='ocr_line' id='line_1_42' title="bbox 118 2519 838 2566; baseline 0.011 -16"><span class='ocrx_word' id='word_1_222' title='bbox 118 2519 392 2563; x_wconf 86' lang='lat' dir='ltr'>provincialium</span> <span class='ocrx_word' id='word_1_223' title='bbox 431 2523 607 2566; x_wconf 88' lang='lat' dir='ltr'>suppleta.</span> <span class='ocrx_word' id='word_1_224' title='bbox 670 2523 724 2558; x_wconf 86' lang='lat' dir='ltr'>Cf.</span> <span class='ocrx_word' id='word_1_225' title='bbox 757 2525 796 2558; x_wconf 88' lang='lat' dir='ltr'>H.</span> <span class='ocrx_word' id='word_1_226' title='bbox 825 2525 838 2557; x_wconf 88' lang='lat'>1</span> 
     </span>
     <span class='ocr_line' id='line_1_43' title="bbox 118 2567 312 2602; baseline -0.005 0"><span class='ocrx_word' id='word_1_227' title='bbox 118 2567 165 2602; x_wconf 79' lang='lat'>55</span> <span class='ocrx_word' id='word_1_228' title='bbox 193 2572 228 2601; x_wconf 84' lang='lat' dir='ltr'>et</span> <span class='ocrx_word' id='word_1_229' title='bbox 254 2567 312 2602; x_wconf 83' lang='lat'>61.</span> 
     </span>
    </p>

    <p class='ocr_par' dir='ltr' id='par_1_27' title="bbox 120 2615 836 2711">
     <span class='ocr_line' id='line_1_44' title="bbox 190 2615 834 2662; baseline 0.006 -14"><span class='ocrx_word' id='word_1_230' title='bbox 190 2615 403 2661; x_wconf 65' lang='lat' dir='ltr'>legionarios</span> <span class='ocrx_word' id='word_1_231' title='bbox 434 2628 451 2650; x_wconf 85' lang='lat' dir='ltr'>e</span> <span class='ocrx_word' id='word_1_232' title='bbox 489 2618 754 2662; x_wconf 79' lang='lat' dir='ltr'>praesentibus,</span> <span class='ocrx_word' id='word_1_233' title='bbox 801 2620 834 2652; x_wconf 89' lang='lat' dir='ltr'>h.</span> 
     </span>
     <span class='ocr_line' id='line_1_45' title="bbox 120 2663 836 2711; baseline 0.006 -15"><span class='ocrx_word' id='word_1_234' title='bbox 120 2674 150 2696; x_wconf 89' lang='lat' dir='ltr'>e.</span> <span class='ocrx_word' id='word_1_235' title='bbox 180 2675 225 2697; x_wconf 80' lang='lat' dir='ltr'>ex</span> <span class='ocrx_word' id='word_1_236' title='bbox 257 2663 415 2698; x_wconf 89' lang='lat' dir='ltr'>hibernis</span> <span class='ocrx_word' id='word_1_237' title='bbox 445 2666 636 2699; x_wconf 85' lang='lat' dir='ltr'>Veteribus</span> <span class='ocrx_word' id='word_1_238' title='bbox 664 2672 836 2711; x_wconf 85' lang='lat' dir='ltr'>sumptos.</span> 
     </span>
    </p>

    <p class='ocr_par' dir='ltr' id='par_1_28' title="bbox 120 2714 838 2853">
     <span class='ocr_line' id='line_1_46' title="bbox 191 2714 838 2757; baseline 0.005 -12"><span class='ocrx_word' id='word_1_239' title='bbox 191 2714 406 2757; x_wconf 78' lang='lat' dir='ltr'>transmisit,</span> <span class='ocrx_word' id='word_1_240' title='bbox 435 2715 457 2747; x_wconf 92' lang='lat' dir='ltr'>i.</span> <span class='ocrx_word' id='word_1_241' title='bbox 490 2725 522 2748; x_wconf 90' lang='lat' dir='ltr'>e.</span> <span class='ocrx_word' id='word_1_242' title='bbox 550 2715 693 2748; x_wconf 83' lang='lat' dir='ltr'>traiecit</span> <span class='ocrx_word' id='word_1_243' title='bbox 720 2716 755 2748; x_wconf 94' lang='lat' dir='ltr'>in</span> <span class='ocrx_word' id='word_1_244' title='bbox 780 2716 838 2748; x_wconf 89' lang='lat' dir='ltr'>in-</span> 
     </span>
     <span class='ocr_line' id='line_1_47' title="bbox 120 2759 838 2798; baseline 0.007 -6"><span class='ocrx_word' id='word_1_245' title='bbox 120 2759 231 2793; x_wconf 86' lang='lat' dir='ltr'>sulam</span> <span class='ocrx_word' id='word_1_246' title='bbox 266 2761 481 2796; x_wconf 86' lang='lat' dir='ltr'>Batavorum</span> <span class='ocrx_word' id='word_1_247' title='bbox 514 2762 684 2798; x_wconf 85' lang='lat' dir='ltr'>Vahalem</span> <span class='ocrx_word' id='word_1_248' title='bbox 720 2768 838 2797; x_wconf 86' lang='lat' dir='ltr'>trans-</span> 
     </span>
     <span class='ocr_line' id='line_1_48' title="bbox 120 2819 275 2853; baseline 0.026 -13"><span class='ocrx_word' id='word_1_249' title='bbox 120 2819 275 2853; x_wconf 83' lang='lat' dir='ltr'>gressus.</span> 
     </span>
    </p>

    <p class='ocr_par' dir='ltr' id='par_1_29' title="bbox 118 2858 837 3050">
     <span class='ocr_line' id='line_1_49' title="bbox 190 2858 837 2903; baseline 0.006 -13"><span class='ocrx_word' id='word_1_250' title='bbox 190 2858 228 2889; x_wconf 82' lang='lat' dir='ltr'>in</span> <span class='ocrx_word' id='word_1_251' title='bbox 262 2864 381 2892; x_wconf 83' lang='lat' dir='ltr'>castra</span> <span class='ocrx_word' id='word_1_252' title='bbox 419 2859 540 2903; x_wconf 80' lang='lat' dir='ltr'>quibus</span> <span class='ocrx_word' id='word_1_253' title='bbox 580 2860 736 2894; x_wconf 76' lang='lat' dir='ltr'>Veterum</span> <span class='ocrx_word' id='word_1_254' title='bbox 768 2873 837 2894; x_wconf 81' lang='lat' dir='ltr'>no-</span> 
     </span>
     <span class='ocr_line' id='line_1_50' title="bbox 118 2906 836 2954; baseline 0.01 -18"><span class='ocrx_word' id='word_1_255' title='bbox 118 2915 196 2936; x_wconf 81' lang='lat' dir='ltr'>men</span> <span class='ocrx_word' id='word_1_256' title='bbox 235 2911 306 2938; x_wconf 86' lang='lat' dir='ltr'>est:</span> <span class='ocrx_word' id='word_1_257' title='bbox 342 2906 531 2952; x_wconf 85' lang='lat' dir='ltr'>legionarii</span> <span class='ocrx_word' id='word_1_258' title='bbox 569 2908 686 2954; x_wconf 77' lang='lat' dir='ltr'>refugi</span> <span class='ocrx_word' id='word_1_259' title='bbox 715 2909 836 2943; x_wconf 89' lang='lat' dir='ltr'>Vaha-</span> 
     </span>
     <span class='ocr_line' id='line_1_51' title="bbox 119 2952 834 3000; baseline 0.01 -16"><span class='ocrx_word' id='word_1_260' title='bbox 119 2953 189 2988; x_wconf 89' lang='lat' dir='ltr'>lem</span> <span class='ocrx_word' id='word_1_261' title='bbox 217 2952 341 2987; x_wconf 88' lang='lat' dir='ltr'>codem</span> <span class='ocrx_word' id='word_1_262' title='bbox 369 2960 491 2998; x_wconf 88' lang='lat' dir='ltr'>ponte,</span> <span class='ocrx_word' id='word_1_263' title='bbox 521 2966 590 3000; x_wconf 91' lang='lat' dir='ltr'>quo</span> <span class='ocrx_word' id='word_1_264' title='bbox 617 2958 652 2990; x_wconf 85' lang='lat' dir='ltr'>in</span> <span class='ocrx_word' id='word_1_265' title='bbox 680 2957 834 2991; x_wconf 87' lang='lat' dir='ltr'>insulam</span> 
     </span>
     <span class='ocr_line' id='line_1_52' title="bbox 119 3001 833 3050; baseline 0.007 -15"><span class='ocrx_word' id='word_1_266' title='bbox 119 3001 332 3045; x_wconf 82' lang='lat' dir='ltr'>transgressi</span> <span class='ocrx_word' id='word_1_267' title='bbox 358 3008 470 3046; x_wconf 83' lang='lat' dir='ltr'>erant,</span> <span class='ocrx_word' id='word_1_268' title='bbox 502 3004 650 3048; x_wconf 85' lang='lat' dir='ltr'>Vetera,</span> <span class='ocrx_word' id='word_1_269' title='bbox 678 3016 771 3050; x_wconf 86' lang='lat' dir='ltr'>quae</span> <span class='ocrx_word' id='word_1_270' title='bbox 797 3006 833 3039; x_wconf 91' lang='lat' dir='ltr'>in</span> 
     </span>
    </p>
   </div>
   <div class='ocr_carea' id='block_1_27' title="bbox 588 1853 1629 1906">
    <p class='ocr_par' dir='ltr' id='par_1_30' title="bbox 588 1853 1629 1906">
     <span class='ocr_line' id='line_1_53' title="bbox 588 1853 1629 1906; baseline 0.005 -14"><span class='ocrx_word' id='word_1_271' title='bbox 588 1853 687 1895; x_wconf 89' lang='lat' dir='ltr'>llluc</span> <span class='ocrx_word' id='word_1_272' title='bbox 730 1853 958 1895; x_wconf 88' lang='lat' dir='ltr'>incubuere</span> <span class='ocrx_word' id='word_1_273' title='bbox 1002 1854 1223 1906; x_wconf 83' lang='lat' dir='ltr'>Germani3</span> <span class='ocrx_word' id='word_1_274' title='bbox 1264 1859 1303 1896; x_wconf 88' lang='lat' dir='ltr'>et</span> <span class='ocrx_word' id='word_1_275' title='bbox 1344 1855 1420 1897; x_wconf 86' lang='lat' dir='ltr'>fuit</span> <span class='ocrx_word' id='word_1_276' title='bbox 1465 1855 1629 1897; x_wconf 85' lang='lat' dir='ltr'>interim</span> 
     </span>
    </p>
   </div>
   <div class='ocr_carea' id='block_1_28' title="bbox 1223 2008 1627 2148">
    <p class='ocr_par' dir='ltr' id='par_1_31' title="bbox 1223 2008 1627 2148">
     <span class='ocr_line' id='line_1_54' title="bbox 1374 2008 1627 2054; baseline 0.016 -13"><span class='ocrx_word' id='word_1_277' title='bbox 1374 2009 1514 2054; x_wconf 69' lang='lat' dir='ltr'>agentis</span> <span class='ocrx_word' id='word_1_278' title='bbox 1531 2008 1627 2053; x_wconf 62' lang='lat' dir='ltr'>(ima,</span> 
     </span>
     <span class='ocr_line' id='line_1_55' title="bbox 1341 2055 1627 2093; baseline 0.014 -4"><span class='ocrx_word' id='word_1_279' title='bbox 1341 2055 1396 2090; x_wconf 87' lang='lat'>17.</span> <span class='ocrx_word' id='word_1_280' title='bbox 1425 2058 1541 2093; x_wconf 62' lang='lat' dir='ltr'>corna?</span> <span class='ocrx_word' id='word_1_281' title='bbox 1561 2057 1627 2093; x_wconf 73' lang='lat' dir='ltr'>M⁸.</span> 
     </span>
     <span class='ocr_line' id='line_1_56' title="bbox 1223 2102 1428 2148; baseline 0.015 -12"><span class='ocrx_word' id='word_1_282' title='bbox 1223 2103 1335 2148; x_wconf 80' lang='lat' dir='ltr'>faeda</span> <span class='ocrx_word' id='word_1_283' title='bbox 1363 2102 1428 2139; x_wconf 67' lang='lat' dir='ltr'>Ma.</span> 
     </span>
    </p>
   </div>
   <div class='ocr_carea' id='block_1_29' title="bbox 906 2235 1629 3055">
    <p class='ocr_par' dir='ltr' id='par_1_32' title="bbox 908 2235 1626 2330">
     <span class='ocr_line' id='line_1_57' title="bbox 908 2235 1626 2282; baseline 0.004 -13"><span class='ocrx_word' id='word_1_284' title='bbox 908 2236 1051 2269; x_wconf 89' lang='lat' dir='ltr'>sinistra</span> <span class='ocrx_word' id='word_1_285' title='bbox 1078 2235 1193 2269; x_wconf 89' lang='lat' dir='ltr'>Rheni</span> <span class='ocrx_word' id='word_1_286' title='bbox 1220 2236 1374 2270; x_wconf 88' lang='lat' dir='ltr'>nondum</span> <span class='ocrx_word' id='word_1_287' title='bbox 1403 2236 1509 2271; x_wconf 82' lang='lat' dir='ltr'>divisi</span> <span class='ocrx_word' id='word_1_288' title='bbox 1537 2238 1626 2282; x_wconf 84' lang='lat' dir='ltr'>ripa,</span> 
     </span>
     <span class='ocr_line' id='line_1_58' title="bbox 908 2284 1323 2330; baseline 0.005 -13"><span class='ocrx_word' id='word_1_289' title='bbox 908 2284 1063 2330; x_wconf 80' lang='lat' dir='ltr'>fugiunt.</span> <span class='ocrx_word' id='word_1_290' title='bbox 1317 2296 1323 2306; x_wconf 52' lang='lat' dir='ltr'><em>s</em></span> 
     </span>
    </p>

    <p class='ocr_par' dir='ltr' id='par_1_33' title="bbox 908 2333 1629 2558">
     <span class='ocr_line' id='line_1_59' title="bbox 981 2333 1629 2380; baseline -0.002 -14"><span class='ocrx_word' id='word_1_291' title='bbox 981 2333 1154 2379; x_wconf 82' lang='lat' dir='ltr'>oppidano</span> <span class='ocrx_word' id='word_1_292' title='bbox 1170 2333 1362 2367; x_wconf 82' lang='lat' dir='ltr'>certamine</span> <span class='ocrx_word' id='word_1_293' title='bbox 1375 2345 1386 2367; x_wconf 89' lang='grc'>.·</span> <span class='ocrx_word' id='word_1_294' title='bbox 1415 2333 1542 2367; x_wconf 84' lang='lat' dir='ltr'>eodem</span> <span class='ocrx_word' id='word_1_295' title='bbox 1561 2344 1629 2380; x_wconf 86' lang='lat' dir='ltr'>op-</span> 
     </span>
     <span class='ocr_line' id='line_1_60' title="bbox 908 2381 1627 2426; baseline 0.004 -12"><span class='ocrx_word' id='word_1_296' title='bbox 908 2381 991 2426; x_wconf 91' lang='lat' dir='ltr'>pido</span> <span class='ocrx_word' id='word_1_297' title='bbox 1022 2386 1173 2426; x_wconf 89' lang='lat' dir='ltr'>uterque</span> <span class='ocrx_word' id='word_1_298' title='bbox 1200 2386 1298 2415; x_wconf 84' lang='lat' dir='ltr'>ortus</span> <span class='ocrx_word' id='word_1_299' title='bbox 1327 2385 1415 2424; x_wconf 85' lang='lat' dir='ltr'>erat,</span> <span class='ocrx_word' id='word_1_300' title='bbox 1442 2381 1505 2416; x_wconf 84' lang='lat' dir='ltr'>sed</span> <span class='ocrx_word' id='word_1_301' title='bbox 1519 2382 1627 2426; x_wconf 84' lang='lat' dir='ltr'>unde,</span> 
     </span>
     <span class='ocr_line' id='line_1_61' title="bbox 908 2429 1629 2475; baseline 0.004 -13"><span class='ocrx_word' id='word_1_302' title='bbox 908 2440 972 2462; x_wconf 91' lang='lat' dir='ltr'>nos</span> <span class='ocrx_word' id='word_1_303' title='bbox 999 2430 1217 2475; x_wconf 85' lang='lat' dir='ltr'>ignoramus.</span> <span class='ocrx_word' id='word_1_304' title='bbox 1286 2430 1404 2464; x_wconf 87' lang='lat' dir='ltr'>Labeo</span> <span class='ocrx_word' id='word_1_305' title='bbox 1431 2430 1467 2463; x_wconf 91' lang='lat' dir='ltr'>in</span> <span class='ocrx_word' id='word_1_306' title='bbox 1493 2429 1629 2465; x_wconf 73' lang='lat' dir='ltr'>Frisios</span> 
     </span>
     <span class='ocr_line' id='line_1_62' title="bbox 909 2477 1627 2522; baseline 0.004 -12"><span class='ocrx_word' id='word_1_307' title='bbox 909 2483 1056 2511; x_wconf 86' lang='lat' dir='ltr'>avectus</span> <span class='ocrx_word' id='word_1_308' title='bbox 1103 2478 1289 2522; x_wconf 86' lang='lat' dir='ltr'>regionem</span> <span class='ocrx_word' id='word_1_309' title='bbox 1336 2477 1627 2514; x_wconf 83' lang='lat' dir='ltr'>transrhenanam</span> 
     </span>
     <span class='ocr_line' id='line_1_63' title="bbox 911 2525 1168 2558; baseline 0 0"><span class='ocrx_word' id='word_1_310' title='bbox 911 2527 979 2558; x_wconf 86' lang='lat' dir='ltr'>iam</span> <span class='ocrx_word' id='word_1_311' title='bbox 1007 2525 1168 2558; x_wconf 89' lang='lat' dir='ltr'>incoluit.</span> 
     </span>
    </p>

    <p class='ocr_par' dir='ltr' id='par_1_34' title="bbox 906 2571 1629 3055">
     <span class='ocr_line' id='line_1_64' title="bbox 983 2571 1628 2620; baseline 0.003 -14"><span class='ocrx_word' id='word_1_312' title='bbox 983 2571 1069 2616; x_wconf 87' lang='lat' dir='ltr'>Cap.</span> <span class='ocrx_word' id='word_1_313' title='bbox 1107 2573 1161 2608; x_wconf 87' lang='lat'>19.</span> <span class='ocrx_word' id='word_1_314' title='bbox 1209 2574 1422 2608; x_wconf 80' lang='lat' dir='ltr'>Batavorum</span> <span class='ocrx_word' id='word_1_315' title='bbox 1452 2576 1501 2620; x_wconf 79' lang='lat' dir='ltr'>[ee</span> <span class='ocrx_word' id='word_1_316' title='bbox 1528 2573 1628 2608; x_wconf 81' lang='lat' dir='ltr'>Gan-</span> 
     </span>
     <span class='ocr_line' id='line_1_65' title="bbox 908 2621 1627 2670; baseline 0.004 -17"><span class='ocrx_word' id='word_1_317' title='bbox 908 2621 1131 2670; x_wconf 83' lang='lat' dir='ltr'>ninesatium]</span> <span class='ocrx_word' id='word_1_318' title='bbox 1153 2621 1333 2655; x_wconf 80' lang='lat' dir='ltr'>cohortes:</span> <span class='ocrx_word' id='word_1_319' title='bbox 1361 2627 1413 2655; x_wconf 83' lang='lat' dir='ltr'>tot</span> <span class='ocrx_word' id='word_1_320' title='bbox 1432 2621 1523 2656; x_wconf 84' lang='lat' dir='ltr'>locis</span> <span class='ocrx_word' id='word_1_321' title='bbox 1545 2627 1627 2657; x_wconf 81' lang='lat' dir='ltr'>octo</span> 
     </span>
     <span class='ocr_line' id='line_1_66' title="bbox 907 2669 1628 2717; baseline 0.004 -15"><span class='ocrx_word' id='word_1_322' title='bbox 907 2669 995 2703; x_wconf 88' lang='lat' dir='ltr'>illae</span> <span class='ocrx_word' id='word_1_323' title='bbox 1029 2669 1218 2712; x_wconf 84' lang='lat' dir='ltr'>cohortes,</span> <span class='ocrx_word' id='word_1_324' title='bbox 1264 2669 1416 2716; x_wconf 72' lang='lat' dir='ltr'>legionis</span> <span class='ocrx_word' id='word_1_325' title='bbox 1459 2676 1628 2717; x_wconf 81' lang='lat' dir='ltr'>quartae-</span> 
     </span>
     <span class='ocr_line' id='line_1_67' title="bbox 909 2717 1629 2764; baseline 0.003 -14"><span class='ocrx_word' id='word_1_326' title='bbox 909 2717 1070 2751; x_wconf 87' lang='lat' dir='ltr'>decimae</span> <span class='ocrx_word' id='word_1_327' title='bbox 1099 2718 1233 2752; x_wconf 88' lang='lat' dir='ltr'>auxilia</span> <span class='ocrx_word' id='word_1_328' title='bbox 1250 2745 1259 2762; x_wconf 93' lang='lat'>,</span> <span class='ocrx_word' id='word_1_329' title='bbox 1302 2724 1542 2753; x_wconf 85' lang='lat' dir='ltr'>memorantur</span> <span class='ocrx_word' id='word_1_330' title='bbox 1564 2729 1629 2764; x_wconf 80' lang='lat' dir='ltr'>per</span> 
     </span>
     <span class='ocr_line' id='line_1_68' title="bbox 910 2764 1628 2812; baseline 0.007 -14"><span class='ocrx_word' id='word_1_331' title='bbox 910 2764 974 2798; x_wconf 90' lang='lat' dir='ltr'>hos</span> <span class='ocrx_word' id='word_1_332' title='bbox 1004 2765 1126 2809; x_wconf 89' lang='lat' dir='ltr'>libros,</span> <span class='ocrx_word' id='word_1_333' title='bbox 1164 2768 1227 2801; x_wconf 88' lang='lat' dir='ltr'>sed</span> <span class='ocrx_word' id='word_1_334' title='bbox 1254 2766 1387 2812; x_wconf 82' lang='lat' dir='ltr'>ubique</span> <span class='ocrx_word' id='word_1_335' title='bbox 1415 2768 1628 2802; x_wconf 71' lang='lat' dir='ltr'>Batavorum</span> 
     </span>
     <span class='ocr_line' id='line_1_69' title="bbox 910 2814 1626 2850; baseline 0.007 -5"><span class='ocrx_word' id='word_1_336' title='bbox 910 2814 1069 2848; x_wconf 83' lang='lat' dir='ltr'>cohortes</span> <span class='ocrx_word' id='word_1_337' title='bbox 1111 2815 1170 2849; x_wconf 87' lang='lat' dir='ltr'>vel</span> <span class='ocrx_word' id='word_1_338' title='bbox 1213 2816 1341 2850; x_wconf 74' lang='lat' dir='ltr'>Batavi</span> <span class='ocrx_word' id='word_1_339' title='bbox 1386 2817 1626 2850; x_wconf 80' lang='lat' dir='ltr'>nominantur.</span> 
     </span>
     <span class='ocr_line' id='line_1_70' title="bbox 908 2861 1628 2909; baseline 0.004 -14"><span class='ocrx_word' id='word_1_340' title='bbox 908 2861 1045 2907; x_wconf 88' lang='lat' dir='ltr'>Relege</span> <span class='ocrx_word' id='word_1_341' title='bbox 1082 2863 1123 2897; x_wconf 87' lang='lat' dir='ltr'>H.</span> <span class='ocrx_word' id='word_1_342' title='bbox 1162 2864 1174 2897; x_wconf 87' lang='lat'>1</span> <span class='ocrx_word' id='word_1_343' title='bbox 1204 2864 1251 2898; x_wconf 88' lang='lat'>59</span> <span class='ocrx_word' id='word_1_344' title='bbox 1287 2865 1379 2909; x_wconf 82' lang='lat' dir='ltr'>(octo</span> <span class='ocrx_word' id='word_1_345' title='bbox 1414 2862 1628 2899; x_wconf 56' lang='lat' dir='ltr'>Batavorum</span> 
     </span>
     <span class='ocr_line' id='line_1_71' title="bbox 908 2910 1626 2958; baseline 0.008 -17"><span class='ocrx_word' id='word_1_346' title='bbox 908 2910 1081 2956; x_wconf 83' lang='lat' dir='ltr'>cohortes)</span> <span class='ocrx_word' id='word_1_347' title='bbox 1108 2916 1143 2944; x_wconf 86' lang='lat' dir='ltr'>et</span> <span class='ocrx_word' id='word_1_348' title='bbox 1168 2911 1216 2946; x_wconf 81' lang='grc'>64</span> <span class='ocrx_word' id='word_1_349' title='bbox 1243 2912 1440 2958; x_wconf 72' lang='lat' dir='ltr'>(Batavos),</span> <span class='ocrx_word' id='word_1_350' title='bbox 1467 2913 1510 2947; x_wconf 84' lang='lat' dir='ltr'>H.</span> <span class='ocrx_word' id='word_1_351' title='bbox 1531 2912 1626 2948; x_wconf 81' lang='lat'><strong>1127</strong></span> 
     </span>
     <span class='ocr_line' id='line_1_72' title="bbox 907 2958 1628 3007; baseline 0.006 -17"><span class='ocrx_word' id='word_1_352' title='bbox 907 2958 1083 3003; x_wconf 82' lang='lat' dir='ltr'>(cohortes</span> <span class='ocrx_word' id='word_1_353' title='bbox 1122 2960 1349 3004; x_wconf 79' lang='lat' dir='ltr'>Batavorum)</span> <span class='ocrx_word' id='word_1_354' title='bbox 1393 2965 1428 2994; x_wconf 88' lang='lat' dir='ltr'>et</span> <span class='ocrx_word' id='word_1_355' title='bbox 1452 2960 1500 2996; x_wconf 82' lang='lat'>43</span> <span class='ocrx_word' id='word_1_356' title='bbox 1535 2961 1628 3007; x_wconf 78' lang='lat' dir='ltr'>(eum</span> 
     </span>
     <span class='ocr_line' id='line_1_73' title="bbox 906 3006 1626 3055; baseline 0.003 -15"><span class='ocrx_word' id='word_1_357' title='bbox 906 3006 1066 3055; x_wconf 78' lang='lat' dir='ltr'>Batavis)</span> <span class='ocrx_word' id='word_1_358' title='bbox 1111 3012 1147 3041; x_wconf 85' lang='lat' dir='ltr'>et</span> <span class='ocrx_word' id='word_1_359' title='bbox 1180 3007 1228 3043; x_wconf 85' lang='lat'>66</span> <span class='ocrx_word' id='word_1_360' title='bbox 1252 3011 1288 3042; x_wconf 84' lang='lat' dir='ltr'>et</span> <span class='ocrx_word' id='word_1_361' title='bbox 1313 3007 1361 3043; x_wconf 88' lang='grc'>69</span> <span class='ocrx_word' id='word_1_362' title='bbox 1397 3008 1626 3054; x_wconf 74' lang='lat' dir='ltr'>(Batavorum</span> 
     </span>
    </p>
   </div>
  </div>
 </body>
</html>
