1768 3216
142 230 217 270 222
707 234 768 269 DE
797 233 1080 271 ORATORIBVS

144 350 279 404 poscit
309 350 380 401 uti,
411 350 590 391 alienum
620 351 698 393 erit
728 353 898 394 oratori.
940 353 1084 406 Neque
1112 353 1221 394 enim
1248 352 1478 406 sapientem
1503 352 1643 395 infor-

145 436 300 466 mamus
333 436 468 478 ncque
510 425 745 468 Stoicorum
790 427 1027 480 civitatem,
1077 427 1152 469 sed
1195 439 1286 469 eum
1328 427 1397 482 qui
1444 426 1642 481 quasdam

146 502 254 540 artes
286 498 470 551 haurire,
504 511 649 542 omnes
681 501 813 542 libare
846 501 982 542 debet.
1035 502 1219 555 Ideoque
1240 505 1281 543 et
1302 501 1405 543 iuris
1425 501 1642 543 scientiam

145 576 310 615 veteres
343 578 534 617 oratores
566 575 997 630 comprehendebant,
1043 580 1083 618 et
1113 576 1425 631 grammaticae,
1458 575 1644 618 musicae

117 650 187 688 set
216 649 475 702 geometriae
499 653 590 690 arte
621 650 923 693 imbuebantur.
1001 651 1194 692 Incidunt
1224 652 1334 693 enim
1366 660 1519 692 causae
1549 649 1646 704 plu-

146 722 277 764 rimae
309 723 475 777 quidem
505 736 555 766 ac
585 737 718 779 paene
741 737 886 767 omnes
909 725 1055 780 quibus
1075 725 1177 767 iuris
1198 725 1344 767 notitia
1365 724 1644 777 desideratur,

146 796 369 852 pleraeque
412 802 547 841 autem
590 800 632 840 in
680 800 827 854 quibus
874 800 978 842 haec
1021 800 1198 842 scientia
1243 799 1481 854 requiritur.
1556 797 1714 840 Necaa

148 871 362 926 quisquam
394 873 648 927 respondeat
676 875 871 916 sufficere
900 879 943 916 ut
973 874 1023 916 ad
1055 878 1215 928 tempus
1244 873 1420 928 simplex
1450 872 1645 926 quiddam

148 949 189 987 et
217 947 426 989 uniforme
457 948 696 991 doceamur.
765 949 942 991 Primum
972 949 1082 991 enim
1114 949 1235 990 aliter
1266 948 1419 991 utimur
1447 947 1644 1002 propriis,

99 1032 137 1062 ιο
150 1020 270 1062 aliter
303 1023 594 1076 commodatis,
626 1024 835 1078 longeque
866 1024 1071 1066 interesse
1100 1024 1360 1066 manifestum
1394 1026 1470 1075 est,
1502 1022 1646 1077 possi-

249 1188 279 1221 1.
307 1186 458 1221 alienum
489 1187 537 1223 ηὸ
562 1189 630 1222 erit
657 1189 721 1234 (ηό
748 1188 891 1232 punctis
916 1187 1164 1233 subnotatum)
1194 1187 1230 1221 P.
1308 1189 1341 1223 2.
1369 1197 1480 1232 neque
1505 1187 1646 1221 Stoico-

148 1247 226 1269 rum
251 1235 294 1269 P:
322 1247 388 1269 uec
414 1237 465 1270 St.
491 1236 530 1271 F.
604 1238 792 1283 civitatem]
810 1242 921 1270 artem
950 1236 986 1277 B,
1013 1238 1169 1280 ascripto
1196 1237 1232 1269 in
1259 1246 1370 1281 marg.
1397 1236 1576 1270 ciuitatem
1600 1234 1646 1269 ab

149 1283 196 1317 al.
226 1294 354 1317 manu:
382 1286 557 1318 civitatem
582 1285 609 1319 F
637 1290 672 1319 et
699 1287 822 1328 ceteri,
851 1290 888 1318 ut
917 1284 1068 1319 videtur.
1140 1285 1174 1319 3.
1203 1284 1363 1327 haurire,
1391 1295 1508 1319 omnes
1533 1283 1645 1318 libare

147 1331 334 1365 Bekkerus
372 1338 406 1366 et
432 1333 657 1367 Waltherus:
707 1333 832 1368 audire
859 1344 976 1367 omnes
1002 1332 1199 1367 liberaliter
1225 1330 1291 1367 FP.
1474 1333 1564 1367 iuris
1595 1331 1644 1367 P:

150 1381 261 1414 ceteri
287 1382 376 1414 iuris
403 1382 525 1416 civilis.
584 1382 619 1417 4.
645 1384 912 1428 grammaticae,
938 1384 1092 1417 musicae
1123 1388 1154 1416 et
1175 1382 1388 1427 geometriae
1411 1387 1488 1416 arte
1508 1381 1644 1416 editor:

148 1430 377 1474 yrammatice
404 1431 532 1465 musice
564 1437 596 1464 et
620 1432 807 1476 geometr-ie
841 1432 876 1464 in
903 1441 1025 1464 rasura
1051 1431 1137 1476 (fuit
1162 1435 1217 1464 ter
1243 1434 1304 1476 ae)
1334 1429 1379 1473 P,
1403 1431 1644 1476 qrammatice,

148 1479 277 1512 musice
304 1484 335 1512 et
360 1481 567 1524 geometrice
594 1479 631 1513 F.
709 1481 741 1515 6.
770 1491 859 1526 pene
886 1479 921 1513 P.
1001 1479 1244 1526 7.plerumque
1270 1478 1312 1512 ab
1335 1479 1375 1516 ,al
1402 1490 1447 1514 m.
1467 1489 1643 1524 superscr.

149 1538 191 1560 ae
224 1527 258 1568 Ρ,
283 1526 484 1572 plerumque
511 1528 555 1570 F,
583 1528 770 1574 pleraeque
796 1528 1002 1563 Rhenanus.
1117 1529 1149 1562 7.
1178 1527 1268 1562 haec
1292 1528 1444 1562 scientia
1469 1528 1515 1562 P:
1558 1528 1646 1561 haec

149 1586 279 1620 quoque
305 1577 453 1611 scientia
482 1576 521 1619 F,
550 1577 616 1610 liae
644 1589 773 1622 quoque
798 1578 966 1612 scientiae
995 1577 1198 1611 Rhenanus.

145 1625 283 1669 peritur
308 1636 485 1670 superscr.
513 1627 663 1671 quiritur
689 1626 724 1668 P,
753 1627 981 1671 requiruntur
1007 1625 1212 1660 Rhenanus.
1300 1625 1335 1660 8.
1362 1626 1501 1670 suffice't
1528 1624 1582 1670 (h.
1612 1636 1645 1658 e.

149 1673 334 1717 sufficeret,
363 1680 399 1708 ut
424 1675 592 1708 scribitur
619 1675 655 1708 in
675 1674 745 1721 F):
772 1676 927 1709 correxit
956 1674 1127 1709 Pithoeus
1156 1677 1245 1719 (non
1272 1672 1441 1718 Pichena,
1466 1678 1506 1708 ut
1530 1677 1648 1707 narrat

151 1719 338 1769 Orellius).
428 1724 462 1758 9.
493 1729 608 1757 autem
635 1723 689 1758 FP
717 1728 751 1758 et
778 1725 911 1758 ceteri:
940 1725 1031 1758 enim
1061 1724 1169 1757 tacite
1195 1722 1401 1757 Rhenanus.

1294 1577 1487 1622 requiritur
1511 1575 1539 1610 F
1550 1588 1558 1610 ε
1585 1587 1647 1610 re-

153 1874 178 1908 X
212 1876 247 1916 ἓ.
275 1876 332 1909 22.
361 1872 435 1907 Cic.
466 1873 768 1910 deFinib.1128:
792 1876 865 1921 ipse

152 1923 374 1957 Metrodorus
407 1934 521 1968 paene
558 1923 650 1957 alter
676 1923 863 1968 Epicurus.

151 1971 438 2005 Exclamaliones
465 1971 672 2016 frequenter
704 1973 738 2004 in
773 1973 865 2005 scri-

933 1876 1092 1908 sentiunt
1144 1878 1179 1907 et
1231 1876 1406 1917 perpetua
1455 1871 1647 1906 concordia

935 1927 1056 1969 agunt.
1122 1921 1313 1955 Civitatem
1354 1919 1455 1954 libris
1494 1919 1599 1954 editis
1627 1931 1647 1954 a

934 1972 1064 2006 Stoicis
1093 1970 1283 2012 conditam,
1307 1973 1346 2002 ut
1362 1969 1517 2003 instituit
1534 1968 1646 2011 Plato,

153 2020 220 2062 ptis
235 2018 515 2062 Epicureorum:
544 2019 671 2053 Cicero
687 2020 729 2053 de
746 2020 863 2054 Finib.

152 2067 183 2100 ll
211 2068 254 2101 27
281 2067 351 2101 88:
388 2068 437 2100 ait
463 2068 555 2100 enim
581 2079 638 2110 se,
675 2071 705 2102 si
728 2074 866 2109 uratur,

151 2116 265 2159 ‘quam
291 2115 356 2148 hoc
383 2115 496 2148 ,νισι-ε’
515 2115 698 2149 dicturum.
728 2116 866 2150 Seneca

151 2163 265 2207 Epist.
294 2163 341 2198 66
369 2165 404 2205 §.
437 2164 499 2197 17:
534 2164 711 2209 Epicurus
737 2175 866 2208 quoque

152 2213 221 2254 ait,
259 2213 474 2258 sapientem,
512 2213 543 2245 si
578 2214 615 2246 in
654 2211 867 2246 Plialaradis

150 2268 252 2294 tauro
263 2266 467 2306 peruratur,
477 2261 764 2303 exclamaturum,
773 2260 868 2294 ‘dul-

153 2321 190 2342 ce
230 2315 278 2342 est
314 2315 345 2342 et
385 2309 432 2342 ad
470 2320 522 2342 me
562 2308 653 2342 nihil
687 2308 865 2355 pertinet'.

151 2357 362 2391 Exclamare
393 2357 482 2391 adeo
509 2358 691 2402 proprium
708 2357 867 2402 Epicuri,

153 2411 190 2438 ut
207 2417 298 2450 quae
322 2406 469 2439 firmiter
487 2412 522 2440 et
548 2406 742 2440 identidem
765 2417 867 2440 asse-

152 2460 292 2488 veraret
305 2481 313 2495 ,
336 2454 492 2488 clamare
508 2454 644 2489 dicatur
657 2466 675 2489 a
692 2454 868 2489 Cicerone

153 2502 269 2536 Finib.
298 2502 327 2536 11
352 2503 415 2537 16:
443 2504 571 2547 itaque,
595 2504 776 2548 Torquate,
792 2515 869 2537 cum

154 2551 289 2584 diceres
307 2550 462 2584 clamare
477 2552 671 2596 Epicurum
684 2563 755 2585 non
767 2564 868 2598 posse

153 2599 303 2633 iucunde
338 2599 426 2641 vivi,
463 2600 533 2632 uisi
564 2599 704 2633 honeste
741 2607 771 2633 et
806 2612 868 2634 sa-

150 2649 290 2694 pienter
317 2653 348 2681 et
373 2648 460 2681 iuste
486 2649 662 2682 viveretur
690 2653 757 2682 cet.

224 2731 335 2764 neque
361 2720 559 2753 Stoicorum
597 2720 792 2753 civitatem.-
831 2720 867 2752 in

155 2770 301 2802 civitate
329 2769 529 2803 Stoicorum
559 2778 676 2812 neque
709 2772 868 2800 oratores

154 2819 383 2862 requiruntur
398 2827 515 2862 neque
534 2815 631 2850 ullae
650 2820 769 2860 partes
787 2815 868 2849 elo-

154 2867 323 2909 quentiae
367 2871 495 2899 erunt:
539 2865 705 2898 nimirum
744 2874 868 2898 omnes

154 2924 262 2947 verae
289 2914 430 2947 virtutis
460 2919 494 2947 et
524 2913 708 2957 perfectae
722 2913 870 2957 sapien-

154 2962 226 2996 tiae
252 2962 403 2996 studiosi
429 2966 558 3007 sponte
590 2972 633 2996 ac
669 2962 740 2996 cito
777 2971 868 2995 con-

934 2020 1008 2053 noli
1037 2020 1220 2064 cogitare:
1249 2029 1327 2051 nam
1343 2017 1387 2051 de
1405 2016 1534 2052 talibus
1548 2017 1647 2051 Stoi-

935 2078 1056 2101 corum
1071 2067 1317 2100 conaminibus
1329 2066 1417 2100 nihil
1429 2066 1645 2109 accepimus.

934 2116 971 2149 In
1003 2115 1093 2149 libro
1122 2115 1145 2148 Ρ
1171 2120 1283 2147 artem
1311 2115 1457 2147 Pontani
1490 2123 1646 2147 errorem

937 2175 1016 2198 esse
1044 2163 1163 2206 credo,
1188 2166 1224 2195 in
1252 2173 1356 2206 quem
1387 2161 1511 2196 incidit
1531 2161 1647 2196 oculis

936 2214 971 2246 in
1000 2212 1197 2256 proximum
1227 2220 1355 2244 nomen
1377 2216 1472 2244 artes
1487 2210 1646 2253 intentis,

937 2266 1134 2294 correctum
1164 2259 1207 2292 ab
1234 2258 1303 2292 alia
1341 2269 1444 2292 manu
1482 2258 1518 2292 in
1552 2269 1647 2293 mar-

937 2311 1021 2355 gine
1048 2313 1108 2342 aut
1147 2319 1190 2341 ex
1227 2309 1305 2351 ipso
1340 2307 1487 2352 antiquo
1522 2318 1648 2342 exem-

935 2358 1024 2402 plari
1054 2362 1114 2391 aut
1141 2367 1185 2390 ex
1210 2356 1281 2390 alio
1308 2356 1386 2390 eius
1424 2355 1647 2402 apographo.

1010 2429 1285 2474 yrammaticae,
1317 2428 1470 2461 musicae
1505 2432 1536 2460 et
1563 2438 1649 2472 92⁰-

935 2479 1082 2510 metriae
1097 2481 1171 2510 arte
1185 2476 1428 2510 imbuebantur
1438 2487 1450 2511 .·
1466 2474 1647 2520 vulgatam

935 2525 1128 2558 lectionem
1163 2525 1413 2569 grammatice,
1446 2524 1576 2557 musice
1617 2529 1649 2557 et

934 2574 1143 2619 geometrice
1169 2571 1410 2606 imbuebantur
1446 2576 1647 2616 corruptam

938 2633 1017 2656 esse
1047 2632 1116 2655 non
1144 2620 1260 2655 solum
1285 2625 1496 2667 argumento
1517 2625 1570 2654 est
1584 2630 1648 2654 co-

937 2670 1003 2704 dex
1033 2670 1068 2714 P,
1096 2669 1156 2703 ubi
1183 2681 1200 2703 e
1227 2670 1263 2703 in
1291 2669 1490 2703 rasura'sic
1515 2667 1650 2714 legitur

938 2724 974 2751 ut
1003 2719 1050 2752 ibi
1078 2719 1115 2751 in
1143 2718 1248 2751 trium
1276 2718 1458 2752 nominum
1486 2717 1648 2751 terminis

937 2778 979 2800 ae
1005 2767 1119 2800 fuisse
1144 2771 1326 2810 appareat,
1351 2765 1414 2799 sed
1434 2765 1545 2799 multo
1570 2775 1648 2799 ma-

938 2816 992 2860 gis
1020 2825 1103 2848 usus
1117 2814 1241 2857 Taciti,
1269 2814 1328 2859 q'ui
1346 2814 1499 2847 Graecas
1518 2813 1648 2847 formas

936 2864 1086 2907 respuit,
1100 2863 1242 2897 Latinas
1256 2862 1439 2907 approbat.
1462 2861 1518 2896 Cf.
1533 2873 1567 2896 c.
1580 2862 1643 2897 30:

936 2912 975 2945 in
1001 2911 1099 2945 libris
1128 2912 1310 2946 Ciceronis
1327 2910 1586 2956 deprehendere
1601 2909 1649 2944 li-

938 2966 991 2994 cet
1015 2971 1087 2994 non
1111 2960 1346 3007 yeometriae‚
1383 2970 1455 2993 non
1481 2959 1647 3002 musicae,
