1768 3216
136 223 161 255 ι’
183 215 224 254 G.
249 217 310 254 69.
608 215 745 252 LIBER
774 213 802 251 1.
860 214 947 251 Gar.
974 215 1133 252 42—44.
1598 214 1649 250 49

130 334 303 378 Murcus
334 335 594 390 speculator3
626 348 650 377 a
681 334 830 390 quibus
860 337 1097 389 protractus
1113 332 1208 375 Piso
1239 330 1283 373 in
1314 330 1475 374 foribus
1505 331 1650 387 templi

65 407 380 454 44trucidatur.
442 410 605 452 Nullam
650 410 825 452 caedem
865 409 974 451 Otho
1013 409 1175 450 maiore
1213 407 1373 449 laetitia
1410 407 1649 461 excepisse,

135 486 293 529 nullum
333 489 458 540 caput
503 489 587 528 tam
634 485 942 527 insatiabilibus
984 484 1118 525 oculis
1158 482 1438 537 perlustrasse
1480 482 1648 536 dicitur,

136 574 216 606 seu
244 566 330 603 tum
359 561 538 615 primum
568 561 706 602 levata
739 560 853 602 omni
874 558 1160 602 sollicitudine
1185 570 1303 600 mens
1319 570 1475 602 vacare
1492 558 1649 614 gaudio

137 640 363 692 coeperat,
404 648 480 678 seu
520 635 763 678 recordatio
803 634 1032 677 maiestatis
1071 633 1114 674 in
1155 633 1308 686 Galba,
1349 633 1558 676 amicitiae
1606 633 1682 681 ins

134 711 227 754 Tito
257 711 382 753 Vinio
415 711 605 766 quamvis
637 710 838 752 immitem
871 710 1053 752 animum
1081 709 1265 764 imagine
1297 709 1406 751 tristi
1437 708 1651 751 consude-

134 790 218 829 rat:
267 786 431 829 Pisonis
475 790 519 827 ut
563 786 723 827 inimici
763 789 805 827 et
846 784 999 827 aemuli
1045 784 1177 826 cae'de
1217 783 1366 826 laetari
1406 784 1470 826 ius
1501 784 1650 838 sasque

135 860 349 904 credebat.
409 861 595 903 Praefixa
628 860 764 902 contis
797 860 933 914 capita
962 859 1251 915 gestabantur,
1283 859 1651 921 inEPE„.S-ig¹¹ss,5}⁰”

133 935 330 1009 hQ’
363 936 475 978 iuxta
507 936 686 990 aquilam
713 935 912 991 legionis,
945 934 1135 977 certatim
1166 933 1471 976 ostentantibus
1492 919 1650 977 cruen-

136 1015 201 1054 tas
242 1024 389 1054 manus
401 1025 414 1062 3
453 1012 524 1066 qui
562 1011 811 1052 occiderant
858 1010 927 1064 qui
962 1009 1264 1062 interfuerant,
1318 1010 1389 1063 qui
1433 1022 1537 1051 vere
1579 1009 1649 1064 qui
1664 1027 1702 1056 ιο

135 1086 260 1140 falso,
299 1091 345 1128 ut
381 1086 600 1141 pulchrum
640 1090 681 1127 et
717 1085 991 1128 memorabile
1024 1084 1188 1128 facinus
1220 1084 1444 1127 iactabant.
1504 1084 1648 1127 Plures

137 1171 260 1216 quam
309 1165 476 1203 centum
524 1161 676 1216 viginti
721 1160 887 1203 libellos
933 1160 1165 1215 praemium
1216 1159 1535 1214 exposcentium
1591 1158 1646 1201 ob

135 1236 316 1291 aliquam
354 1236 582 1279 notabilem
621 1235 691 1277 illa
731 1236 800 1277 die
840 1247 1012 1290 operam
1046 1235 1237 1278 Vitellius
1271 1239 1420 1289 postea
1459 1234 1645 1286 invenit3

135 1323 368 1367 omnesque
399 1311 593 1367 conquiri
625 1315 666 1354 et
696 1311 875 1353 interfici
906 1311 1039 1364 iussit,
1071 1323 1157 1353 non
1181 1311 1346 1353 honore
1372 1309 1545 1364 Galbae,
1568 1309 1647 1354 sed

269 1444 306 1480 2.
334 1444 530 1478 trucidatus
555 1441 630 1478 Ma:
658 1443 858 1478 trucidatur
883 1442 922 1478 G.
974 1443 1010 1479 3.
1037 1443 1153 1489 capud
1178 1440 1243 1477 Ma.
1296 1443 1331 1478 4.
1356 1453 1492 1489 vaqare
1517 1442 1589 1477 Mat
1618 1441 1647 1478 G

133 1502 280 1526 uacare.
359 1493 395 1528 5.
423 1498 565 1538 ceperat
589 1491 654 1527 Ma.
729 1492 762 1528 6.
791 1492 876 1527 inm.
904 1490 969 1525 Ma.
1045 1493 1204 1537 imaqine
1231 1490 1297 1526 Ma.
1386 1492 1419 1527 7.
1446 1491 1552 1526 eatuli
1575 1488 1643 1526 Ma.

133 1540 170 1576 8.
194 1542 290 1586 pref.
316 1539 383 1576 Ma.
436 1542 493 1577 10.
517 1542 618 1587 quiue
643 1553 729 1576 uere
747 1540 851 1575 GMa:
878 1542 1036 1574 correxit
1049 1541 1190 1585 Lipsius
1218 1551 1263 1574 ex
1290 1539 1382 1574 libro
1399 1539 1644 1575 Covarruviae

135 1593 172 1624 et
194 1589 354 1624 Romano
383 1590 521 1634 codice,
550 1595 588 1624 ut
614 1591 714 1624 dicit.
801 1591 857 1626 12.
886 1595 1024 1624 centum
1049 1590 1177 1636 viginti
1199 1588 1275 1633 Ma,
1301 1589 1407 1625 CXX.
1437 1589 1477 1634 G,
1507 1595 1645 1624 centum

133 1642 167 1673 ee
191 1639 319 1684 viginti
342 1638 386 1674 A.
451 1640 506 1675 13.
532 1638 693 1673 uetellius
720 1637 786 1674 Ma.

64 2889 76 3054 l

129 1767 338 1802 nominatim
370 1766 410 1800 in
440 1767 583 1801 caedem
616 1767 689 1801 eius
715 1765 850 1800 arden-

132 1822 194 1851 tes.
254 1815 393 1850 Heinsii
427 1817 637 1851 coniectura
669 1816 848 1859 ardentis,

132 1865 295 1911 quamvis
319 1865 528 1909 approbata
555 1876 575 1899 a
601 1864 849 1908 Doederlinio,

131 1913 329 1948 reiicienda
355 1918 435 1957 est,
468 1914 553 1959 quia
578 1914 788 1948 nominatim
811 1914 850 1947 in

132 1962 275 1997 caedem
315 1961 467 1996 alicuius
511 1962 640 1996 ardere
676 1961 720 1996 de
769 1961 848 1996 solo

132 2011 253 2046 caedis
290 2016 377 2046 voto
410 2007 497 2045 dici'
526 2011 674 2056 nequit,
715 2010 779 2045 sed
805 2010 850 2045 de

130 2060 177 2094 iis
213 2061 274 2105 qui
309 2060 378 2105 ipsi
418 2060 559 2095 facinus
594 2065 736 2105 patrare
770 2064 849 2094 stu..

132 2108 230 2143 dent.
397 2135 400 2139 .

204 2169 222 2191 e
237 2156 455 2192 Britannicis
469 2157 680 2200 cohortibus,
700 2168 812 2203 nuper
826 2168 850 2191 a

132 2205 248 2241 Galba
285 2206 428 2240 civitate
457 2205 627 2249 donatus:
665 2206 847 2240 civitatem

131 2253 242 2289 Galba
267 2253 426 2298 donavit,
454 2255 537 2289 dum
554 2255 700 2289 Florum
727 2266 771 2289 ex
785 2265 849 2288 so-

131 2303 215 2337 ciali
251 2302 381 2337 militia
413 2304 553 2348 recepit
585 2304 622 2336 in
663 2302 848 2338 cohortem

130 2350 394 2397 legionariam3
427 2352 495 2385 iste
531 2353 568 2386 in
596 2353 754 2386 numeris
781 2353 849 2386 fuit

131 2410 151 2433 e
194 2399 325 2433 militia
348 2399 558 2434 Britannica
591 2399 767 2444 delectis,
803 2400 848 2434 de

129 2447 260 2494 quibus
285 2458 321 2483 v.
350 2458 428 2492 cap.
455 2449 490 2484 6.

195 2495 356 2541 Cap.44.
383 2508 516 2531 vacare
535 2497 691 2543 gaudio.-
718 2497 846 2532 vitium

128 2543 211 2579 libri
239 2543 294 2579 Ma
317 2557 452 2591 vagare
487 2557 532 2580 ex
567 2548 713 2592 antiqua
753 2547 846 2581 scri-

128 2597 234 2637 ptura
264 2593 450 2629 VAGARE
485 2604 548 2638 pro
578 2594 767 2629 VAGARE
810 2597 846 2629 in

127 2642 369 2676 recentiorem
406 2647 542 2677 mutata
590 2643 691 2677 duxit
730 2645 847 2690 origi-

127 2700 222 2724 nem.
248 2691 378 2726 Moneo
407 2702 453 2725 ne
472 2691 735 2737 quisBachium
761 2693 847 2726 imi..

127 2741 235 2773 tetur.

197 2788 293 2822 inter
331 2788 436 2833 siqua
475 2787 693 2832 cohortium,
741 2790 845 2824 iuxta

128 2836 283 2879 aquilam
308 2836 477 2882 legionis:
520 2836 607 2871 dicit
643 2838 748 2882 signa
773 2848 843 2871 no-

127 2892 211 2916 vem
250 2883 450 2919 cohortium
487 2887 766 2930 praetoriarum,
806 2887 843 2920 in

128 2940 279 2976 quorum
323 2944 467 2979 quoque
516 2935 636 2980 imago
679 2933 843 2969 Caesaris

127 2979 335 3026 imperantis
361 2982 428 3029 (cf.
456 2994 488 3019 c.
514 2983 608 3032 41),
636 2988 711 3018 tum
737 2984 843 3030 aqui-

198 3059 323 3091 'l'acitus
343 3059 397 3091 111.

922 1765 992 1801 lam
1018 1765 1177 1812 legionis
1206 1763 1380 1800 classicae
1398 1792 1407 1809 ,
1447 1774 1540 1812 quae
1566 1769 1642 1802 sta·

920 1815 983 1848 tim
1014 1815 1182 1850 adiuncta
1208 1819 1470 1849 sacramentum
1487 1815 1640 1850 Othonis
1664 1815 1668 1849 Ι

921 1869 1112 1908 acceperat
1140 1868 1192 1910 (c.
1218 1865 1263 1898 31
1294 1868 1330 1899 et
1350 1864 1442 1911 36),
1483 1875 1555 1898 non
1582 1865 1642 1900 le-
1664 1868 1671 1909 ³¹.

920 1914 1040 1958 gionis
1052 1912 1281 1958 ffispanicae,
1309 1917 1348 1946 ut
1362 1913 1642 1958 opinaturDoe-
1668 1911 1671 1914 ⁴

920 1961 1107 1996 derlinius.
1174 1962 1368 2006 Hispanica
1404 1967 1487 1996 ante
1526 1967 1641 1997 ortam

919 2010 1136 2045 seditionem
1177 2012 1328 2045 remissa
1361 2015 1441 2054 est,
1485 2015 1524 2044 ut
1557 2011 1641 2046 inde

920 2058 1046 2105 colligi
1088 2058 1176 2094 licet
1216 2059 1312 2105 quod
1353 2059 1476 2094 nullae
1520 2065 1641 2105 partes

920 2109 998 2142 eius
1024 2108 1128 2143 suere
1154 2110 1191 2142 in
1216 2108 1324 2142 rebus
1350 2112 1436 2142 tunc
1470 2111 1638 2153 peractis.

991 2168 1142 2200 manus,·
1177 2158 1262 2202 qui.-
1302 2161 1402 2191 recte
1444 2157 1640 2192 Doederli-

919 2207 1019 2239 nius:
1047 2205 1154 2240 ‘haec
1179 2206 1329 2249 diremi3
1373 2216 1454 2240 nam
1492 2207 1552 2252 qui
1580 2208 1639 2240 in..

919 2254 1119 2288 tel-fuerant
1143 2259 1292 2298 tantum,
1321 2259 1486 2289 cruentas
1513 2266 1640 2289 manus

919 2312 992 2336 non
1017 2303 1268 2337 ostentabant‘.
1331 2302 1429 2337 Idem
1458 2303 1549 2347 salso
1576 2315 1640 2338 re-

919 2351 989 2385 fert
1015 2351 1060 2385 ad
1088 2351 1205 2385 solum
1239 2351 1466 2396 occider-emt,-
1502 2352 1639 2386 verbo-

918 2411 995 2433 rum
1023 2400 1215 2435 collocatio
1237 2400 1376 2443 suadet,
1401 2404 1440 2433 ut
1465 2404 1536 2434 tam
1558 2411 1639 2435 cum

919 2448 1123 2483 occiderant
1149 2460 1254 2494 quam
1269 2451 1275 2488 l
1288 2450 1528 2494 interfuerant
1553 2449 1639 2483 iun-

918 2502 1044 2543 gatur:
1072 2498 1135 2531 alii
1161 2509 1236 2532 rem
1261 2497 1416 2541 fecisse,
1451 2498 1514 2532 alii
1541 2499 1640 2532 exti-

918 2547 1005 2580 tisse
1034 2546 1143 2581 duces
1179 2551 1215 2581 et
1242 2552 1432 2589 auctores,
1471 2547 1639 2581 nonnulli

917 2595 1127 2638 veresalii
1158 2595 1250 2629 falso
1287 2595 1545 2641 gloriabantur.
1598 2595 1637 2628 In

917 2645 1094 2688 scriptura
1126 2642 1182 2677 Ma
1222 2644 1324 2688 quiue
1363 2655 1448 2678 uere
1497 2643 1639 2686 syllaba

915 2704 960 2726 ue
986 2693 1169 2738 geminata
1200 2697 1254 2726 est
1279 2692 1471 2726 scribentis
1498 2692 1637 2734 impru-

917 2740 1050 2775 dentia.

982 2790 1181 2835 praemium
1213 2788 1491 2834 exposcentium:
1522 2798 1637 2833 prae-

914 2838 1019 2872 mium
1031 2838 1166 2872 Graece
1186 2842 1241 2870 est
1258 2837 1408 2883 δωρεάν
1429 2849 1527 2878 τινα,
1543 2835 1636 2870 alius

915 2885 1025 2928 aliud,
1058 2890 1163 2930 prout
1189 2885 1342 2930 quisque
1355 2894 1500 2929 operam
1526 2895 1636 2929 prae-

914 2935 1067 2968 stiterat.
1106 2933 1251 2967 Frustra
1274 2933 1494 2968 Puteolanus
1519 2934 1637 2969 inter-

913 2982 1052 3029 polavit
1073 2983 1252 3030 praemia.

1339 3052 1344 3054 ⁴
1401 3050 1431 3094 4
