1768 3216
170 259 251 297 aas·

726 257 787 292 DE
816 257 1042 293 ORATORIB
1049 259 1103 293 VS

173 378 296 428 mina,
329 375 398 415 ubi
430 386 552 415 nemo
584 374 749 428 impune
779 376 900 417 stulte
933 375 1086 429 aliquid
1118 379 1186 416 aut
1209 374 1418 416 contrarie
1441 373 1555 426 dicit,
1587 385 1667 428 quo

171 451 304 492 minus
337 453 378 491 et
407 449 533 490 iudex
563 454 731 503 respuat
759 454 799 491 ct
826 449 1092 492 adversarius
1121 449 1357 503 exprobret,
1392 448 1469 502 ipsi
1489 447 1669 502 denique

171 524 365 567 advocati
397 529 683 578 aspernentur.

748 526 876 579 Igitur
906 538 1005 567 vera
1038 526 1174 567 statim
1216 528 1256 567 et
1295 525 1534 578 incorrupta
1576 521 1670 564 elo-

170 599 337 653 quentia
371 599 681 651 imbuebantur3
715 603 754 640 et
784 611 1029 653 quamquam
1065 611 1188 640 unum
1210 602 1499 653 sequerentur,
1532 601 1669 639 tamen

136 685 313 718 somnes
346 674 531 715 eiusdem
564 675 709 716 aetatis
741 679 941 728 patronos
973 675 1014 714 in
1045 674 1230 728 plurimis
1263 678 1303 716 ct
1335 673 1472 716 causis
1502 675 1541 715 et
1555 671 1671 720 iudi-

170 749 246 791 ciis
279 749 616 803 cognoscebant3
648 749 938 803 habebantque
971 750 1099 803 ipsius
1130 749 1269 803 populi
1294 747 1670 790 diversissimarum

169 824 327 865 aurium
359 824 535 877 copiam,
570 837 622 865 ex
654 836 732 878 qua
765 824 886 866 facile
919 824 1282 877 deprehenderent
1315 823 1410 878 quid
1444 823 1485 864 in
1505 832 1671 876 quoque

167 898 233 941 vel
264 899 513 953 probaretur
535 899 600 940 vel
620 899 872 953 displiceret.
918 899 975 941 Ita
1007 912 1084 941 nee
1103 903 1349 953 praeceptor
1368 898 1526 950 deerat,
1559 897 1671 951 opti-

169 986 257 1015 mus
290 974 455 1028 quidem
486 978 526 1016 et
555 974 844 1027 electissimus,
881 975 948 1028 qui
982 974 1130 1016 faciem
1155 974 1430 1027 eloquentiae,
1459 972 1670 1014 nonima-

116 1048 308 1101 ioginem
336 1052 590 1101 praestaret;
622 1061 701 1089 nec
734 1049 965 1090 adversarii
998 1052 1037 1089 et
1058 1048 1208 1089 aemuli
1232 1049 1358 1100 ferro,
1393 1059 1475 1088 non
1495 1045 1667 1088 rudibus

171 1121 429 1175 dimicantes,
464 1124 536 1165 sed
571 1123 819 1164 auditorium
854 1135 1019 1176 semper
1056 1123 1243 1176 plenum,
1290 1134 1457 1176 semper
1500 1133 1669 1173 novum,

288 1275 322 1310 8.
355 1275 590 1321 discipliceret
617 1277 650 1310 ci
681 1277 821 1320 punctis
846 1276 989 1310 subnot.
1017 1275 1053 1310 P.

1156 1277 1209 1311 to.
1237 1275 1376 1310 sudibus
1402 1275 1474 1310 FP:
1501 1275 1671 1310 emenda-

167 1328 248 1356 runt
279 1323 420 1367 Lipsius
448 1329 483 1358 et
510 1323 545 1358 P.
573 1324 688 1358 Faber
718 1324 949 1359 Semestrium
976 1324 1037 1358 lib.
1066 1335 1138 1359 sec.
1175 1335 1207 1368 p.
1237 1323 1308 1360 243
1344 1324 1399 1359 ed.
1427 1324 1536 1359 Paris.
1568 1324 1670 1359 1575.

171 1374 226 1406 11.
254 1384 388 1419 semper
412 1373 563 1419 plenum,
591 1385 725 1419 semper
753 1385 880 1407 nouum
908 1373 952 1407 l':
984 1385 1119 1419 semper
1145 1384 1281 1415 novum,
1311 1384 1446 1419 semper
1468 1373 1609 1419 plenum
1631 1371 1670 1407 F.

169 1525 246 1547 cum
291 1534 330 1540 —
373 1513 493 1558 plures
538 1519 673 1547 tantum
706 1514 886 1547 sententiis

167 1562 318 1595 aliorum
344 1562 650 1604 contradicerent,
675 1568 777 1606 utque
805 1574 886 1595 eve-

166 1611 219 1643 nit
246 1611 284 1643 in
311 1610 469 1644 consiliis
495 1610 714 1655 infelicibus,
757 1611 886 1656 optima

165 1658 368 1693 viderentur
408 1670 552 1703 quorum
587 1666 717 1705 tempus
751 1660 886 1705 effuqe-

166 1713 244 1750 rat,·
274 1708 314 1741 Η.
333 1707 363 1741 ll
384 1707 449 1742 49:
475 1713 609 1741 noctem
637 1709 798 1753 quietam,
826 1714 878 1742 ut-

168 1767 230 1800 que
256 1756 474 1799 adfirmatur,
501 1767 571 1789 non
588 1758 884 1801 insonmemeyit;

167 1805 202 1837 in
228 1805 426 1839 Annalibus
453 1804 502 1838 111
535 1806 599 1839 13:
642 1807 787 1851 petitam
819 1817 885 1839 ar-

167 1854 231 1886 mis
256 1865 329 1887 rem
356 1854 550 1899 publicam,
586 1861 688 1898 utque
721 1867 801 1888 reus
826 1855 886 1898 aqi

165 1908 297 1946 posset,
334 1902 411 1935 acie
437 1903 585 1945 victum3
620 1902 751 1937 ibidem
781 1914 811 1937 e.
840 1904 886 1938 28

169 1960 213 1982 ex
247 1961 326 1984 inea
367 1951 622 1985 restitutione:
661 1953 807 1985 acriora
844 1963 886 1984 eat

168 2008 206 2030 eo
231 1999 351 2032 cincla
377 2019 422 2025 -
450 2005 564 2043 utque,
591 2001 620 2033 si
647 2012 669 2033 a
690 2001 885 2045 prieileyiis

166 2052 352 2090 parentum
388 2053 603 2089 cessaretur,
639 2049 730 2081 velut
752 2060 885 2093 parens

169 2095 321 2127 omnium
354 2095 500 2139 populus
536 2098 704 2129 vacantia
741 2102 883 2130 teneret.

168 2141 264 2175 ldem
291 2142 411 2175 Tacito
438 2143 618 2176 vindicavi
646 2145 688 2178 A.
717 2145 784 2178 33:
821 2157 885 2177 em-

168 2201 291 2235 cepere
333 2192 527 2224 orationem
571 2192 736 2235 alacres,
784 2199 885 2237 utque

168 2237 330 2272 barbaris
367 2241 496 2282 moris,
540 2246 646 2274 cantu
678 2243 885 2286 fremituque

168 2292 200 2320 et
229 2287 439 2321 clamoribus
467 2289 625 2322 dissonis.

240 2358 340 2391 stulte
372 2380 410 2385 —
447 2361 652 2394 contrarie.-
691 2361 885 2402 Quintilia-

168 2415 234 2439 nus
268 2406 349 2439 vlu
376 2408 398 2441 3
428 2409 495 2442 57:
541 2421 660 2442 rerum
695 2410 781 2443 vitia
807 2415 887 2443 sunt

168 2454 319 2496 stultum,
347 2466 536 2499 commune,
565 2459 795 2500 contrarium,
825 2470 885 2492 su·-

166 2513 391 2547 pervacuum.

237 2574 352 2617 ferro,
378 2584 450 2606 non
480 2574 622 2608 rudibus
657 2576 884 2610 dimicantes:

168 2618 294 2654 Cicero
335 2621 378 2655 de
417 2621 498 2665 opt.
540 2633 622 2667 gen.
651 2633 701 2657 or.
729 2624 773 2658 6:
814 2636 886 2657 non

167 2670 258 2702 enim
283 2670 321 2703 in
347 2670 424 2703 acie
448 2676 609 2704 versatur
624 2677 655 2704 et
671 2674 767 2715 ferro
789 2672 885 2718 (Iso-

166 2720 316 2762 crates),
342 2718 403 2751 sed
430 2720 530 2763 quasi
555 2719 696 2753 rudibus
719 2721 791 2753 eius
809 2721 884 2754 elu-

167 2765 215 2798 dit
231 2766 444 2811 (legendum
461 2766 559 2810 ludit,
587 2772 625 2800 ut
643 2769 754 2802 suasit
768 2768 884 2802 Schu-

165 2814 278 2857 tzius3
305 2826 322 2848 e
347 2814 508 2849 adhaesit
534 2827 578 2849 ex
605 2817 766 2860 proximo
793 2818 883 2861 eius)

166 2864 292 2896 oratio.

235 2939 273 2967 ut
296 2946 362 2968 nec
387 2935 471 2968 bene
499 2937 592 2969 dicta
616 2937 883 2971 dissimularen-

166 2986 250 3015 tur:
289 2988 342 3016 est
377 2983 471 3017 idem
514 2984 608 3029 quod
644 2990 681 3019 ut
714 2997 757 3019 ne
800 2986 884 3020 bene

955 1513 1090 1557 quidem
1116 1513 1211 1546 (licta
1243 1512 1568 1554 dissimularentur,
1606 1522 1672 1546 usu

955 1561 1097 1595 dicendi
1141 1571 1245 1606 quem
1286 1562 1407 1595 notavi
1453 1561 1496 1595 ad
1540 1559 1571 1593 11
1608 1559 1667 1595 82.

955 1611 1051 1644 Haec
1077 1609 1238 1643 scribens
1249 1609 1390 1643 'tacitus
1407 1609 1566 1653 respexit
1581 1618 1671 1642 con-

955 1660 1062 1692 traria
1090 1657 1196 1702 paulo
1234 1662 1317 1692 ante
1344 1659 1489 1702 posita:
1523 1657 1583 1691 ubi
1605 1669 1671 1691 ne-

953 1719 1006 1741 mo
1037 1708 1175 1752 impune
1201 1707 1303 1740 stulte
1340 1706 1473 1751 aliquid
1497 1711 1558 1740 aue
1583 1717 1671 1739 con-

954 1757 1065 1789 trarie
1107 1756 1215 1797 dicit,
1256 1767 1320 1799 qno
1357 1756 1470 1790 minus
1502 1761 1535 1788 et
1565 1755 1670 1788 iudea:

953 1810 1095 1850 respuat
1132 1810 1164 1838 et
1204 1803 1430 1838 adversarius
1471 1803 1667 1849 eoeprobret,

953 1855 1024 1898 ipse
1052 1853 1198 1898 denique
1233 1852 1398 1886 advocati
1422 1857 1667 1898 aspernentur.

953 1901 1141 1936 Falluntur
1170 1901 1326 1935 editores
1353 1902 1412 1947 qui
1438 1902 1522 1936 inde
1547 1900 1667 1935 aRod.

952 1950 1124 1994 Agricola
1166 1955 1202 1983 et
1237 1950 1356 1994 Lipsio
1394 1960 1554 1984 mancam
1589 1959 1669 1983 esse

954 2000 1150 2033 orationem
1179 2000 1380 2043 opinantur.
1443 1998 1552 2032 lmmo
1578 1997 1669 2032 nihil

954 2047 1080 2081 deesse
1108 2048 1213 2080 etiam
1254 2058 1298 2081 ex
1325 2047 1485 2091 proxime
1511 2057 1669 2092 sequen-

953 2096 1046 2128 tibus
1074 2095 1219 2128 clarum.
1271 2095 1358 2129 Nam
1390 2106 1467 2128 cum
1497 2106 1517 2128 a
1540 2097 1669 2139 [aven-

953 2143 1040 2176 tibus
1075 2143 1167 2176 bene
1208 2143 1300 2176 dicta
1342 2153 1412 2176 non
1453 2141 1668 2176 dissimulari

953 2202 1016 2235 per
1041 2202 1079 2224 se
1106 2191 1248 2234 planum
1278 2196 1372 2225 esset
1399 2195 1434 2225 et
1454 2191 1668 2224 dubitationi

952 2250 1024 2273 non
1052 2239 1267 2282 obnoxium,
1306 2241 1340 2272 in
1368 2239 1668 2284 subsequentibus

954 2289 1155 2332 expositum
1183 2287 1251 2321 hoc
1277 2293 1343 2331 est,
1364 2287 1540 2333 quomodo
1561 2288 1667 2322 etiam

953 2337 996 2370 ab
1023 2336 1150 2370 invidis
1180 2338 1258 2369 sive
1293 2347 1312 2370 a
1347 2337 1499 2371 diversis
1525 2335 1669 2371 subsel-

953 2385 1011 2418 liis
1036 2385 1129 2419 bene
1160 2384 1254 2418 dicta
1282 2390 1546 2430 agnoscantur,
1576 2385 1669 2419 unde

953 2438 1051 2478 patet
1078 2444 1149 2467 non
1174 2434 1242 2467 nisi
1270 2433 1313 2467 de
1340 2433 1432 2467 bene
1459 2433 1563 2467 dictis
1589 2443 1669 2467 mo-

953 2482 997 2515 do
1033 2482 1163 2515 factam
1199 2493 1278 2515 esse
1314 2483 1542 2516 mentionem.
1594 2482 1668 2516 Re-

953 2529 1168 2573 pudiandum
1212 2530 1324 2575 igitur
1368 2530 1562 2576 Agricolae
1604 2541 1670 2563 nec

952 2577 1042 2611 male
1070 2589 1135 2611 nec
1162 2577 1245 2610 bene
1271 2577 1377 2621 dicta,
1406 2579 1512 2612 etiam
1527 2577 1668 2612 Pithoei

952 2638 1018 2660 nee
1045 2626 1128 2659 bene
1156 2637 1222 2659 nec
1247 2626 1338 2659 male
1359 2626 1464 2669 dicta,
1493 2637 1583 2672 quae
1609 2626 1668 2660 vel

952 2685 1014 2718 per
1053 2685 1091 2708 se
1128 2674 1239 2708 Taciti
1267 2674 1389 2708 stilum
1417 2685 1536 2719 parurn
1563 2685 1666 2709 asse-

953 2728 1127 2767 quuntur;
1172 2723 1427 2757 detrahendum
1471 2728 1525 2758 est
1562 2724 1667 2758 etiam

953 2773 1067 2804 crucis
1093 2773 1234 2817 signum
1264 2771 1307 2805 ab
1338 2770 1473 2805 Orellio
1504 2782 1580 2806 rara
1606 2782 1668 2805 se-

952 2821 1102 2854 curitate
1137 2821 1348 2864 appositum.

1043 2890 1269 2923 nonodecimo
1311 2890 1437 2923 aetatis
1475 2900 1587 2923 anno:
1631 2890 1666 2923 in

953 2938 1073 2972 verbis
1103 2937 1314 2981 Ciceronis,
1353 2937 1412 2971 ubi
1450 2936 1596 2971 Crassus
1623 2937 1666 2971 de

951 2997 990 3020 se
1016 2991 1134 3021 narrat
1165 2987 1229 3032 (de
1256 2986 1352 3021 Orat.
1389 2985 1436 3020 111
1462 2986 1527 3032 20)
1545 2986 1666 3032 quippe
