1768 3216
68 85 83 104 ’Δ
103 119 110 130 ι
137 116 144 132 ε
170 79 224 138 41³2(
302 68 429 127 &³²¹³
452 82 538 116 ’'³³⁴³“
567 97 577 109 ¹
656 103 668 112 '

219 16 311 49 ,και
424 0 434 36 t
500 5 552 33 nx
578 4 630 26 w.
650 3 724 26 «τυ
743 1 805 27 m.

127 171 186 208 'lix
203 183 308 204 covas
327 156 376 200 ἧς),
397 158 432 209 ..¹⁹11
453 179 464 193 ,ν
490 171 509 195 ς’

147 225 225 262 ssa
371 214 397 256 κ’

143 344 250 393 rant,
283 343 323 381 et
351 337 496 397 studiis
526 338 695 377 senatus
718 335 994 378 attollebatur.
1038 336 1159 390 Isque
1178 337 1428 392 praecipuus
1448 338 1508 381 itu
1532 338 1640 392 dies,

143 425 319 468 magnae
350 411 537 452 offensae
568 409 727 451 initium
756 415 797 451 et
825 423 1003 466 magnae
1031 410 1194 466 gloriae
1222 412 1312 453 suit.

273 487 352 527 Res
382 496 558 538 poscere
574 484 752 538 videtur,
783 486 879 539 quia
906 486 1053 527 iterum
1076 486 1119 527 in
1140 486 1396 532 mentionem
1417 486 1684 531 incidimus5

138 561 216 602 viri
253 559 418 613 saepius
450 558 731 611 memorandi,
774 563 819 600 ut
858 560 985 602 vitam
1031 561 1251 614 studiaque
1289 561 1402 615 eius,
1434 566 1490 604 et
1532 561 1644 616 quali

106 635 300 680 sfortuna
332 634 386 675 sit
412 645 528 685 usus,
563 633 709 687 paucis
739 638 937 688 repetam.
999 634 1214 678 Helvidius
1245 636 1432 690 Priscus,
1462 635 1644 697 Carnico

1523 694 1589 706 X

136 722 158 750 e
198 708 445 761 municipio,
494 707 677 760 [Cluvio]
706 712 824 762 patre
858 709 938 769 gui
974 710 1166 752 ordinem
1195 710 1391 772 primipili
1433 710 1643 768 duxisset,

136 782 348 836 ingenium
383 782 559 823 inlustre
599 776 818 824 altioribus
860 783 1008 825 studiis
1052 785 1214 827 iuvenis
1256 785 1480 828 admodum
1511 765 1668 839 deditff

892 764 1102 774 w

133 868 217 898 non
246 860 290 898 ut
318 856 530 910 plerique,
577 861 621 898 ut
652 858 821 899 nomine
862 858 1085 914 magnifico
1131 871 1266 915 segne
1302 860 1430 902 otium
1461 859 1640 919 velaret,

265 1028 299 1063 3.
329 1029 410 1074 quia
434 1027 479 1062 G:
502 1026 556 1062 Ma
582 1039 602 1073 q
627 1039 707 1063 cum
737 1028 884 1072 lineola,
911 1029 947 1063 id
974 1034 1027 1064 est
1055 1040 1143 1075 quae
1169 1029 1229 1065 vel
1257 1042 1337 1076 qua.

1415 1031 1449 1066 5.
1479 1030 1636 1066 Camino

133 1088 150 1110 e
176 1076 308 1111 editor:
335 1076 387 1111 Ma
413 1078 556 1122 regione
587 1077 716 1112 Italiae
748 1079 946 1113 Carecinae
974 1084 1009 1113 et
1033 1080 1086 1113 sic
1113 1080 1160 1122 G,
1197 1080 1268 1115 nisi
1293 1079 1388 1126 quod
1415 1081 1636 1116 tarracinae.

132 1124 165 1160 6.
195 1126 327 1160 cluuios
349 1128 457 1172 patre?
481 1125 555 1159 Ma:
597 1126 712 1160 cluuio
740 1133 844 1172 patre
870 1127 908 1161 G.
964 1127 1086 1161 Cluvio
1124 1127 1280 1174 glossam
1319 1127 1470 1163 seclusit
1509 1128 1638 1165 editor.

131 1173 166 1207 8.
190 1180 228 1209 ut
248 1179 330 1209 ante
358 1185 391 1209 v.
420 1175 563 1209 nomine
591 1174 693 1209 deest
721 1174 787 1219 Ma,
818 1176 921 1210 adest
951 1177 986 1210 in
1015 1175 1054 1211 G.

131 1325 260 1367 ctavit,
288 1324 458 1359 honorem
487 1337 506 1359 a
532 1336 572 1360 se
601 1327 723 1371 quaeri
751 1326 846 1359 bono

130 1374 293 1418 principi.
349 1375 407 1408 Sic
434 1374 496 1408 ille
528 1386 558 1408 c.
586 1376 631 1409 7:
666 1375 847 1421 pertinere

131 1423 178 1456 ad
214 1423 420 1468 Vespasiani
445 1423 630 1466 honorem,
658 1435 847 1458 occurrere

130 1470 185 1504 illi
242 1482 323 1515 quos
364 1473 666 1506 innocentissimos
706 1478 848 1507 senatus

131 1519 268 1553 habeat.
323 1519 412 1554 Vera
442 1520 623 1555 distinctio
658 1522 694 1554 in
723 1521 848 1555 codice

132 1567 425 1612 Guelferbytano,
454 1571 512 1614 qui
529 1569 661 1614 duplex
678 1575 847 1614 punctum

132 1616 221 1662 (hoc
250 1616 303 1650 illi
338 1627 401 1661 pro
437 1622 589 1665 puncto)
626 1618 734 1652 habet
769 1623 848 1663 post

127 1665 336 1710 principem.
364 1666 531 1712 Plerique
560 1666 716 1701 editores
747 1677 848 1701 com-

130 1718 224 1747 mate
249 1712 298 1746 ibi
325 1716 483 1748 contenti
499 1720 593 1758 sunt,
621 1715 683 1750 alii
699 1716 749 1749 ita
766 1721 848 1750 ante

129 1761 225 1806 falsa
264 1762 537 1807 interposuere,
584 1769 770 1809 acceptum
804 1776 848 1798 ex

130 1810 345 1855 interpolato
374 1811 498 1846 codice
526 1812 568 1845 A.

202 1865 234 1893 et
267 1860 389 1894 studiis
425 1866 566 1894 senatus
599 1860 846 1894 attollebatur.-

131 1907 225 1952 quod
256 1913 402 1942 senatus
437 1910 472 1942 in
511 1909 849 1954 sficdiffietupartes

131 1955 296 1989 diductus
312 1962 399 1998 erat,
427 1953 737 1991 alii's‘sententiam
752 1953 849 1991 ”lm-

131 2003 219 2037 vidii
244 2004 488 2048 probantibus,
516 2005 597 2039 aliis
622 2005 849 2050 repudianti-

131 2051 219 2095 bus,
267 2051 300 2085 id
328 2054 595 2087 incitamentum
623 2053 655 2087 ei
681 2054 750 2087 fuit
778 2064 848 2098 quo

132 2101 249 2134 acrius
276 2105 437 2135 tueretur
465 2113 556 2147 quae
582 2112 667 2136 vera
694 2107 729 2135 et
756 2102 849 2136 bona

131 2149 201 2192 ipsi
225 2148 448 2184 videbantur.
514 2150 590 2184 Non
617 2155 715 2185 recte
742 2150 849 2184 Orel-

132 2196 223 2231 lius:
245 2199 300 2232 ‘sc
315 2199 533 2243 applaudere
552 2200 754 2233 sententiae
780 2190 873 2248 tami3

132 2256 331 2291 generosae
370 2258 474 2282 manu
512 2247 687 2294 vultuque
731 2248 872 2294 signi-‚1

132 2294 261 2328 ficabat
288 2298 455 2331 senatus'.
495 2295 619 2342 Longe
650 2296 746 2330 aliud
774 2302 871 2330 tra-s

131 2343 182 2377 dit
206 2342 347 2377 Tacitus
374 2356 404 2378 c.
430 2345 454 2379 8
482 2349 571 2379 extr.
595 2345 675 2391 Ego
702 2345 746 2379 de
771 2351 848 2379 stu-

132 2392 197 2425 dii-s
226 2392 299 2426 dixi
327 2393 370 2427 ad
395 2393 554 2427 Annales
584 2393 702 2428 11163.
743 2393 848 2428 Locis

131 2440 181 2473 ibi
200 2441 363 2485 ascriptis
390 2441 479 2475 adde
507 2444 707 2486 proximum
723 2443 847 2487 (c.6):

133 2499 175 2522 ea
199 2488 285 2522 ultio
324 2510 370 2516 —-
404 2496 562 2524 senatum
589 2492 628 2524 in
650 2491 766 2534 studia
791 2491 849 2524 di-

133 2537 292 2571 duxerat.

202 2597 353 2632 magnae
381 2587 534 2632 offensae
561 2587 700 2620 initium
722 2592 753 2620 et
769 2597 848 2620 ma-

131 2645 223 2679 ynae
258 2634 396 2680 yloriae
443 2636 536 2680 fuit:
591 2635 743 2680 gloriam
781 2635 848 2669 sibi

131 2684 269 2727 paravit
305 2684 417 2728 prima
448 2694 513 2717 sua
545 2685 746 2725 sententia,
782 2694 850 2728 qua

131 2733 341 2766 nominatim
367 2732 411 2765 ad
426 2733 682 2776 Vespasianum
709 2732 850 2777 legatos

133 2780 322 2826 eligendos
350 2791 429 2815 esse
455 2780 626 2815 censebat
646 2783 695 2825 (c.
709 2781 765 2826 6),
793 2782 851 2826 of-

131 2829 268 2871 sensam
295 2831 472 2864 contraxit
497 2830 610 2864 altera
637 2834 672 2863 et
699 2830 850 2873 potissi-

133 2886 226 2910 mum
251 2879 358 2911 tertia
387 2879 458 2923 (9),
484 2885 522 2913 ut
545 2878 756 2924 Capitolium
777 2890 849 2924 pu-

134 2923 220 2958 blice
247 2927 490 2961 restitueretur
511 2953 521 2972 ,
558 2927 746 2963 adiuvaret
779 2927 848 2962 Ve-

134 2983 328 3018 spa-stamas.

992 1325 1077 1370 Cap.
1108 1326 1141 1361 5.
1194 1326 1277 1371 quia
1305 1326 1453 1360 iterum.-
1487 1327 1639 1371 primum

919 1376 955 1408 in
983 1374 1053 1409 hoc
1083 1385 1193 1418 opere
1220 1376 1382 1410 meminit
1410 1374 1571 1411 Helvidii
1595 1375 1638 1414 H.
1677 1383 1683 1389 ’

990 1472 1061 1506 viri
1085 1472 1225 1517 saepius
1249 1472 1490 1507 memorandi:
1520 1473 1557 1507 in
1583 1472 1639 1507 his

919 1519 1019 1554 libris
1048 1525 1249 1565 praeturam
1277 1520 1320 1554 lv
1348 1521 1395 1557 53
1427 1523 1640 1557 memoravit

920 1573 955 1602 et
981 1572 1179 1603 orationem
1218 1570 1254 1602 in
1281 1569 1488 1604 Marcellum
1520 1581 1550 1604 c.
1577 1569 1638 1614 43,

920 1617 1066 1652 exilium
1095 1617 1315 1663 caedemque
1344 1619 1379 1652 in
1405 1623 1509 1653 sexto
1534 1618 1639 1654 nobis

920 1665 1107 1711 deperdito
1138 1670 1311 1700 executus
1339 1672 1412 1700 est:
1440 1667 1486 1702 cf.
1506 1666 1640 1702 Sueto..

919 1716 998 1748 nius
1038 1715 1145 1760 Vesp.
1186 1715 1240 1750 15.
1307 1713 1469 1761 Dio'ap.
1503 1715 1640 1761 xiphil.

918 1762 1028 1797 LXVI
1058 1766 1113 1799 12.
1158 1763 1196 1797 ln
1223 1763 1424 1798 Annalibus
1450 1774 1471 1798 a
1496 1765 1641 1801 seniore

918 1811 1038 1846 Tacito
1068 1813 1276 1856 compositis
1313 1813 1454 1847 iuvenis
1480 1812 1640 1847 Helvidii

918 1871 975 1894 res
1003 1866 1039 1895 et
1062 1862 1288 1906 magistratus
1315 1861 1484 1906 exposuit
1497 1861 1562 1897 ΧΠ
1578 1861 1639 1905 49,

919 1908 995 1944 XIII
1007 1910 1066 1951 28,
1078 1909 1156 1943 XVI
1168 1909 1215 1944 28
1227 1914 1262 1943 et
1274 1909 1320 1944 33
1333 1915 1368 1951 et
1379 1910 1438 1946 35.
1449 1908 1505 1944 Cf.
1515 1915 1640 1945 annon

919 1958 963 1991 ad
991 1969 1022 1992 c.
1050 1958 1085 1992 6.
1127 1957 1266 2001 Lipsius
1293 1957 1498 1993 Helvidium
1526 1968 1547 1993 a
1572 1957 1642 1994 Ta..

920 2007 991 2039 cito
1002 2006 1064 2039 XII
1084 2006 1132 2040 49
1149 2007 1368 2054 nominatum
1394 2006 1503 2040 alium
1527 2007 1641 2042 fuisse

919 2054 962 2088 ab
991 2054 1058 2088 hoc
1075 2059 1198 2087 nostro
1218 2055 1362 2088 statuit:
1390 2055 1524 2100 quippe
1545 2054 1641 2090 hunc

920 2108 1145 2147 quaestorem
1172 2103 1285 2137 fuisse
1311 2103 1452 2137 demum
1479 2103 1544 2138 suh
1563 2103 1640 2139 Ne..

920 2162 1026 2194 rone,
1075 2156 1276 2195 praetorem
1312 2151 1378 2184 sub
1407 2153 1638 2196 Vespasiano,

919 2199 1020 2233 illum
1047 2200 1206 2245 legatum
1233 2199 1390 2246 legionis
1422 2202 1640 2244 praetorium

919 2248 984 2282 sub
1016 2247 1189 2282 Claudio:
1234 2249 1298 2282 sed
1333 2258 1404 2282 non
1431 2259 1556 2284 omnes
1582 2249 1641 2286 le·-

920 2299 994 2342 gati
1024 2296 1208 2343 legionum
1236 2298 1406 2342 praetorii
1437 2297 1563 2342 suere,
1602 2302 1642 2334 ut

920 2345 1052 2379 clarum
1088 2357 1133 2379 ex
1169 2345 1301 2389 1136,
1337 2356 1456 2392 neque
1495 2346 1559 2382 Xll
1591 2346 1642 2383 49

919 2394 1084 2428 traditum
1110 2405 1131 2428 a
1157 2393 1279 2429 Tacito
1306 2393 1376 2428 hoc
1402 2399 1474 2436 est,
1509 2394 1641 2430 Helvi..

920 2443 1014 2477 dium
1042 2442 1200 2488 legatum
1229 2443 1385 2488 legionis
1411 2443 1549 2487 fuisse,
1575 2442 1642 2479 sed

919 2493 1034 2535 ipsum
1076 2490 1232 2536 legatum
1273 2491 1420 2524 missum
1454 2502 1535 2526 esse
1560 2502 1641 2527 cum

921 2539 1089 2584 legione3
1127 2543 1203 2572 erat
1229 2539 1365 2584 legatio
1392 2539 1515 2574 iuveni
1541 2539 1641 2574 mili-

921 2588 986 2621 tari
1008 2592 1108 2620 extra
1127 2587 1288 2622 ordinem
1311 2587 1404 2629 data,
1427 2592 1465 2621 ut
1484 2587 1639 2623 videtur.

994 2635 1150 2669 Carnico
1189 2647 1206 2670 c
1231 2636 1445 2681 municipio.-
1483 2637 1641 2671 munici-

921 2684 1016 2728 pium
1043 2684 1236 2719 Carnicum
1272 2689 1326 2718 est
1353 2683 1480 2719 Iulium
1506 2685 1642 2721 Carni-

922 2744 998 2766 cum
1022 2733 1228 2767 insedibus
1257 2733 1452 2777 Gamo-rum
1479 2738 1515 2768 et
1542 2734 1641 2768 radi-

923 2781 1023 2814 cibus
1053 2775 1639 2827 Alpiumssyffimicarffi'mum.

920 2828 1156 2864 1’lrn:”N.-H.
1190 2829 1236 2864 111
1265 2832 1287 2866 2
1327 2842 1336 2863 ε
1373 2832 1568 2865 Raetorum
1609 2836 1641 2866 et

920 2879 1172 2923 Euqaneorum
1190 2879 1342 2922 Verona,
1359 2879 1529 2914 Iulienses
1546 2880 1641 2914 Car-

918 2938 1055 2961 norum.
1082 2928 1219 2962 Nomen
1237 2928 1468 2971 Tarracinae,
1483 2933 1522 2962 ut
1536 2929 1642 2964 estin

921 2975 1138 3013 editionibus
1153 2977 1322 3023 antiquis,
1333 2986 1406 3012 non
1421 2987 1547 3013 verum
1560 2986 1642 3014 esso

830 7 843 30 ‹
862 4 885 31 ο
964 3 996 12 κ
1056 0 1166 20 ww
1305 0 1430 19 ’Μ
1523 0 1584 45 ‚w
1598 0 1663 38 'r'
1695 0 1716 9 '
1733 0 1768 6 ’·

762 23 817 96 sia.
828 48 893 98 sss*
945 69 977 91 Δ.
1035 33 1186 102 [crasa.
1238 103 1255 112 ,
1317 32 1338 69 7
1354 33 1484 106 Ery
1497 40 1698 101 Laut-⁴*

739 217 1045 255 HISTORIARVM
1427 233 1459 257 a.
1487 225 1524 259 ff·
1549 221 1642 260 822·

1708 680 1768 720 s.
