1768 3216
128 246 200 280 896
704 239 945 277 HISTORIAR
952 240 1015 276 VM

1411 252 1443 278 a.
1471 251 1507 277 u.
1532 240 1618 279 823.

129 362 270 406 Civilis
301 362 452 403 instare
471 360 673 413 fortunae,
709 359 884 402 Cerialis
905 359 1074 401 abolere
1093 357 1379 414 ignominiam.
1425 357 1620 402 Germani

125 436 337 490 prosperis
383 435 580 486 seroces3
617 434 827 477 Romanos
874 433 1009 489 pudor
1055 432 1322 475 excitaverat.
1380 433 1473 476 Nox
1512 433 1620 487 apud

125 510 325 551 barbaros
358 513 479 550 cantu
510 513 580 550 aut
611 509 824 562 clamore,
858 508 1014 551 nostris
1045 521 1120 563 per
1147 508 1251 550 iram
1281 512 1322 549 et
1349 507 1618 553 minasacta.

121 584 287 626 Postera
321 584 413 626 luce
445 584 619 626 Cerialis
652 585 789 639 equite
821 588 861 626 et
890 583 1120 627 auxiliariis
1153 583 1394 627 cohortibus
1438 583 1618 627 frontem
1634 586 1689 628 16

90 658 283 712 sexplet3
330 659 370 699 in
404 659 588 701 secunda
621 659 712 701 acie
745 659 937 714 legiones
967 659 1130 700 locatae
1142 672 1154 710 3
1204 658 1288 700 dux
1325 658 1404 700 sibi
1433 657 1618 701 delectos

120 733 348 777 retinuerat
390 734 439 776 ad
473 734 698 788 inprovisa.
772 734 914 776 Civilis
955 733 1065 776 haud
1095 738 1292 788 porrecto
1335 733 1501 789 agmine
1542 731 1619 775 sed

0 809 271 883 [μυί-,01111915
303 808 470 850 adstitit.
533 808 677 852 Batavi
709 809 979 864 Gugernique
1007 810 1049 850 in
1081 809 1228 851 dextro
1245 823 1258 862 3
1287 809 1408 851 laeva
1439 820 1490 850 ac
1519 819 1622 862 pro-

119 883 237 938 piora
268 883 447 926 fluminis
475 884 769 927 transrhenani
800 889 986 926 tenuere.
1058 883 1302 927 Exhortatio
1342 883 1492 926 ducum
1534 894 1620 924 non

119 970 234 1000 more
265 959 474 1001 contionis
507 959 615 1013 apud
646 960 897 1013 universos,
943 959 1018 1001 sed
1046 964 1090 1002 ut
1120 970 1307 1014 quosque
1338 969 1507 1002 suorum
1539 958 1620 1013 ad,

70 1045 106 1073 ιο
118 1033 386 1095 vehebantur.
442 1034 616 1076 Cerialis
647 1039 833 1077 veterem
863 1035 1039 1078 Romani
1070 1034 1251 1076 nominis
1282 1034 1476 1089 gloriam,
1509 1033 1621 1076 anti-

125 1093 225 1164 quas
256 1114 532 1163 recentesque
563 1110 785 1152 victorias:
826 1114 871 1151 ut
899 1110 1102 1164 perfidum
1132 1109 1328 1164 ignavum
1357 1108 1511 1150 victum
1540 1107 1621 1150 ho·-

123 1188 227 1227 stem
259 1184 298 1226 in
340 1188 554 1226 aeternum
602 1184 875 1238 exciderent,
924 1184 1082 1226 ultione
1122 1184 1256 1239 magis
1296 1194 1418 1237 quam
1456 1181 1618 1237 proelio

120 1271 221 1314 opus
253 1271 360 1301 esse.
412 1260 636 1302 Pauciores
668 1271 800 1314 nuper
828 1273 919 1301 cum
950 1259 1135 1314 pluribus
1169 1262 1368 1311 certasse,
1402 1270 1452 1300 uc
1480 1261 1619 1299 tumen

122 1334 238 1376 susos
272 1334 531 1388 Germanos,
577 1336 687 1390 quod
718 1335 886 1377 roboris
918 1335 1054 1377 fuerit.
1116 1334 1347 1388 Superesse
1379 1333 1447 1388 qui
1479 1333 1620 1389 sugam

67 1408 279 1461 isanimiS,
329 1410 397 1463 qui
442 1409 616 1451 vulnera
658 1414 778 1464 tergo
812 1410 960 1451 serant.
1036 1409 1232 1463 Proprios
1284 1407 1382 1449 inde
1430 1406 1618 1451 stimulos

121 1483 358 1539 legionibus
392 1484 655 1537 admovebat,
691 1485 918 1526 domitores
949 1483 1188 1526 Britanniae
1219 1482 1620 1537 quartadecumanos

128 1557 371 1611 appellans3
409 1558 639 1612 principem
681 1558 851 1600 Galbam
891 1562 1035 1600 sextae
1063 1558 1244 1613 legionis
1276 1556 1521 1599 auctoritate
1554 1555 1621 1598 fa-

120 1636 251 1684 ctum3
294 1632 363 1674 illa
404 1632 579 1687 primum
624 1633 716 1675 acie
757 1633 1024 1675 secundanos
1068 1644 1177 1674 nova
1220 1631 1342 1687 signa
1386 1641 1620 1685 novamque

119 1706 296 1760 aquilam
329 1707 557 1749 dicaturos.
621 1707 727 1750 Hinc
761 1711 1008 1763 praevectus
1041 1706 1091 1750 ad
1125 1703 1622 1749 Germanicumexerci-

1100 1767 1212 1780 ι--ψ
1222 1776 1286 1780 „w
1299 1776 1411 1783 ν.-
1426 1771 1596 1786 ,μμ-Μ

1351 1881 1385 1915 5.
1412 1879 1526 1914 locate
1553 1880 1617 1916 Ma.

790 1930 1001 1974 cuyernique
1029 1928 1131 1964 GMa:
1172 1930 1328 1964 correxit
1360 1928 1547 1963 Ernestius
1577 1940 1622 1964 ex

698 1976 778 2010 lena
804 1976 869 2011 Ma.
925 1979 979 2012 10.
1010 1978 1159 2011 cerealis
1186 1976 1258 2011 Mar
1288 1978 1316 2011 G
1346 1977 1508 2012 Cerialis.
1565 1979 1620 2013 12.

121 2023 321 2058 exciderent
345 2023 420 2059 Ma:
454 2026 655 2061 exciderent
686 2026 711 2059 G
743 2031 777 2059 et
803 2026 877 2059 alii.
958 2027 1010 2060 15.
1039 2027 1189 2060 vulnera
1214 2025 1279 2068 Ma,
1307 2036 1378 2059 non
1405 2025 1498 2060 volu.
1565 2023 1619 2061 16.

121 2071 311 2106 brittannie
338 2072 403 2108 Ma.
513 2075 567 2109 17.
601 2080 702 2108 sexta
729 2073 793 2116 Ma,
822 2079 916 2107 secute
943 2073 982 2107 G.

123 2125 197 2156 ctus
223 2120 262 2156 G.

262 1880 277 1913 1
307 1884 343 1913 et
367 1883 401 1915 4.
434 1882 583 1915 cerealis
608 1879 680 1914 Ma:
710 1880 900 1925 utrobique
930 1885 1129 1915 correctum
1157 1883 1194 1915 in
1220 1880 1258 1915 G.

120 1928 152 1962 7.
201 1929 309 1961 astitit
335 1927 409 1962 Ma:
444 1929 470 1963 G
497 1930 640 1963 adstitit.

121 1975 162 2010 H.
186 1975 210 2011 4
235 1975 293 2018 26,
321 1976 411 2010 Plin.
443 1981 467 2013 4
485 1979 530 2012 31
548 1978 637 2023 (16).

1087 2075 1141 2109 19.
1165 2080 1375 2120 praeuectus
1400 2073 1465 2117 Ma,
1490 2084 1621 2120 pretie-

121 2280 152 2303 c.
191 2269 234 2302 14
267 2267 494 2314 intelligitur.
531 2268 632 2310 Quod
669 2279 747 2302 cum
787 2270 834 2302 ita

980 2269 1166 2302 domitores
1190 2268 1402 2302 Britanniae
1429 2267 1621 2312 quartade-

120 2318 179 2360 sit‚
204 2316 366 2362 oppidum
391 2328 420 2350 c.
452 2317 495 2351 19
522 2322 834 2351 commemoratum

904 2323 1071 2351 cumanos
1106 2316 1314 2362 appellans.-
1352 2316 1427 2350 xlv
1462 2316 1620 2351 34-37.

121 2366 204 2399 item
250 2365 374 2400 Vetera
412 2370 516 2408 sunt,
551 2367 712 2411 quamvis
750 2365 835 2400 olim

122 2415 200 2459 ipse
225 2413 330 2448 aliter
353 2415 549 2448 statuerim.

195 2460 279 2506 Cap.
314 2462 368 2497 16.
395 2465 547 2507 frontem
573 2463 709 2508 emplet:
756 2463 837 2496 aliis

122 2510 212 2545 locis
239 2511 274 2543 in
317 2510 439 2544 eadem
473 2521 511 2544 re
546 2512 691 2554 limitare
725 2513 837 2555 ponit,

123 2564 162 2592 ut
188 2558 201 2592 1
230 2559 288 2593 51.
316 2559 357 2592 H.
390 2559 417 2592 V
445 2560 499 2594 12.
529 2559 614 2604 Agr.
645 2559 704 2593 35.

196 2607 317 2641 Civilis
344 2629 389 2635 --
415 2606 572 2640 adstitit:
619 2607 837 2651 praepositio

125 2656 235 2691 verbo
263 2656 430 2690 adiuncta
455 2657 603 2700 respicit
628 2657 742 2689 aciem
781 2654 838 2687 di-

123 2716 263 2740 versam
278 2706 356 2739 sive
374 2705 581 2748 Romanam,
596 2709 718 2738 contra
737 2713 840 2749 quam

126 2754 251 2787 Civilis
279 2754 403 2788 cuneis
430 2754 563 2788 adstitit
591 2753 681 2800 (siclt
706 2753 841 2786 heran-

126 2802 263 2846 stellte).

212 2850 363 2884 Cerialis
400 2871 443 2877 —-
485 2851 671 2888 victorias:
716 2849 841 2884 audaci

129 2899 248 2943 ellipsi
273 2900 441 2932 omissum
467 2904 520 2933 est
549 2910 583 2933 v.
626 2898 842 2933 memorabat

128 2946 187 2980 vel
217 2946 471 2991 praedicabat.-
509 2947 554 2981 cf.
596 2947 607 2981 1
636 2948 681 2982 31
720 2951 755 2981 ct
780 2946 839 2990 65,

130 2992 179 3029 lv
208 2994 265 3030 69.
292 2993 334 3030 H.
363 2993 411 3030 111
441 2994 495 3039 19,
526 2995 571 3032 lv
601 2996 658 3031 75.

906 2366 947 2399 H.
980 2366 1010 2400 11
1041 2367 1082 2400 11
1113 2369 1148 2399 et
1173 2366 1221 2400 32
1236 2369 1271 2399 et
1290 2365 1337 2400 66
1355 2370 1390 2399 et
1403 2364 1463 2408 86,
1491 2364 1540 2398 111
1565 2365 1620 2400 13.

974 2415 1171 2460 principem
1201 2413 1347 2448 Galbam
1367 2419 1486 2448 sextae
1510 2411 1623 2457 legio-

905 2462 961 2495 nis
987 2463 1198 2495 auctoritate
1220 2463 1376 2505 sactum:
1406 2461 1452 2496 cf.
1474 2462 1514 2496 H.
1533 2460 1545 2494 Ι
1567 2461 1622 2503 16,

907 2510 956 2543 111
986 2511 1044 2544 44.
1071 2509 1194 2543 Altera
1219 2514 1320 2542 sexta
1348 2509 1447 2555 legio
1475 2509 1623 2552 Syriaca

908 2561 961 2603 (v.
990 2557 1032 2591 ad
1059 2557 1101 2590 H.
1133 2557 1181 2590 lV
1206 2557 1271 2603 68)
1294 2557 1378 2591 huie
1394 2557 1532 2602 proelio
1550 2567 1621 2590 non

908 2606 1049 2640 videtur
1087 2605 1258 2639 adfuisse.
1401 2605 1620 2639 secundanos

909 2666 1002 2688 nova
1035 2655 1138 2700 siyna
1175 2675 1220 2681 —-
1255 2654 1459 2688 dicaturus:
1500 2653 1541 2688 Η.
1571 2652 1622 2688 lv

910 2703 977 2738 68:
1007 2715 1024 2737 e
1050 2714 1174 2737 recens
1199 2703 1405 2748 conscriptis
1429 2702 1594 2737 secunda.

981 2752 1027 2785 ad
1055 2752 1302 2786 Germanicum
1327 2753 1539 2786 eaeercitum:
1580 2750 1624 2785 ad

913 2811 972 2834 eas
996 2801 1162 2846 legiones
1190 2799 1451 2846 cohortesque,
1495 2799 1624 2844 quibus

911 2849 1091 2883 Romanae
1112 2849 1321 2893 provinciae
1341 2850 1378 2882 in
1392 2848 1497 2882 laeva
1506 2847 1624 2882 Rheni

911 2897 987 2942 ripa
1024 2897 1326 2931 custodiebantur.
1406 2896 1460 2931 De
1493 2895 1549 2930 his
1586 2896 1624 2929 in

913 2946 1073 2980 exercitu
1093 2945 1244 2980 Cerialis
1270 2949 1354 2978 tunc
1368 2944 1516 2979 aderant
1540 2953 1624 2978 set-

913 2994 1137 3029 tadecumam'
1163 3002 1204 3029 ac
1226 2994 1384 3040 primani
1419 2992 1480 3040 (H.
1505 2991 1552 3028 lv
1578 2988 1624 3027 ⁷0
