1768 3216
27 1531 115 1571 100

122 204 211 242 ιθ.
236 206 298 244 69.

591 205 725 242 LIBER
751 206 796 242 ll.
852 205 940 243 Cn.
966 207 1148 244 97—100.

1555 210 1627 244 180

118 324 262 378 ptione
290 324 487 377 hostium,
519 325 732 367 atrocibus
762 325 946 379 undique
977 326 1133 368 nuntiis
1162 326 1384 382 exterritus
1403 326 1638 369 Caecinam.

120 411 173 441 ac
200 398 418 442 Valentem
448 400 647 463 ἤρεψε
677 400 729 443 ad
758 399 913 442 bellum
944 400 1071 442 iubet.

119 473 336 517 Valentem
366 488 390 517 e
419 475 541 530 gravi
572 475 763 530 corporis
804 475 952 517 morbo
994 480 1076 517 tum
1121 475 1299 530 primum
1329 476 1627 531 adsurgentem

119 547 336 592 infirmitas
366 549 569 592 tardabat.
629 549 776 605 Longe
818 549 900 592 alia
937 550 1243 604 proficiscentis
1288 564 1341 592 ex
1382 551 1487 592 urbe
1518 550 1630 594 Ger-

119 623 275 666 manici
303 624 512 666 exercitus
543 624 737 679 species·
778 637 863 666 non
894 625 1019 680 vigor
1062 626 1333 679 corporibus,
1374 638 1460 668 non
1500 626 1662 670 ardors

120 698 296 750 animis3
324 698 482 741 lentum
512 703 554 741 et
582 713 721 742 rarum
753 713 929 755 agmen,
976 700 1086 743 fluxa
1128 708 1265 754 arma,
1312 714 1467 757 segnes
1509 702 1629 756 equi;

988 755 1215 771 W*

120 773 340 828 impatiens
370 773 474 816 solis
503 774 688 828 pulveris
718 778 1031 829 tempestatum,
1085 780 1365 831 quantumque
1402 776 1534 819 hebes
1576 777 1629 819 ad

119 847 408 890 sustinendum
451 848 642 891 laborem
682 849 828 902 miles,
871 854 984 892 tanto
1031 850 1084 891 ad
1116 851 1355 893 discordias
1385 853 1630 906 promptior.

117 908 364 966 Accedebat
398 923 480 965 huc
511 924 720 966 Caecinae
751 925 921 967 ambitio
952 929 1093 978 vetus,
1145 929 1291 980 torpor
1318 938 1471 968 recens
1502 926 1630 968 nimia

119 997 314 1041 fortunae
340 998 600 1053 indulgentia
631 999 756 1041 soluti
787 1000 830 1040 in
859 999 1025 1041 luxum:
1058 1011 1135 1041 seu
1163 1000 1379 1054 perfidiam
1412 1001 1631 1043 meditanti
1647 1012 1686 1040 ιο

120 1071 353 1128 infringere
383 1073 595 1116 exercitus
624 1074 817 1117 virtutem
850 1075 961 1116 inter
991 1079 1103 1117 artes
1135 1079 1236 1117 erat.
1289 1075 1520 1123 Credidere
1537 1076 1632 1130 ple-

119 1147 240 1201 rique
276 1147 407 1189 Flavii
446 1148 591 1191 Sabini
639 1149 827 1191 consiliis
875 1161 1124 1191 concussam
1174 1150 1386 1192 Caecinae
1432 1155 1628 1203 mentem,

119 1221 311 1265 ministro
356 1235 595 1265 sermonum
634 1223 791 1266 Rubrio
842 1224 989 1266 Gallo:

121 1296 216 1350 fore
244 1301 369 1352 pacta
396 1298 669 1341 transitionis.

413 1347 615 1363 —a-m-ae—-x

1041 1228 1132 1266 rata
1172 1225 1279 1278 apud
1330 1226 1629 1279 Vespasianum

731 1299 860 1342 Simul
892 1300 1084 1341 odiorum
1115 1299 1383 1353 invidiaeque
1415 1313 1517 1355 erga
1547 1300 1690 1348 Ita-«32
1723 1307 1765 1341 ff

95 1366 235 1414 ‘bium
253 1363 471 1414 Valentem
502 1372 821 1427 admonebatur,
853 1378 897 1416 ut
926 1374 1060 1428 impar
1090 1374 1198 1429 apud
1221 1374 1430 1418 Vitellium
1451 1375 1631 1430 gratiam
1648 1379 1768 1451 '⁵5⁴2-

122 1446 319 1502 viresque
349 1448 456 1502 apud
488 1460 642 1490 novum
667 1450 898 1504 principem
928 1454 1109 1504 pararet.

261 1523 444 1565 Caecina
476 1537 500 1566 e
530 1524 751 1578 complexu
766 1525 922 1566 Vitellii
944 1525 1072 1567 multo
1094 1538 1186 1567 cum
1210 1526 1372 1568 honore
1395 1526 1627 1580 digressus,

124 1600 284 1651 partem
322 1598 504 1651 equitum
547 1598 599 1640 ad
632 1599 919 1653 occupandam
962 1599 1209 1641 Cremonam
1246 1600 1473 1653 praemisit.

1533 1599 1631 1640 Mox

120 1671 275 1714 vexilla
306 1676 494 1726 quartae,
531 1673 699 1726 quintae
726 1673 917 1715 decimae
945 1677 984 1715 et
1014 1677 1160 1715 sextae
1181 1673 1372 1715 decimae
1402 1673 1630 1728 legionum,

267 1792 303 1827 2.
330 1802 376 1825 ac
403 1790 508 1826 Gula:
529 1797 562 1826 et
587 1791 741 1837 Lipsius.

124 1844 195 1874 tm
221 1837 327 1874 Git':
354 1846 437 1874 tunc
457 1839 502 1874 C.
578 1842 612 1876 7.
642 1843 715 1887 inp.
741 1840 809 1875 Ma.

122 1886 193 1924 Ma.
257 1889 314 1924 10.
339 1889 518 1923 meditatio
546 1888 612 1932 Mn,

124 1936 345 1972 Gronovius.
433 1939 490 1973 12.
516 1939 637 1972 sauini
658 1937 725 1972 Ma.

825 1792 985 1839 expediri
1010 1790 1115 1826 GMat
1144 1793 1300 1827 correxit
1328 1791 1525 1826 Acidalius.
1594 1792 1630 1826 3.

894 1841 1020 1875 haebes
1047 1840 1111 1875 Ma.

641 1890 843 1924 meditantis
871 1891 927 1946 Au:
958 1891 1114 1960 εοηξιίῑ
1138 1889 1344 1924 Rhenanus.
1372 1889 1536 1923 meditato
1563 1888 1634 1922 lac.

128 1985 290 2020 Caecina
314 1998 333 2020 e
357 1985 539 2021 Orellius:
568 1987 703 2021 Cecina
723 1987 763 2031 G,
792 1939 1136 2021 ἐαῗοίΐῖεέἱίῐὸηε
1163 1988 1316 2032 priores.

1195 1841 1230 1876 9.
1255 1847 1377 1884 metus,
1404 1839 1469 1875 sed
1494 1850 1584 1874 corr.
1614 1851 1635 1873 v

1153 1939 1208 1973 17.
1239 1939 1418 1973 Caecinae
1443 1937 1511 1981 Ma,
1538 1937 1632 1971 uude

1420 1986 1474 2022 19.
1503 1985 1638 2020 vexilla

124 2040 285 2080 quartae,
317 2036 459 2080 quintae
489 2035 646 2070 decimae
673 2042 704 2071 et
728 2042 850 2070 sextae
878 2037 1033 2070 decimae
1062 2036 1199 2070 editor:
1231 2035 1287 2070 Ma
1311 2035 1444 2071 vexilla
1468 2036 1507 2068 iu
1532 2040 1636 2080 quat-

123 2089 205 2118 tuor
230 2083 353 2118 decum
381 2083 489 2119 XIII.

125 2195 255 2241 giones
293 2204 315 2228 a
343 2193 520 2238 ducibus,
554 2195 618 2229 sed
652 2195 849 2240 expediunt

124 2243 236 2277 duces
263 2247 299 2278 et
323 2244 534 2287 praepositi.
585 2243 632 2278 cf
654 2250 776 2279 annot.
803 2245 848 2279 ad

210 2339 398 2385 perfidiam
439 2339 625 2374 meditanti
643 2352 655 2373 .·
695 2341 848 2375 Medicei

129 2387 265 2422 codicis
291 2389 419 2422 vitium
444 2388 622 2422 meditatio
667 2400 712 2423 ex
752 2390 849 2423 anti-

128 2437 459 2482 quiore'scriptura
495 2437 656 2471 meditati
688 2438 738 2471 ita
766 2442 850 2472 nata

129 2489 205 2528 est,
233 2490 271 2519 ut
295 2485 415 2520 scriba
440 2485 613 2520 lineolam
639 2491 700 2520 aut
725 2486 849 2533 negli-

129 2538 232 2580 geret
266 2539 328 2568 aut
361 2539 523 2579 tempore
560 2535 747 2569 evanidam
778 2545 850 2569 non

129 2582 451 2626 animadverteret,
496 2588 570 2616 tum
594 2584 754 2618 meditati
779 2594 850 2618 non

130 2635 251 2675 aptum
278 2642 359 2665 esse
388 2633 519 2665 ceteris
537 2634 699 2667 sentiens
719 2634 756 2666 in
777 2645 851 2667 me-

131 2678 254 2712 ditatio
280 2689 391 2723 prave
415 2681 579 2714 mutavit.

219 2738 428 2761 concussam
467 2727 647 2762 Caecinae
684 2735 853 2763 mentem:

132 2778 173 2808 ut
199 2775 353 2819 amplius
379 2786 451 2808 non
491 2775 590 2809 firma
628 2781 738 2812 staret
766 2777 855 2812 fides

134 2833 222 2870 erga
249 2823 448 2858 Vitellium.
491 2824 552 2859 Sic
578 2835 750 2860 concussa
770 2827 856 2871 fides

195 2920 299 2956 simul
321 2921 538 2956 odiorum—
556 2927 724 2967 pararet.-
750 2923 857 2957 etiam

135 2969 227 3005 haec
252 2971 437 3016 pertinent
462 2970 508 3006 ad
534 2969 599 3005 illa
636 2969 859 3006 clandestina

918 2195 1122 2240 colloquia,
1161 2195 1225 2230 sed
1250 2194 1393 2229 Tacitus
1430 2194 1474 2228 ad
1501 2196 1638 2229 oratio-

917 2255 1000 2277 nem
1020 2244 1192 2278 directam
1218 2254 1387 2285 reversus
1416 2248 1469 2277 est
1496 2243 1542 2276 ob
1559 2253 1640 2277 ser-

918 2292 1034 2326 monis
1061 2292 1285 2326 facilitatem.

1014 2340 1101 2384 Cap.
1147 2341 1228 2376 100.
1288 2339 1422 2374 cea-illa
1461 2345 1608 2385 quartae
1625 2365 1635 2382 ‚

919 2389 1062 2433 quintae
1088 2389 1243 2422 decimae
1278 2395 1312 2422 et
1336 2394 1457 2422 sextae
1483 2389 1639 2423 decimae

919 2437 1126 2483 legionum.-
1167 2439 1309 2471 initium
1347 2437 1476 2471 faciam
1514 2437 1558 2471 ab
1598 2448 1642 2471 ea

920 2485 1069 2532 legione
1111 2497 1203 2531 quae
1235 2487 1350 2531 primo
1384 2486 1465 2520 loco
1502 2491 1582 2530 est,
1622 2496 1643 2519 a

922 2541 1063 2580 quarta.
1125 2534 1223 2570 Haec
1258 2536 1294 2569 in
1320 2534 1375 2569 Μξι
1413 2536 1451 2568 in
1488 2536 1641 2580 signata,

922 2594 1014 2628 quae
1041 2583 1173 2618 vocula
1197 2595 1255 2618 me
1283 2583 1404 2617 iudice
1432 2594 1476 2617 ex
1503 2583 1643 2616 numeri

922 2637 1007 2665 nota
1048 2642 1087 2666 tu
1124 2634 1231 2666 traxit
1277 2633 1485 2677 originem,
1527 2640 1642 2675 eaque

922 2680 1059 2715 vexilla
1076 2687 1224 2725 quartae
1243 2681 1399 2725 legionis
1422 2678 1548 2715 imboc
1564 2680 1642 2722 ipso

925 2731 1088 2763 exercitu
1118 2729 1313 2762 Vitelliano
1340 2727 1383 2761 Η.
1411 2726 1459 2759 lll
1486 2729 1533 2761 22
1562 2733 1642 2761 meu

925 2783 1084 2811 moratae
1108 2778 1302 2810 recensuit.
1331 2775 1501 2819 Sequitur
1525 2776 1560 2808 in
1577 2785 1644 2809 eo-

927 2825 1006 2859 dem
1047 2825 1139 2858 libro
1175 2830 1337 2868 quattuor
1363 2823 1510 2866 decum3¹
1545 2822 1580 2858 h.
1609 2835 1641 2858 e.

928 2878 1077 2918 quartae
1103 2873 1240 2918 decime,
1264 2872 1396 2906 leviter
1415 2877 1644 2916 corruptum:
1666 2899 1673 2918 τ

928 2921 991 2955 sed
1034 2921 1171 2967 legioni
1215 2925 1361 2966 quartae
1408 2920 1571 2955 decimae
1607 2921 1644 2954 in
1666 2920 1671 2956 ἶ

928 2970 1148 3005 Britanniam
1176 2971 1406 3005 transmissae
1432 2969 1494 3018 (u.
1519 2968 1552 3004 11
1576 2968 1643 3018 66)

1131 401 1389 443 Praemissus
1421 401 1627 444 Caecina:
1647 406 1768 440 em'it,

1687 476 1768 515 ‘sn
