1768 3216
754 224 1025 261 PRAEFATIO,
1587 225 1636 261 lx

133 342 301 397 secutus
323 342 590 397 hieronymus
611 343 703 397 ipse
726 342 820 396 q⁰q3
851 327 991 384 libella·
1021 343 1071 384 de
1103 341 1380 398 scriptoribus
1407 337 1645 399 christianis

137 416 271 458 edidit.
332 416 430 472 Νημ
458 417 551 458 etia*
580 416 900 471 Bartholomeus
914 417 1056 472 sacius
1069 417 1297 472 familiaris
1316 417 1454 472 noster
1468 417 1519 459 de
1536 417 1647 473 uiris

138 492 367 548 illustribus
387 492 586 546 temporis
602 492 668 547 sui
697 491 831 546 libros
854 493 1090 547 composuit.
1164 492 1235 546 qui
1268 505 1321 533 ne
1347 492 1427 546 hos
1446 492 1631 534 Suetonii

136 567 317 622 illustres
338 566 459 620 uiros
483 566 628 607 uidere
655 566 788 620 posset
812 567 930 620 mors
949 566 1171 608 immatura
1203 564 1343 620 effecit.
1381 566 1512 620 paulo
1531 565 1638 608 enim

132 641 226 695 pol!
251 641 345 695 eius
370 642 507 682 morte*
533 640 576 681 in
606 641 700 681 luce
728 641 874 682 redie?
903 654 993 681 cum
1021 642 1173 696 multos
1202 642 1340 696 annos
1362 641 1576 695 desiderati
1610 654 1640 684 a

135 716 268 771 doctis
298 715 531 770 hominibus
562 721 708 757 essent.
782 715 1052 770 Temporibus
1086 716 1191 758 enim
1229 715 1362 759 Nicol.
1402 717 1534 771 quinti
1570 717 1628 768 (is

135 813 219 856 vita
252 813 465 855 concessit
499 811 632 865 1455)
658 813 841 867 potificif
859 813 1030 854 'nomime‘
1057 813 1176 854 Enoc
1207 775 1443 868 fffculanus
1463 826 1507 854 m
1533 813 1637 855 Gal-

136 887 236 930 liam
263 891 304 928 el
333 886 429 928 inde
453 886 495 927 in
526 886 790 928 Germaniam
812 887 1031 941 profectus
1039 887 1410 940 conquirendorum
1431 886 1632 929 librorum

133 961 274 1016 qratia
302 960 382 1015 hos
401 958 583 1014 quaqua*
597 961 811 1015 mendosos
835 965 875 1002 et
903 961 1170 1015 imperfectos
1191 961 1249 1003 ad
1274 962 1355 1016 nos
1375 961 1514 1002 retulit
1533 966 1560 1006 ¹.

281 1037 328 1078 In
361 1035 608 1078 Germaniae
638 1036 895 1078 monasterio
930 1036 1126 1079 Fuldensi
1162 1037 1356 1078 codicem
1389 1036 1637 1079 Germaniae

134 1111 349 1155 Tacitinae
370 1123 483 1153 nono
511 1111 655 1154 seculo
686 1111 1052 1166 deprehendimus,
1086 1125 1139 1154 ex
1164 1112 1312 1153 eadem
1337 1116 1449 1154 terra
1468 1112 1639 1166 quinto-

137 1186 302 1229 decimo
333 1186 476 1229 seculo
510 1186 759 1228 Germaniae
791 1186 929 1228 codex
959 1186 1002 1227 in
1035 1186 1194 1227 ltaliam
1225 1187 1276 1228 ab
1308 1187 1428 1228 Enoc
1455 1187 1639 1230 Ascula-

138 1273 195 1303 no
223 1261 384 1303 delatus
417 1265 495 1313 est,
527 1261 638 1303 unde
669 1273 814 1303 omnes
848 1264 1050 1315 quotquot
1080 1265 1220 1303 extant
1249 1261 1394 1315 scripti
1409 1261 1505 1303 libri
1523 1261 1637 1304 Ger-

136 1336 301 1379 maniae
334 1339 375 1378 et
404 1335 573 1390 Dialogi
605 1336 886 1388 descendunt,
916 1335 1011 1377 dum
1044 1336 1133 1390 ipse
1160 1348 1213 1376 ex
1246 1335 1380 1377 oculis
1420 1336 1633 1378 hominum

138 1412 320 1455 evanuit.
351 1411 531 1453 Accedit
552 1411 663 1465 quod
692 1411 895 1453 lectiones
928 1423 981 1452 ex
999 1410 1191 1453 Ruodolfi
1210 1410 1397 1465 reliquiis
1420 1413 1633 1467 cognitae,

139 1486 325 1541 exceptis
354 1486 564 1528 nonnullis
597 1498 700 1540 quas
741 1486 810 1527 ille
848 1497 924 1540 pro
965 1497 1041 1527 suo
1082 1485 1260 1528 consilio
1298 1490 1458 1528 mutare
1497 1486 1641 1529 debuit

140 1566 209 1604 aut
238 1561 369 1603 voluit
398 1561 625 1615 paucisque
658 1560 908 1602 inscientiae
929 1560 1048 1621 culpa
1078 1560 1129 1602 ab
1164 1561 1313 1603 eodem
1332 1561 1516 1614 inflexis?
1546 1573 1640 1603 cum

139 1637 344 1690 scriptura
393 1636 621 1691 apographi
665 1648 718 1677 ex
758 1636 908 1677 codice
948 1636 1200 1678 Germanico
1242 1649 1265 1678 a
1306 1636 1492 1677 Pontano
1535 1636 1638 1678 faeti

142 1710 295 1764 optime
322 1710 599 1752 consentiunt.
661 1710 778 1760 Quae
804 1722 897 1751 cum
928 1710 984 1750 ita
1010 1710 1118 1762 sint,
1163 1710 1234 1751 vix
1266 1709 1538 1751 dubitandum
1570 1710 1640 1752 vi-

142 1785 287 1838 detur,
328 1785 426 1839 quin
455 1784 694 1839 exemplar,
725 1785 836 1839 quod
867 1785 1101 1830 Ruodolsus
1132 1798 1207 1826 sua
1238 1789 1374 1827 aetate
1405 1785 1629 1840 excerpsit,

141 1860 252 1902 idem
279 1860 332 1902 sit
366 1864 489 1914 atque
518 1860 618 1902 illud
646 1860 755 1914 quod
788 1860 839 1901 ab
870 1859 987 1901 Enoc
1021 1860 1237 1902 Asculano
1265 1861 1388 1915 paulo
1426 1865 1522 1903 ante
1554 1873 1635 1903 an-

142 1948 240 1977 num
275 1935 383 1978 1460
412 1935 454 1976 in
481 1935 639 1977 ltaliam
668 1935 835 1977 allatum
861 1947 956 1976 esse
988 1935 1241 1989 accepimus.

535 2111 599 2156 ΙΙ.
662 2111 732 2155 De
759 2112 919 2155 codiee
951 2110 1260 2156 Perizoniano.

278 2236 341 2277 Ex
371 2236 530 2278 duabus
559 2235 913 2278 admonitionibus
944 2237 1117 2278 Pontani
1147 2248 1271 2278 manu
1300 2236 1438 2278 codici
1466 2238 1641 2279 Perizo-

142 2311 269 2353 niano
301 2311 503 2362 adiectis,
546 2323 715 2364 quarum
748 2311 977 2364 exemplum
1012 2323 1135 2364 supra
1166 2311 1365 2363 scriptum
1399 2315 1488 2364 est,
1535 2311 1643 2354 duae

144 2396 214 2426 res
245 2385 296 2425 ad
327 2385 512 2426 notitiam
542 2388 727 2425 nostram
756 2388 1048 2437 pervenerunt.
1097 2384 1297 2425 Nimirum
1319 2396 1411 2426 cum
1432 2385 1645 2439 exemplar

146 2459 436 2502 Germanicum
467 2459 508 2499 in
540 2459 697 2500 ltaliam
730 2458 908 2500 delatum
941 2462 1018 2510 est,
1051 2458 1131 2499 hoc
1161 2459 1330 2500 unicum
1363 2459 1439 2500 suit
1468 2459 1510 2500 in
1541 2459 1644 2502 orbe

145 2539 372 2587 terrarum,
415 2546 495 2589 quo
529 2534 751 2576 Germania
779 2537 819 2575 et
847 2533 1048 2588 Dialogus
1081 2533 1403 2585 exhibebantur3
1457 2538 1541 2576 tum
1572 2534 1643 2589 qui

144 2610 300 2664 primus
333 2623 385 2650 ex
412 2610 607 2651 thesauro
639 2621 770 2662 nuper
800 2608 1022 2650 adinvento
1048 2620 1202 2650 novum
1233 2608 1425 2651 codicem
1458 2621 1533 2650 sua
1550 2622 1643 2650 ma-

145 2696 202 2725 nu
248 2687 444 2725 accurate
475 2683 723 2737 descripsit,
769 2682 843 2723 suit
883 2683 1077 2724 Iovianus
1106 2683 1340 2734 Fontanus,
1388 2695 1424 2723 a.
1462 2681 1570 2723 1426
1599 2681 1641 2722 in

148 2758 315 2799 Umbria
349 2761 483 2808 natus,
517 2757 690 2810 Neapoli
724 2757 775 2798 ab
807 2758 990 2798 Antonio
1010 2757 1298 2798 Panormitano
1330 2756 1544 2806 educatus,
1573 2756 1642 2809 qui

231 2936 261 2967 1.
290 2932 442 2979 Reliqua
472 2933 515 2967 de
543 2932 714 2966 Suetonio
741 2932 872 2966 aPon-
921 2932 1090 2976 scriptum
1146 2934 1200 2964 est
1246 2929 1339 2964 lov.
1389 2929 1637 2965 PONTANVS.

152 2987 233 3016 tano
250 2981 343 3015 dicta
369 2981 505 3015 omitto.
531 2981 761 3015 Annotationi
788 2980 876 3014 sub·
929 2978 1085 3013 VMBER
1118 2979 1304 3025 excripsit:
