<?xml version="1.0" encoding="UTF-8"?>
<!DOCTYPE html PUBLIC "-//W3C//DTD XHTML 1.0 Transitional//EN"
    "http://www.w3.org/TR/xhtml1/DTD/xhtml1-transitional.dtd">
<html xmlns="http://www.w3.org/1999/xhtml" xml:lang="en" lang="en">
 <head>
  <title>
</title>
<meta http-equiv="Content-Type" content="text/html;charset=utf-8" />
  <meta name='ocr-system' content='tesseract 3.04.00' />
  <meta name='ocr-capabilities' content='ocr_page ocr_carea ocr_par ocr_line ocrx_word'/>
</head>
<body>
  <div class='ocr_page' id='page_1' title='image "./operaadcodicesan03taciuoft/operaadcodicesan03taciuoft_0678.png"; bbox 0 0 1768 3216; ppageno 0'>
   <div class='ocr_carea' id='block_1_1' title="bbox 163 226 1103 266">
    <p class='ocr_par' dir='ltr' id='par_1_1' title="bbox 163 226 1103 266">
     <span class='ocr_line' id='line_1_1' title="bbox 163 226 1103 266; baseline 0 -1"><span class='ocrx_word' id='word_1_1' title='bbox 163 231 236 266; x_wconf 71' lang='lat'>286</span> <span class='ocrx_word' id='word_1_2' title='bbox 729 227 790 262; x_wconf 90' lang='lat' dir='ltr'>DE</span> <span class='ocrx_word' id='word_1_3' title='bbox 815 226 1043 263; x_wconf 82' lang='lat' dir='ltr'>ORATORIB</span> <span class='ocrx_word' id='word_1_4' title='bbox 1051 229 1103 265; x_wconf 92' lang='lat' dir='ltr'>VS</span> 
     </span>
    </p>
   </div>
   <div class='ocr_carea' id='block_1_2' title="bbox 113 346 1661 1225">
    <p class='ocr_par' dir='ltr' id='par_1_2' title="bbox 114 346 1661 697">
     <span class='ocr_line' id='line_1_2' title="bbox 165 346 1659 406; baseline 0.001 -16"><span class='ocrx_word' id='word_1_5' title='bbox 165 348 364 390; x_wconf 87' lang='lat' dir='ltr'>adversus</span> <span class='ocrx_word' id='word_1_6' title='bbox 412 349 568 387; x_wconf 90' lang='lat' dir='ltr'>tutores</span> <span class='ocrx_word' id='word_1_7' title='bbox 617 358 715 387; x_wconf 91' lang='lat' dir='ltr'>suos</span> <span class='ocrx_word' id='word_1_8' title='bbox 761 346 1014 401; x_wconf 79' lang='lat' dir='ltr'>composuit3</span> <span class='ocrx_word' id='word_1_9' title='bbox 1061 359 1140 389; x_wconf 89' lang='lat' dir='ltr'>nec</span> <span class='ocrx_word' id='word_1_10' title='bbox 1185 348 1430 391; x_wconf 85' lang='lat' dir='ltr'>Ciceronem</span> <span class='ocrx_word' id='word_1_11' title='bbox 1468 354 1659 406; x_wconf 65' lang='lat' dir='ltr'>magnum</span> 
     </span>
     <span class='ocr_line' id='line_1_3' title="bbox 165 413 1660 471; baseline 0.003 -7"><span class='ocrx_word' id='word_1_12' title='bbox 165 426 373 464; x_wconf 85' lang='lat' dir='ltr'>oratorem</span> <span class='ocrx_word' id='word_1_13' title='bbox 402 420 565 462; x_wconf 92' lang='lat' dir='ltr'>Publius</span> <span class='ocrx_word' id='word_1_14' title='bbox 598 421 788 471; x_wconf 80' lang='lat' dir='ltr'>Quintius</span> <span class='ocrx_word' id='word_1_15' title='bbox 831 421 1028 464; x_wconf 86' lang='lat' dir='ltr'>defensus</span> <span class='ocrx_word' id='word_1_16' title='bbox 1072 427 1139 464; x_wconf 90' lang='lat' dir='ltr'>aut</span> <span class='ocrx_word' id='word_1_17' title='bbox 1168 413 1352 467; x_wconf 87' lang='lat' dir='ltr'>Licinius</span> <span class='ocrx_word' id='word_1_18' title='bbox 1381 423 1660 468; x_wconf 80' lang='lat' dir='ltr'>Archias-fa·-</span> 
     </span>
     <span class='ocr_line' id='line_1_4' title="bbox 164 495 1660 541; baseline 0.002 -5"><span class='ocrx_word' id='word_1_19' title='bbox 164 495 295 536; x_wconf 82' lang='lat' dir='ltr'>ciunt;</span> <span class='ocrx_word' id='word_1_20' title='bbox 327 495 501 536; x_wconf 84' lang='lat' dir='ltr'><strong>Catilina</strong></span> <span class='ocrx_word' id='word_1_21' title='bbox 532 499 571 537; x_wconf 91' lang='lat' dir='ltr'>et</span> <span class='ocrx_word' id='word_1_22' title='bbox 599 496 696 537; x_wconf 89' lang='lat' dir='ltr'>Milo</span> <span class='ocrx_word' id='word_1_23' title='bbox 727 500 768 537; x_wconf 90' lang='lat' dir='ltr'>et</span> <span class='ocrx_word' id='word_1_24' title='bbox 797 497 949 538; x_wconf 81' lang='lat' dir='ltr'>Verres</span> <span class='ocrx_word' id='word_1_25' title='bbox 982 501 1022 538; x_wconf 91' lang='lat' dir='ltr'>et</span> <span class='ocrx_word' id='word_1_26' title='bbox 1052 497 1260 538; x_wconf 92' lang='lat' dir='ltr'>Antonius</span> <span class='ocrx_word' id='word_1_27' title='bbox 1292 498 1402 540; x_wconf 87' lang='lat' dir='ltr'>hanc</span> <span class='ocrx_word' id='word_1_28' title='bbox 1424 497 1483 539; x_wconf 88' lang='lat' dir='ltr'>illi</span> <span class='ocrx_word' id='word_1_29' title='bbox 1509 497 1660 541; x_wconf 80' lang='lat' dir='ltr'>famam</span> 
     </span>
     <span class='ocr_line' id='line_1_5' title="bbox 114 560 1661 626; baseline 0.003 -16"><span class='ocrx_word' id='word_1_30' title='bbox 114 560 116 562; x_wconf 50' lang='grc'>’</span> <span class='ocrx_word' id='word_1_31' title='bbox 163 569 537 612; x_wconf 82' lang='lat' dir='ltr'>circumdederunt.</span> <span class='ocrx_word' id='word_1_32' title='bbox 597 570 688 611; x_wconf 92' lang='lat' dir='ltr'>Non</span> <span class='ocrx_word' id='word_1_33' title='bbox 721 571 815 624; x_wconf 87' lang='lat' dir='ltr'>quia</span> <span class='ocrx_word' id='word_1_34' title='bbox 848 571 949 613; x_wconf 90' lang='lat' dir='ltr'>tanti</span> <span class='ocrx_word' id='word_1_35' title='bbox 980 572 1055 613; x_wconf 92' lang='lat' dir='ltr'>suit</span> <span class='ocrx_word' id='word_1_36' title='bbox 1085 572 1147 613; x_wconf 88' lang='lat' dir='ltr'>rei</span> <span class='ocrx_word' id='word_1_37' title='bbox 1180 572 1372 626; x_wconf 84' lang='lat' dir='ltr'>publicae</span> <span class='ocrx_word' id='word_1_38' title='bbox 1397 572 1528 615; x_wconf 88' lang='lat' dir='ltr'>malos</span> <span class='ocrx_word' id='word_1_39' title='bbox 1549 572 1661 615; x_wconf 84' lang='lat' dir='ltr'>ferre</span> 
     </span>
     <span class='ocr_line' id='line_1_6' title="bbox 131 644 1657 697; baseline 0.001 -11"><span class='ocrx_word' id='word_1_40' title='bbox 131 644 302 697; x_wconf 89' lang='lat' dir='ltr'>⁵cives,</span> <span class='ocrx_word' id='word_1_41' title='bbox 352 648 394 685; x_wconf 88' lang='lat' dir='ltr'>ut</span> <span class='ocrx_word' id='word_1_42' title='bbox 423 645 591 687; x_wconf 88' lang='lat' dir='ltr'>uberem</span> <span class='ocrx_word' id='word_1_43' title='bbox 623 645 674 687; x_wconf 87' lang='lat' dir='ltr'>ad</span> <span class='ocrx_word' id='word_1_44' title='bbox 705 645 926 687; x_wconf 90' lang='lat' dir='ltr'>dicendum</span> <span class='ocrx_word' id='word_1_45' title='bbox 960 647 1174 688; x_wconf 81' lang='lat' dir='ltr'>materiam</span> <span class='ocrx_word' id='word_1_46' title='bbox 1207 651 1398 689; x_wconf 88' lang='lat' dir='ltr'>oratores</span> <span class='ocrx_word' id='word_1_47' title='bbox 1430 647 1657 690; x_wconf 88' lang='lat' dir='ltr'>haberent:</span> 
     </span>
    </p>

    <p class='ocr_par' dir='ltr' id='par_1_3' title="bbox 162 720 1661 775">
     <span class='ocr_line' id='line_1_7' title="bbox 162 720 1661 775; baseline 0.002 -14"><span class='ocrx_word' id='word_1_48' title='bbox 162 720 252 772; x_wconf 86' lang='lat' dir='ltr'>sed,</span> <span class='ocrx_word' id='word_1_49' title='bbox 284 724 327 760; x_wconf 93' lang='lat' dir='ltr'>ut</span> <span class='ocrx_word' id='word_1_50' title='bbox 356 720 532 762; x_wconf 85' lang='lat' dir='ltr'>subinde</span> <span class='ocrx_word' id='word_1_51' title='bbox 564 720 786 773; x_wconf 85' lang='lat' dir='ltr'>admoneo,</span> <span class='ocrx_word' id='word_1_52' title='bbox 821 723 1076 775; x_wconf 81' lang='lat' dir='ltr'>quaestionis</span> <span class='ocrx_word' id='word_1_53' title='bbox 1102 722 1423 775; x_wconf 79' lang='lat' dir='ltr'>meminerimus,</span> <span class='ocrx_word' id='word_1_54' title='bbox 1455 722 1661 764; x_wconf 81' lang='lat' dir='ltr'>sciamus-</span> 
     </span>
    </p>

    <p class='ocr_par' dir='ltr' id='par_1_4' title="bbox 113 795 1661 1225">
     <span class='ocr_line' id='line_1_8' title="bbox 163 795 1657 851; baseline 0.003 -16"><span class='ocrx_word' id='word_1_55' title='bbox 163 807 241 848; x_wconf 87' lang='lat' dir='ltr'>que</span> <span class='ocrx_word' id='word_1_56' title='bbox 271 807 347 836; x_wconf 88' lang='lat' dir='ltr'>nos</span> <span class='ocrx_word' id='word_1_57' title='bbox 386 795 438 836; x_wconf 89' lang='lat' dir='ltr'>de</span> <span class='ocrx_word' id='word_1_58' title='bbox 478 807 527 837; x_wconf 90' lang='lat' dir='ltr'>ea</span> <span class='ocrx_word' id='word_1_59' title='bbox 567 808 613 837; x_wconf 89' lang='lat' dir='ltr'>re</span> <span class='ocrx_word' id='word_1_60' title='bbox 655 795 768 850; x_wconf 89' lang='lat' dir='ltr'>loqui</span> <span class='ocrx_word' id='word_1_61' title='bbox 810 809 916 850; x_wconf 82' lang='lat' dir='ltr'>quae</span> <span class='ocrx_word' id='word_1_62' title='bbox 959 796 1121 838; x_wconf 78' lang='lat' dir='ltr'>facilius</span> <span class='ocrx_word' id='word_1_63' title='bbox 1159 797 1335 839; x_wconf 81' lang='lat' dir='ltr'>turbidis</span> <span class='ocrx_word' id='word_1_64' title='bbox 1380 801 1420 839; x_wconf 90' lang='lat' dir='ltr'>et</span> <span class='ocrx_word' id='word_1_65' title='bbox 1460 796 1657 851; x_wconf 87' lang='lat' dir='ltr'>inquietis</span> 
     </span>
     <span class='ocr_line' id='line_1_9' title="bbox 130 869 1660 928; baseline 0.003 -18"><span class='ocrx_word' id='word_1_66' title='bbox 130 869 415 928; x_wconf 66' lang='lat' dir='ltr'>ftemporibus</span> <span class='ocrx_word' id='word_1_67' title='bbox 447 870 593 911; x_wconf 83' lang='lat' dir='ltr'>extit-it.</span> <span class='ocrx_word' id='word_1_68' title='bbox 657 871 757 920; x_wconf 88' lang='lat' dir='ltr'>Quis</span> <span class='ocrx_word' id='word_1_69' title='bbox 786 871 954 926; x_wconf 83' lang='lat' dir='ltr'>ignorat</span> <span class='ocrx_word' id='word_1_70' title='bbox 985 871 1123 912; x_wconf 89' lang='lat' dir='ltr'>utilius</span> <span class='ocrx_word' id='word_1_71' title='bbox 1165 885 1213 914; x_wconf 87' lang='lat' dir='ltr'>ac</span> <span class='ocrx_word' id='word_1_72' title='bbox 1255 872 1400 914; x_wconf 91' lang='lat' dir='ltr'>melius</span> <span class='ocrx_word' id='word_1_73' title='bbox 1446 883 1540 914; x_wconf 89' lang='lat' dir='ltr'>esse</span> <span class='ocrx_word' id='word_1_74' title='bbox 1579 871 1660 914; x_wconf 81' lang='lat' dir='ltr'>frui</span> 
     </span>
     <span class='ocr_line' id='line_1_10' title="bbox 126 935 1660 1005; baseline 0.003 -20"><span class='ocrx_word' id='word_1_75' title='bbox 126 935 265 1005; x_wconf 59' lang='lat' dir='ltr'>{pace</span> <span class='ocrx_word' id='word_1_76' title='bbox 307 957 427 998; x_wconf 88' lang='lat' dir='ltr'>quam</span> <span class='ocrx_word' id='word_1_77' title='bbox 470 945 578 987; x_wconf 90' lang='lat' dir='ltr'>bello</span> <span class='ocrx_word' id='word_1_78' title='bbox 620 946 803 988; x_wconf 83' lang='lat' dir='ltr'>vexari?</span> <span class='ocrx_word' id='word_1_79' title='bbox 848 946 989 988; x_wconf 86' lang='lat' dir='ltr'>Plures</span> <span class='ocrx_word' id='word_1_80' title='bbox 1034 951 1170 988; x_wconf 85' lang='lat' dir='ltr'>tamen</span> <span class='ocrx_word' id='word_1_81' title='bbox 1211 947 1345 988; x_wconf 91' lang='lat' dir='ltr'>bonos</span> <span class='ocrx_word' id='word_1_82' title='bbox 1384 946 1660 1001; x_wconf 87' lang='lat' dir='ltr'>proeliatores</span> 
     </span>
     <span class='ocr_line' id='line_1_11' title="bbox 113 1008 1661 1075; baseline 0.003 -18"><span class='ocrx_word' id='word_1_83' title='bbox 113 1008 270 1060; x_wconf 65' lang='lat' dir='ltr'>nibella</span> <span class='ocrx_word' id='word_1_84' title='bbox 302 1031 422 1072; x_wconf 90' lang='lat' dir='ltr'>quam</span> <span class='ocrx_word' id='word_1_85' title='bbox 449 1032 531 1073; x_wconf 87' lang='lat' dir='ltr'>pax</span> <span class='ocrx_word' id='word_1_86' title='bbox 559 1020 708 1064; x_wconf 86' lang='lat' dir='ltr'>serunt.</span> <span class='ocrx_word' id='word_1_87' title='bbox 785 1020 939 1063; x_wconf 89' lang='lat' dir='ltr'>Similis</span> <span class='ocrx_word' id='word_1_88' title='bbox 980 1021 1242 1075; x_wconf 87' lang='lat' dir='ltr'>eloquentiae</span> <span class='ocrx_word' id='word_1_89' title='bbox 1281 1020 1481 1062; x_wconf 91' lang='lat' dir='ltr'>conditio.</span> <span class='ocrx_word' id='word_1_90' title='bbox 1558 1019 1661 1062; x_wconf 84' lang='lat' dir='ltr'>Nam</span> 
     </span>
     <span class='ocr_line' id='line_1_12' title="bbox 161 1095 1660 1150; baseline 0.003 -16"><span class='ocrx_word' id='word_1_91' title='bbox 161 1105 241 1146; x_wconf 90' lang='lat' dir='ltr'>quo</span> <span class='ocrx_word' id='word_1_92' title='bbox 276 1095 442 1148; x_wconf 86' lang='lat' dir='ltr'>saepius</span> <span class='ocrx_word' id='word_1_93' title='bbox 475 1096 636 1137; x_wconf 86' lang='lat' dir='ltr'>steterit</span> <span class='ocrx_word' id='word_1_94' title='bbox 664 1099 871 1150; x_wconf 83' lang='lat' dir='ltr'>tamquam</span> <span class='ocrx_word' id='word_1_95' title='bbox 903 1096 943 1137; x_wconf 89' lang='lat' dir='ltr'>in</span> <span class='ocrx_word' id='word_1_96' title='bbox 976 1097 1083 1148; x_wconf 86' lang='lat' dir='ltr'>acie,</span> <span class='ocrx_word' id='word_1_97' title='bbox 1113 1108 1277 1150; x_wconf 86' lang='lat' dir='ltr'>quoque</span> <span class='ocrx_word' id='word_1_98' title='bbox 1308 1096 1447 1150; x_wconf 86' lang='lat' dir='ltr'>plures</span> <span class='ocrx_word' id='word_1_99' title='bbox 1479 1099 1520 1138; x_wconf 91' lang='lat' dir='ltr'>et</span> <span class='ocrx_word' id='word_1_100' title='bbox 1548 1095 1660 1138; x_wconf 89' lang='lat' dir='ltr'>intu-</span> 
     </span>
     <span class='ocr_line' id='line_1_13' title="bbox 160 1167 1661 1225; baseline 0.003 -17"><span class='ocrx_word' id='word_1_101' title='bbox 160 1167 253 1210; x_wconf 84' lang='lat' dir='ltr'>lerit</span> <span class='ocrx_word' id='word_1_102' title='bbox 278 1168 384 1210; x_wconf 91' lang='lat' dir='ltr'>ictus</span> <span class='ocrx_word' id='word_1_103' title='bbox 410 1174 450 1211; x_wconf 90' lang='lat' dir='ltr'>et</span> <span class='ocrx_word' id='word_1_104' title='bbox 480 1171 707 1224; x_wconf 87' lang='lat' dir='ltr'>exceperit,</span> <span class='ocrx_word' id='word_1_105' title='bbox 741 1182 904 1225; x_wconf 89' lang='lat' dir='ltr'>quoque</span> <span class='ocrx_word' id='word_1_106' title='bbox 932 1171 1113 1213; x_wconf 87' lang='lat' dir='ltr'>maiores</span> <span class='ocrx_word' id='word_1_107' title='bbox 1147 1171 1415 1212; x_wconf 86' lang='lat' dir='ltr'>adversarios</span> <span class='ocrx_word' id='word_1_108' title='bbox 1447 1170 1661 1212; x_wconf 87' lang='lat' dir='ltr'>acriores-</span> 
     </span>
    </p>
   </div>
   <div class='ocr_carea' id='block_1_3' title="bbox 151 1311 1660 1653">
    <p class='ocr_par' dir='ltr' id='par_1_5' title="bbox 151 1311 1660 1653">
     <span class='ocr_line' id='line_1_14' title="bbox 254 1311 1660 1358; baseline 0.001 -11"><span class='ocrx_word' id='word_1_109' title='bbox 254 1314 287 1347; x_wconf 83' lang='lat'>2.</span> <span class='ocrx_word' id='word_1_110' title='bbox 318 1311 353 1345; x_wconf 91' lang='lat' dir='ltr'>P.</span> <span class='ocrx_word' id='word_1_111' title='bbox 385 1312 422 1346; x_wconf 91' lang='lat' dir='ltr'>P.</span> <span class='ocrx_word' id='word_1_112' title='bbox 505 1313 539 1346; x_wconf 73' lang='lat'>4.</span> <span class='ocrx_word' id='word_1_113' title='bbox 569 1323 612 1346; x_wconf 84' lang='lat' dir='ltr'>.r.</span> <span class='ocrx_word' id='word_1_114' title='bbox 636 1324 670 1358; x_wconf 84' lang='lat' dir='ltr'>p.</span> <span class='ocrx_word' id='word_1_115' title='bbox 699 1313 735 1346; x_wconf 90' lang='lat' dir='ltr'>P.</span> <span class='ocrx_word' id='word_1_116' title='bbox 821 1315 853 1348; x_wconf 83' lang='lat'>5.</span> <span class='ocrx_word' id='word_1_117' title='bbox 883 1319 914 1347; x_wconf 84' lang='lat' dir='ltr'>et</span> <span class='ocrx_word' id='word_1_118' title='bbox 938 1314 1077 1347; x_wconf 82' lang='lat' dir='ltr'>uberem</span> <span class='ocrx_word' id='word_1_119' title='bbox 1106 1313 1174 1348; x_wconf 89' lang='lat' dir='ltr'>litt.</span> <span class='ocrx_word' id='word_1_120' title='bbox 1204 1324 1221 1347; x_wconf 83' lang='lat' dir='ltr'>e</span> <span class='ocrx_word' id='word_1_121' title='bbox 1249 1315 1284 1348; x_wconf 89' lang='lat' dir='ltr'>in</span> <span class='ocrx_word' id='word_1_122' title='bbox 1313 1318 1345 1348; x_wconf 79' lang='lat' dir='ltr'>et</span> <span class='ocrx_word' id='word_1_123' title='bbox 1368 1323 1546 1358; x_wconf 87' lang='lat' dir='ltr'>superscr.</span> <span class='ocrx_word' id='word_1_124' title='bbox 1578 1325 1598 1348; x_wconf 79' lang='grc' dir='ltr'><strong>υ</strong></span> <span class='ocrx_word' id='word_1_125' title='bbox 1625 1319 1660 1349; x_wconf 85' lang='lat' dir='ltr'>et</span> 
     </span>
     <span class='ocr_line' id='line_1_15' title="bbox 158 1360 1657 1398; baseline 0.003 -5"><span class='ocrx_word' id='word_1_126' title='bbox 158 1372 175 1394; x_wconf 87' lang='lat' dir='ltr'>e</span> <span class='ocrx_word' id='word_1_127' title='bbox 202 1360 391 1394; x_wconf 87' lang='lat' dir='ltr'>subnotato</span> <span class='ocrx_word' id='word_1_128' title='bbox 419 1360 542 1395; x_wconf 86' lang='lat' dir='ltr'>eadem</span> <span class='ocrx_word' id='word_1_129' title='bbox 569 1371 674 1394; x_wconf 88' lang='lat' dir='ltr'>manu</span> <span class='ocrx_word' id='word_1_130' title='bbox 701 1360 738 1395; x_wconf 90' lang='lat' dir='ltr'>P.</span> <span class='ocrx_word' id='word_1_131' title='bbox 815 1363 847 1396; x_wconf 91' lang='lat'>7.</span> <span class='ocrx_word' id='word_1_132' title='bbox 875 1373 937 1395; x_wconf 83' lang='lat' dir='ltr'>nos</span> <span class='ocrx_word' id='word_1_133' title='bbox 963 1362 1064 1396; x_wconf 86' lang='lat' dir='ltr'>deest</span> <span class='ocrx_word' id='word_1_134' title='bbox 1091 1361 1126 1396; x_wconf 89' lang='lat' dir='ltr'>P.</span> <span class='ocrx_word' id='word_1_135' title='bbox 1227 1362 1261 1397; x_wconf 89' lang='lat'>8.</span> <span class='ocrx_word' id='word_1_136' title='bbox 1288 1363 1404 1396; x_wconf 74' lang='lat' dir='ltr'>existit</span> <span class='ocrx_word' id='word_1_137' title='bbox 1432 1363 1526 1397; x_wconf 90' lang='lat' dir='ltr'>coni.</span> <span class='ocrx_word' id='word_1_138' title='bbox 1555 1362 1657 1398; x_wconf 85' lang='lat' dir='ltr'>Doe-</span> 
     </span>
     <span class='ocr_line' id='line_1_16' title="bbox 156 1409 1660 1457; baseline 0.002 -15"><span class='ocrx_word' id='word_1_139' title='bbox 156 1409 341 1443; x_wconf 85' lang='lat' dir='ltr'>derlinius.</span> <span class='ocrx_word' id='word_1_140' title='bbox 422 1410 475 1444; x_wconf 90' lang='lat'>10.</span> <span class='ocrx_word' id='word_1_141' title='bbox 505 1410 663 1443; x_wconf 83' lang='lat' dir='ltr'>condicio</span> <span class='ocrx_word' id='word_1_142' title='bbox 691 1410 727 1444; x_wconf 84' lang='lat' dir='ltr'>P.</span> <span class='ocrx_word' id='word_1_143' title='bbox 850 1412 904 1445; x_wconf 78' lang='lat'>12.</span> <span class='ocrx_word' id='word_1_144' title='bbox 932 1421 1064 1455; x_wconf 81' lang='lat' dir='ltr'>quoque</span> <span class='ocrx_word' id='word_1_145' title='bbox 1093 1432 1136 1437; x_wconf 84' lang='lat'>--</span> <span class='ocrx_word' id='word_1_146' title='bbox 1167 1411 1234 1445; x_wconf 79' lang='lat' dir='ltr'>sibi</span> <span class='ocrx_word' id='word_1_147' title='bbox 1257 1411 1336 1457; x_wconf 81' lang='lat' dir='ltr'>ipsa</span> <span class='ocrx_word' id='word_1_148' title='bbox 1362 1410 1498 1445; x_wconf 81' lang='lat' dir='ltr'>editor:</span> <span class='ocrx_word' id='word_1_149' title='bbox 1525 1422 1660 1457; x_wconf 77' lang='lat' dir='ltr'>quoque</span> 
     </span>
     <span class='ocr_line' id='line_1_17' title="bbox 155 1458 1659 1505; baseline 0.002 -14"><span class='ocrx_word' id='word_1_150' title='bbox 155 1458 271 1492; x_wconf 78' lang='lat' dir='ltr'>maior</span> <span class='ocrx_word' id='word_1_151' title='bbox 308 1459 535 1492; x_wconf 78' lang='lat' dir='ltr'>aduersarius</span> <span class='ocrx_word' id='word_1_152' title='bbox 565 1464 596 1492; x_wconf 86' lang='lat' dir='ltr'>et</span> <span class='ocrx_word' id='word_1_153' title='bbox 623 1460 745 1493; x_wconf 84' lang='lat' dir='ltr'>acrior</span> <span class='ocrx_word' id='word_1_154' title='bbox 771 1459 829 1504; x_wconf 85' lang='lat' dir='ltr'>qui</span> <span class='ocrx_word' id='word_1_155' title='bbox 853 1471 991 1505; x_wconf 76' lang='lat' dir='ltr'>puqnas</span> <span class='ocrx_word' id='word_1_156' title='bbox 1017 1459 1084 1493; x_wconf 79' lang='lat' dir='ltr'>sibi</span> <span class='ocrx_word' id='word_1_157' title='bbox 1108 1460 1180 1505; x_wconf 85' lang='lat' dir='ltr'>ipse</span> <span class='ocrx_word' id='word_1_158' title='bbox 1208 1459 1253 1503; x_wconf 81' lang='grc' dir='ltr'>Ρ,</span> <span class='ocrx_word' id='word_1_159' title='bbox 1297 1471 1360 1504; x_wconf 83' lang='lat' dir='ltr'>quo</span> <span class='ocrx_word' id='word_1_160' title='bbox 1387 1460 1503 1494; x_wconf 77' lang='lat' dir='ltr'>maior</span> <span class='ocrx_word' id='word_1_161' title='bbox 1528 1460 1659 1494; x_wconf 77' lang='lat' dir='ltr'>adver-</span> 
     </span>
     <span class='ocr_line' id='line_1_18' title="bbox 154 1507 1658 1553; baseline 0.001 -13"><span class='ocrx_word' id='word_1_162' title='bbox 154 1508 271 1541; x_wconf 84' lang='lat' dir='ltr'>sarius</span> <span class='ocrx_word' id='word_1_163' title='bbox 297 1519 335 1542; x_wconf 84' lang='lat' dir='ltr'>eo</span> <span class='ocrx_word' id='word_1_164' title='bbox 363 1508 484 1541; x_wconf 83' lang='lat' dir='ltr'>acrior</span> <span class='ocrx_word' id='word_1_165' title='bbox 508 1519 573 1553; x_wconf 81' lang='lat' dir='ltr'>per</span> <span class='ocrx_word' id='word_1_166' title='bbox 605 1519 742 1552; x_wconf 65' lang='lat' dir='ltr'>pugnas</span> <span class='ocrx_word' id='word_1_167' title='bbox 773 1507 839 1541; x_wconf 85' lang='lat' dir='ltr'>sibi</span> <span class='ocrx_word' id='word_1_168' title='bbox 864 1509 958 1553; x_wconf 77' lang='lat' dir='ltr'>ipsas</span> <span class='ocrx_word' id='word_1_169' title='bbox 989 1507 1037 1542; x_wconf 91' lang='lat' dir='ltr'>F:</span> <span class='ocrx_word' id='word_1_170' title='bbox 1085 1519 1148 1552; x_wconf 86' lang='lat' dir='ltr'>quo</span> <span class='ocrx_word' id='word_1_171' title='bbox 1185 1509 1337 1542; x_wconf 63' lang='lat' dir='ltr'>‚naiores</span> <span class='ocrx_word' id='word_1_172' title='bbox 1374 1507 1598 1543; x_wconf 78' lang='lat' dir='ltr'>adversarios</span> <span class='ocrx_word' id='word_1_173' title='bbox 1627 1514 1658 1542; x_wconf 84' lang='lat' dir='ltr'>et</span> 
     </span>
     <span class='ocr_line' id='line_1_19' title="bbox 155 1556 1659 1602; baseline 0.001 -13"><span class='ocrx_word' id='word_1_174' title='bbox 155 1556 313 1590; x_wconf 81' lang='lat' dir='ltr'>acriores</span> <span class='ocrx_word' id='word_1_175' title='bbox 337 1567 474 1602; x_wconf 67' lang='lat' dir='ltr'>pugnas</span> <span class='ocrx_word' id='word_1_176' title='bbox 504 1556 570 1590; x_wconf 78' lang='lat' dir='ltr'>sibi</span> <span class='ocrx_word' id='word_1_177' title='bbox 595 1557 671 1601; x_wconf 79' lang='lat' dir='ltr'>ipsa</span> <span class='ocrx_word' id='word_1_178' title='bbox 698 1556 928 1598; x_wconf 87' lang='lat' dir='ltr'>Boetticher‚</span> <span class='ocrx_word' id='word_1_179' title='bbox 957 1568 1021 1601; x_wconf 82' lang='lat' dir='ltr'>quo</span> <span class='ocrx_word' id='word_1_180' title='bbox 1047 1557 1162 1590; x_wconf 82' lang='lat' dir='ltr'>maior</span> <span class='ocrx_word' id='word_1_181' title='bbox 1188 1557 1416 1591; x_wconf 78' lang='lat' dir='ltr'>adversarius</span> <span class='ocrx_word' id='word_1_182' title='bbox 1443 1562 1475 1591; x_wconf 81' lang='lat' dir='ltr'>et</span> <span class='ocrx_word' id='word_1_183' title='bbox 1501 1558 1659 1591; x_wconf 74' lang='lat' dir='ltr'>acriores</span> 
     </span>
     <span class='ocr_line' id='line_1_20' title="bbox 151 1604 994 1653; baseline 0.001 -16"><span class='ocrx_word' id='word_1_184' title='bbox 151 1615 289 1652; x_wconf 70' lang='lat' dir='ltr'>puynas</span> <span class='ocrx_word' id='word_1_185' title='bbox 311 1605 376 1639; x_wconf 79' lang='lat' dir='ltr'>sibi</span> <span class='ocrx_word' id='word_1_186' title='bbox 401 1606 478 1653; x_wconf 84' lang='lat' dir='ltr'>ipsa</span> <span class='ocrx_word' id='word_1_187' title='bbox 505 1604 709 1639; x_wconf 75' lang='lat' dir='ltr'>Wattherus</span> <span class='ocrx_word' id='word_1_188' title='bbox 736 1610 770 1639; x_wconf 88' lang='lat' dir='ltr'>et</span> <span class='ocrx_word' id='word_1_189' title='bbox 798 1605 994 1639; x_wconf 81' lang='lat' dir='ltr'>Bekkerus.</span> 
     </span>
    </p>
   </div>
   <div class='ocr_carea' id='block_1_4' title="bbox 940 1761 1696 1905">
    <p class='ocr_par' dir='ltr' id='par_1_6' title="bbox 940 1761 1696 1905">
     <span class='ocr_line' id='line_1_21' title="bbox 940 1761 1658 1796; baseline -0.004 0"><span class='ocrx_word' id='word_1_190' title='bbox 940 1763 1055 1796; x_wconf 81' lang='lat' dir='ltr'>maior</span> <span class='ocrx_word' id='word_1_191' title='bbox 1093 1767 1128 1796; x_wconf 92' lang='lat' dir='ltr'>et</span> <span class='ocrx_word' id='word_1_192' title='bbox 1155 1762 1275 1795; x_wconf 79' lang='lat' dir='ltr'>acrior</span> <span class='ocrx_word' id='word_1_193' title='bbox 1303 1771 1346 1794; x_wconf 87' lang='lat' dir='ltr'>ex</span> <span class='ocrx_word' id='word_1_194' title='bbox 1374 1765 1536 1794; x_wconf 87' lang='lat' dir='ltr'>truncata</span> <span class='ocrx_word' id='word_1_195' title='bbox 1562 1761 1658 1795; x_wconf 84' lang='lat' dir='ltr'>anti-</span> 
     </span>
     <span class='ocr_line' id='line_1_22' title="bbox 941 1810 1656 1857; baseline -0.004 -12"><span class='ocrx_word' id='word_1_196' title='bbox 941 1813 1066 1857; x_wconf 88' lang='lat' dir='ltr'>quiore</span> <span class='ocrx_word' id='word_1_197' title='bbox 1096 1811 1271 1854; x_wconf 88' lang='lat' dir='ltr'>scriptura</span> <span class='ocrx_word' id='word_1_198' title='bbox 1293 1810 1432 1843; x_wconf 75' lang='grc' dir='ltr'>ηιαίονέ</span> <span class='ocrx_word' id='word_1_199' title='bbox 1461 1814 1497 1843; x_wconf 87' lang='lat' dir='ltr'>et</span> <span class='ocrx_word' id='word_1_200' title='bbox 1515 1810 1656 1843; x_wconf 67' lang='lat' dir='ltr'>acriore</span> 
     </span>
     <span class='ocr_line' id='line_1_23' title="bbox 942 1857 1696 1905; baseline -0.003 -12"><span class='ocrx_word' id='word_1_201' title='bbox 942 1863 1042 1905; x_wconf 86' lang='lat' dir='ltr'>(nam</span> <span class='ocrx_word' id='word_1_202' title='bbox 1070 1858 1137 1893; x_wconf 86' lang='lat' dir='ltr'>hac</span> <span class='ocrx_word' id='word_1_203' title='bbox 1162 1864 1246 1892; x_wconf 86' lang='lat' dir='ltr'>nota</span> <span class='ocrx_word' id='word_1_204' title='bbox 1273 1859 1308 1892; x_wconf 91' lang='lat' dir='ltr'>in</span> <span class='ocrx_word' id='word_1_205' title='bbox 1337 1858 1406 1892; x_wconf 86' lang='lat' dir='ltr'>fine</span> <span class='ocrx_word' id='word_1_206' title='bbox 1434 1857 1551 1902; x_wconf 82' lang='lat' dir='ltr'>posita</span> <span class='ocrx_word' id='word_1_207' title='bbox 1576 1857 1658 1902; x_wconf 86' lang='lat' dir='ltr'>ple-</span> <span class='ocrx_word' id='word_1_208' title='bbox 1691 1862 1696 1870; x_wconf 74' lang='grc'><em>“</em></span> 
     </span>
    </p>
   </div>
   <div class='ocr_carea' id='block_1_5' title="bbox 157 1763 871 1905">
    <p class='ocr_par' dir='ltr' id='par_1_7' title="bbox 157 1763 871 1905">
     <span class='ocr_line' id='line_1_24' title="bbox 230 1763 870 1807; baseline -0.003 -9"><span class='ocrx_word' id='word_1_209' title='bbox 230 1763 370 1798; x_wconf 79' lang='lat' dir='ltr'>Publius</span> <span class='ocrx_word' id='word_1_210' title='bbox 405 1763 564 1806; x_wconf 76' lang='lat' dir='ltr'>Quintius</span> <span class='ocrx_word' id='word_1_211' title='bbox 610 1763 771 1807; x_wconf 82' lang='lat' dir='ltr'>defensus</span> <span class='ocrx_word' id='word_1_212' title='bbox 811 1769 870 1796; x_wconf 85' lang='lat' dir='ltr'>aut</span> 
     </span>
     <span class='ocr_line' id='line_1_25' title="bbox 158 1812 868 1857; baseline -0.001 -11"><span class='ocrx_word' id='word_1_213' title='bbox 158 1812 316 1846; x_wconf 82' lang='lat' dir='ltr'>Licinius</span> <span class='ocrx_word' id='word_1_214' title='bbox 363 1812 546 1845; x_wconf 75' lang='lat' dir='ltr'>Archias.-</span> <span class='ocrx_word' id='word_1_215' title='bbox 606 1817 794 1857; x_wconf 87' lang='lat' dir='ltr'>utrumque</span> <span class='ocrx_word' id='word_1_216' title='bbox 834 1812 868 1845; x_wconf 89' lang='lat' dir='ltr'>in</span> 
     </span>
     <span class='ocr_line' id='line_1_26' title="bbox 157 1860 871 1905; baseline -0.003 -10"><span class='ocrx_word' id='word_1_217' title='bbox 157 1872 263 1896; x_wconf 85' lang='lat' dir='ltr'>causa</span> <span class='ocrx_word' id='word_1_218' title='bbox 288 1862 426 1905; x_wconf 86' lang='lat' dir='ltr'>privata</span> <span class='ocrx_word' id='word_1_219' title='bbox 455 1860 628 1902; x_wconf 78' lang='lat' dir='ltr'>defendit,</span> <span class='ocrx_word' id='word_1_220' title='bbox 655 1860 806 1894; x_wconf 83' lang='lat' dir='ltr'>alterum</span> <span class='ocrx_word' id='word_1_221' title='bbox 833 1865 871 1893; x_wconf 89' lang='lat' dir='ltr'>ut</span> 
     </span>
    </p>
   </div>
   <div class='ocr_carea' id='block_1_6' title="bbox 153 1908 870 2244">
    <p class='ocr_par' dir='ltr' id='par_1_8' title="bbox 153 1908 870 2244">
     <span class='ocr_line' id='line_1_27' title="bbox 155 1908 870 1953; baseline -0.001 -10"><span class='ocrx_word' id='word_1_222' title='bbox 155 1910 249 1943; x_wconf 85' lang='lat' dir='ltr'>bona</span> <span class='ocrx_word' id='word_1_223' title='bbox 277 1914 519 1953; x_wconf 76' lang='lat' dir='ltr'>recuperaret,</span> <span class='ocrx_word' id='word_1_224' title='bbox 549 1908 642 1942; x_wconf 84' lang='lat' dir='ltr'>hunc</span> <span class='ocrx_word' id='word_1_225' title='bbox 668 1920 712 1942; x_wconf 89' lang='lat' dir='ltr'>ne</span> <span class='ocrx_word' id='word_1_226' title='bbox 740 1910 870 1942; x_wconf 85' lang='lat' dir='ltr'>civita-</span> 
     </span>
     <span class='ocr_line' id='line_1_28' title="bbox 155 1958 869 1992; baseline 0 -2"><span class='ocrx_word' id='word_1_227' title='bbox 155 1962 226 1992; x_wconf 89' lang='lat' dir='ltr'>tem</span> <span class='ocrx_word' id='word_1_228' title='bbox 252 1959 443 1992; x_wconf 88' lang='lat' dir='ltr'>amitteret.</span> <span class='ocrx_word' id='word_1_229' title='bbox 473 1958 661 1991; x_wconf 84' lang='lat' dir='ltr'>Orationes</span> <span class='ocrx_word' id='word_1_230' title='bbox 677 1958 869 1991; x_wconf 90' lang='lat' dir='ltr'>etiamnum</span> 
     </span>
     <span class='ocr_line' id='line_1_29' title="bbox 154 2005 869 2051; baseline 0.001 -13"><span class='ocrx_word' id='word_1_231' title='bbox 154 2006 333 2051; x_wconf 86' lang='lat' dir='ltr'>leguntur.</span> <span class='ocrx_word' id='word_1_232' title='bbox 417 2005 575 2038; x_wconf 78' lang='lat' dir='ltr'>Catilina</span> <span class='ocrx_word' id='word_1_233' title='bbox 605 2028 643 2033; x_wconf 84' lang='lat'>—-</span> <span class='ocrx_word' id='word_1_234' title='bbox 675 2006 869 2041; x_wconf 76' lang='lat' dir='ltr'>Antonius.-</span> 
     </span>
     <span class='ocr_line' id='line_1_30' title="bbox 154 2053 869 2098; baseline 0 -12"><span class='ocrx_word' id='word_1_235' title='bbox 154 2054 348 2096; x_wconf 87' lang='lat' dir='ltr'>observes,</span> <span class='ocrx_word' id='word_1_236' title='bbox 376 2053 503 2096; x_wconf 88' lang='lat' dir='ltr'>lector,</span> <span class='ocrx_word' id='word_1_237' title='bbox 532 2054 682 2097; x_wconf 88' lang='lat' dir='ltr'>optimas</span> <span class='ocrx_word' id='word_1_238' title='bbox 711 2065 869 2098; x_wconf 85' lang='lat' dir='ltr'>quasque</span> 
     </span>
     <span class='ocr_line' id='line_1_31' title="bbox 154 2101 870 2147; baseline -0.003 -11"><span class='ocrx_word' id='word_1_239' title='bbox 154 2107 190 2136; x_wconf 84' lang='lat' dir='ltr'>et</span> <span class='ocrx_word' id='word_1_240' title='bbox 214 2101 307 2147; x_wconf 85' lang='lat' dir='ltr'>apud</span> <span class='ocrx_word' id='word_1_241' title='bbox 347 2107 488 2136; x_wconf 84' lang='lat' dir='ltr'>veteres</span> <span class='ocrx_word' id='word_1_242' title='bbox 523 2103 674 2134; x_wconf 83' lang='lat' dir='ltr'>maxime</span> <span class='ocrx_word' id='word_1_243' title='bbox 704 2102 870 2135; x_wconf 87' lang='lat' dir='ltr'>celebra-</span> 
     </span>
     <span class='ocr_line' id='line_1_32' title="bbox 153 2149 868 2185; baseline -0.001 -2"><span class='ocrx_word' id='word_1_244' title='bbox 153 2155 205 2184; x_wconf 87' lang='lat' dir='ltr'>tas</span> <span class='ocrx_word' id='word_1_245' title='bbox 251 2162 294 2185; x_wconf 88' lang='lat' dir='ltr'>ex</span> <span class='ocrx_word' id='word_1_246' title='bbox 333 2150 554 2184; x_wconf 88' lang='lat' dir='ltr'>orationibus</span> <span class='ocrx_word' id='word_1_247' title='bbox 604 2149 788 2183; x_wconf 82' lang='lat' dir='ltr'>Ciceronis</span> <span class='ocrx_word' id='word_1_248' title='bbox 827 2149 868 2182; x_wconf 86' lang='lat' dir='ltr'>ad</span> 
     </span>
     <span class='ocr_line' id='line_1_33' title="bbox 153 2200 467 2244; baseline 0.003 -12"><span class='ocrx_word' id='word_1_249' title='bbox 153 2209 217 2232; x_wconf 88' lang='lat' dir='ltr'>nos</span> <span class='ocrx_word' id='word_1_250' title='bbox 245 2200 467 2244; x_wconf 85' lang='lat' dir='ltr'>pervenisse.</span> 
     </span>
    </p>
   </div>
   <div class='ocr_carea' id='block_1_7' title="bbox 152 2269 871 2849">
    <p class='ocr_par' dir='ltr' id='par_1_9' title="bbox 152 2269 871 2849">
     <span class='ocr_line' id='line_1_34' title="bbox 226 2269 870 2314; baseline -0.003 -11"><span class='ocrx_word' id='word_1_251' title='bbox 226 2281 298 2304; x_wconf 80' lang='lat' dir='ltr'>non</span> <span class='ocrx_word' id='word_1_252' title='bbox 324 2271 406 2314; x_wconf 81' lang='lat' dir='ltr'>quia</span> <span class='ocrx_word' id='word_1_253' title='bbox 432 2270 522 2303; x_wconf 82' lang='lat' dir='ltr'>tanti</span> <span class='ocrx_word' id='word_1_254' title='bbox 563 2270 649 2314; x_wconf 79' lang='lat' dir='ltr'>suit:</span> <span class='ocrx_word' id='word_1_255' title='bbox 694 2270 730 2302; x_wconf 90' lang='lat' dir='ltr'>in</span> <span class='ocrx_word' id='word_1_256' title='bbox 759 2269 870 2312; x_wconf 86' lang='lat' dir='ltr'>prima</span> 
     </span>
     <span class='ocr_line' id='line_1_35' title="bbox 153 2318 870 2363; baseline -0.004 -10"><span class='ocrx_word' id='word_1_257' title='bbox 153 2329 305 2363; x_wconf 86' lang='lat' dir='ltr'>persona</span> <span class='ocrx_word' id='word_1_258' title='bbox 333 2324 412 2363; x_wconf 88' lang='lat' dir='ltr'>post</span> <span class='ocrx_word' id='word_1_259' title='bbox 449 2329 521 2351; x_wconf 82' lang='lat' dir='ltr'>non</span> <span class='ocrx_word' id='word_1_260' title='bbox 555 2319 638 2362; x_wconf 82' lang='lat' dir='ltr'>quia</span> <span class='ocrx_word' id='word_1_261' title='bbox 666 2318 870 2351; x_wconf 90' lang='lat' dir='ltr'>coniuncti-</span> 
     </span>
     <span class='ocr_line' id='line_1_36' title="bbox 152 2365 870 2410; baseline -0.003 -9"><span class='ocrx_word' id='word_1_262' title='bbox 152 2378 234 2402; x_wconf 89' lang='lat' dir='ltr'>vum</span> <span class='ocrx_word' id='word_1_263' title='bbox 245 2367 384 2401; x_wconf 88' lang='lat' dir='ltr'>Tacitus</span> <span class='ocrx_word' id='word_1_264' title='bbox 402 2372 607 2401; x_wconf 86' lang='lat' dir='ltr'>constanter</span> <span class='ocrx_word' id='word_1_265' title='bbox 627 2367 759 2410; x_wconf 87' lang='lat' dir='ltr'>posuit,</span> <span class='ocrx_word' id='word_1_266' title='bbox 788 2365 870 2399; x_wconf 90' lang='lat' dir='ltr'>vel-</span> 
     </span>
     <span class='ocr_line' id='line_1_37' title="bbox 154 2415 869 2460; baseline -0.004 -10"><span class='ocrx_word' id='word_1_267' title='bbox 154 2421 192 2450; x_wconf 84' lang='lat' dir='ltr'>ut</span> <span class='ocrx_word' id='word_1_268' title='bbox 218 2417 293 2450; x_wconf 80' lang='lat' dir='ltr'>xlv</span> <span class='ocrx_word' id='word_1_269' title='bbox 320 2417 386 2451; x_wconf 78' lang='lat'>43:</span> <span class='ocrx_word' id='word_1_270' title='bbox 420 2427 491 2448; x_wconf 83' lang='lat' dir='ltr'>non</span> <span class='ocrx_word' id='word_1_271' title='bbox 532 2417 613 2460; x_wconf 82' lang='lat' dir='ltr'>quia</span> <span class='ocrx_word' id='word_1_272' title='bbox 652 2415 869 2456; x_wconf 76' lang='lat' dir='ltr'>dubitarem,-</span> 
     </span>
     <span class='ocr_line' id='line_1_38' title="bbox 152 2464 871 2508; baseline -0.004 -9"><span class='ocrx_word' id='word_1_273' title='bbox 152 2465 195 2498; x_wconf 86' lang='lat' dir='ltr'>H.</span> <span class='ocrx_word' id='word_1_274' title='bbox 225 2465 238 2498; x_wconf 83' lang='grc' dir='ltr'>Ι</span> <span class='ocrx_word' id='word_1_275' title='bbox 268 2466 329 2499; x_wconf 87' lang='lat'>15:</span> <span class='ocrx_word' id='word_1_276' title='bbox 369 2476 440 2497; x_wconf 78' lang='lat' dir='ltr'>nou</span> <span class='ocrx_word' id='word_1_277' title='bbox 467 2465 548 2508; x_wconf 80' lang='lat' dir='ltr'>quia</span> <span class='ocrx_word' id='word_1_278' title='bbox 573 2464 785 2508; x_wconf 81' lang='lat' dir='ltr'>propinquos</span> <span class='ocrx_word' id='word_1_279' title='bbox 811 2470 871 2497; x_wconf 80' lang='lat' dir='ltr'>aut</span> 
     </span>
     <span class='ocr_line' id='line_1_39' title="bbox 153 2511 869 2553; baseline -0.006 -5"><span class='ocrx_word' id='word_1_280' title='bbox 153 2516 266 2548; x_wconf 86' lang='lat' dir='ltr'>socios</span> <span class='ocrx_word' id='word_1_281' title='bbox 304 2512 385 2546; x_wconf 85' lang='lat' dir='ltr'>belli</span> <span class='ocrx_word' id='word_1_282' title='bbox 416 2524 486 2545; x_wconf 81' lang='lat' dir='ltr'>non</span> <span class='ocrx_word' id='word_1_283' title='bbox 526 2512 693 2553; x_wconf 76' lang='lat' dir='ltr'>habeam3</span> <span class='ocrx_word' id='word_1_284' title='bbox 739 2511 869 2546; x_wconf 86' lang='lat' dir='ltr'>ibidem</span> 
     </span>
     <span class='ocr_line' id='line_1_40' title="bbox 154 2561 869 2604; baseline -0.003 -9"><span class='ocrx_word' id='word_1_285' title='bbox 154 2575 185 2596; x_wconf 83' lang='lat' dir='ltr'>c.</span> <span class='ocrx_word' id='word_1_286' title='bbox 212 2563 282 2598; x_wconf 82' lang='lat'>29:</span> <span class='ocrx_word' id='word_1_287' title='bbox 319 2572 390 2594; x_wconf 80' lang='lat' dir='ltr'>non</span> <span class='ocrx_word' id='word_1_288' title='bbox 424 2561 506 2604; x_wconf 83' lang='lat' dir='ltr'>quia</span> <span class='ocrx_word' id='word_1_289' title='bbox 533 2572 605 2593; x_wconf 83' lang='lat' dir='ltr'>meo</span> <span class='ocrx_word' id='word_1_290' title='bbox 637 2561 775 2593; x_wconf 76' lang='lat' dir='ltr'>nomine</span> <span class='ocrx_word' id='word_1_291' title='bbox 801 2561 869 2593; x_wconf 82' lang='lat' dir='ltr'>tri-</span> 
     </span>
     <span class='ocr_line' id='line_1_41' title="bbox 153 2609 870 2653; baseline -0.008 -8"><span class='ocrx_word' id='word_1_292' title='bbox 153 2611 295 2645; x_wconf 80' lang='lat' dir='ltr'>stiorem</span> <span class='ocrx_word' id='word_1_293' title='bbox 322 2620 440 2642; x_wconf 80' lang='lat' dir='ltr'>casum</span> <span class='ocrx_word' id='word_1_294' title='bbox 456 2620 625 2653; x_wconf 76' lang='lat' dir='ltr'>paveam3</span> <span class='ocrx_word' id='word_1_295' title='bbox 653 2609 694 2641; x_wconf 82' lang='lat' dir='ltr'>A.</span> <span class='ocrx_word' id='word_1_296' title='bbox 711 2609 777 2642; x_wconf 73' lang='lat'>46:</span> <span class='ocrx_word' id='word_1_297' title='bbox 801 2619 870 2640; x_wconf 72' lang='lat' dir='ltr'>nun</span> 
     </span>
     <span class='ocr_line' id='line_1_42' title="bbox 154 2657 871 2704; baseline -0.007 -11"><span class='ocrx_word' id='word_1_298' title='bbox 154 2661 236 2704; x_wconf 82' lang='lat' dir='ltr'>quia</span> <span class='ocrx_word' id='word_1_299' title='bbox 259 2657 544 2693; x_wconf 77' lang='lat' dir='ltr'>intercedendum</span> <span class='ocrx_word' id='word_1_300' title='bbox 565 2662 680 2702; x_wconf 82' lang='lat' dir='ltr'>putem</span> <span class='ocrx_word' id='word_1_301' title='bbox 703 2658 871 2699; x_wconf 74' lang='lat' dir='ltr'>imuqini-</span> 
     </span>
     <span class='ocr_line' id='line_1_43' title="bbox 154 2705 870 2742; baseline -0.008 -1"><span class='ocrx_word' id='word_1_302' title='bbox 154 2709 225 2742; x_wconf 85' lang='lat' dir='ltr'>bus.</span> <span class='ocrx_word' id='word_1_303' title='bbox 254 2707 322 2741; x_wconf 85' lang='lat' dir='ltr'>Sed</span> <span class='ocrx_word' id='word_1_304' title='bbox 344 2706 412 2740; x_wconf 91' lang='lat' dir='ltr'>hoc</span> <span class='ocrx_word' id='word_1_305' title='bbox 440 2717 508 2740; x_wconf 87' lang='lat' dir='ltr'>non</span> <span class='ocrx_word' id='word_1_306' title='bbox 537 2706 706 2739; x_wconf 83' lang='lat' dir='ltr'>continuo</span> <span class='ocrx_word' id='word_1_307' title='bbox 734 2705 776 2738; x_wconf 85' lang='lat' dir='ltr'>ad</span> <span class='ocrx_word' id='word_1_308' title='bbox 797 2710 870 2738; x_wconf 83' lang='lat' dir='ltr'>ter..</span> 
     </span>
     <span class='ocr_line' id='line_1_44' title="bbox 154 2753 871 2799; baseline -0.006 -11"><span class='ocrx_word' id='word_1_309' title='bbox 154 2758 235 2790; x_wconf 81' lang='lat' dir='ltr'>tiam</span> <span class='ocrx_word' id='word_1_310' title='bbox 266 2766 450 2799; x_wconf 84' lang='lat' dir='ltr'>personam</span> <span class='ocrx_word' id='word_1_311' title='bbox 492 2753 777 2787; x_wconf 82' lang='lat' dir='ltr'>transferendum</span> <span class='ocrx_word' id='word_1_312' title='bbox 805 2759 871 2794; x_wconf 82' lang='lat' dir='ltr'>est,</span> 
     </span>
     <span class='ocr_line' id='line_1_45' title="bbox 155 2802 870 2849; baseline -0.007 -11"><span class='ocrx_word' id='word_1_313' title='bbox 155 2806 213 2838; x_wconf 85' lang='lat' dir='ltr'>ubi</span> <span class='ocrx_word' id='word_1_314' title='bbox 247 2803 440 2849; x_wconf 75' lang='lat' dir='ltr'>singularis</span> <span class='ocrx_word' id='word_1_315' title='bbox 478 2803 541 2836; x_wconf 85' lang='lat' dir='ltr'>illa</span> <span class='ocrx_word' id='word_1_316' title='bbox 580 2802 776 2835; x_wconf 83' lang='lat' dir='ltr'>modestiae</span> <span class='ocrx_word' id='word_1_317' title='bbox 819 2803 870 2834; x_wconf 87' lang='lat' dir='ltr'>si-</span> 
     </span>
    </p>
   </div>
   <div class='ocr_carea' id='block_1_8' title="bbox 156 2851 709 2898">
    <p class='ocr_par' dir='ltr' id='par_1_10' title="bbox 156 2851 709 2898">
     <span class='ocr_line' id='line_1_46' title="bbox 156 2851 709 2898; baseline -0.004 -12"><span class='ocrx_word' id='word_1_318' title='bbox 156 2853 337 2898; x_wconf 83' lang='lat' dir='ltr'>gnificatio</span> <span class='ocrx_word' id='word_1_319' title='bbox 363 2854 478 2885; x_wconf 88' lang='lat' dir='ltr'>minus</span> <span class='ocrx_word' id='word_1_320' title='bbox 506 2851 709 2896; x_wconf 87' lang='lat' dir='ltr'>requiritur.</span> 
     </span>
    </p>
   </div>
   <div class='ocr_carea' id='block_1_9' title="bbox 158 2922 870 3017">
    <p class='ocr_par' dir='ltr' id='par_1_11' title="bbox 158 2922 870 3017">
     <span class='ocr_line' id='line_1_47' title="bbox 204 2922 870 2968; baseline -0.005 -12"><span class='ocrx_word' id='word_1_321' title='bbox 204 2935 334 2968; x_wconf 82' lang='lat' dir='ltr'>quoque</span> <span class='ocrx_word' id='word_1_322' title='bbox 351 2925 502 2957; x_wconf 81' lang='lat' dir='ltr'>maiores</span> <span class='ocrx_word' id='word_1_323' title='bbox 513 2923 734 2956; x_wconf 65' lang='lat' dir='ltr'>adversarius</span> <span class='ocrx_word' id='word_1_324' title='bbox 748 2922 870 2954; x_wconf 72' lang='grc' dir='ltr'>(ιω-ἰυ-</span> 
     </span>
     <span class='ocr_line' id='line_1_48' title="bbox 158 2969 870 3017; baseline -0.001 -13"><span class='ocrx_word' id='word_1_325' title='bbox 158 2983 276 3016; x_wconf 80' lang='lat' dir='ltr'>resque</span> <span class='ocrx_word' id='word_1_326' title='bbox 306 2993 348 2998; x_wconf 74' lang='lat'><em>-</em></span> <span class='ocrx_word' id='word_1_327' title='bbox 392 2973 466 3017; x_wconf 80' lang='lat' dir='ltr'>ipsa</span> <span class='ocrx_word' id='word_1_328' title='bbox 493 2971 746 3016; x_wconf 77' lang='lat' dir='ltr'>desumpserit:</span> <span class='ocrx_word' id='word_1_329' title='bbox 783 2969 870 3003; x_wconf 86' lang='lat' dir='ltr'>vitia</span> 
     </span>
    </p>
   </div>
   <div class='ocr_carea' id='block_1_10' title="bbox 940 1906 1659 2290">
    <p class='ocr_par' dir='ltr' id='par_1_12' title="bbox 940 1906 1659 2290">
     <span class='ocr_line' id='line_1_49' title="bbox 940 1906 1659 1954; baseline -0.003 -13"><span class='ocrx_word' id='word_1_330' title='bbox 940 1918 1089 1954; x_wconf 89' lang='lat' dir='ltr'>rumque</span> <span class='ocrx_word' id='word_1_331' title='bbox 1115 1919 1159 1950; x_wconf 91' lang='lat' dir='ltr'>m,</span> <span class='ocrx_word' id='word_1_332' title='bbox 1187 1906 1378 1952; x_wconf 88' lang='lat' dir='ltr'>aliquando</span> <span class='ocrx_word' id='word_1_333' title='bbox 1401 1907 1508 1940; x_wconf 87' lang='lat' dir='ltr'>etiam</span> <span class='ocrx_word' id='word_1_334' title='bbox 1528 1919 1545 1940; x_wconf 85' lang='lat' dir='ltr'>s</span> <span class='ocrx_word' id='word_1_335' title='bbox 1569 1916 1659 1941; x_wconf 88' lang='lat' dir='ltr'>con-</span> 
     </span>
     <span class='ocr_line' id='line_1_50' title="bbox 940 1955 1658 2004; baseline -0.003 -14"><span class='ocrx_word' id='word_1_336' title='bbox 940 1959 1121 2003; x_wconf 83' lang='lat' dir='ltr'>signatur)</span> <span class='ocrx_word' id='word_1_337' title='bbox 1149 1958 1292 1990; x_wconf 89' lang='lat' dir='ltr'>tertium</span> <span class='ocrx_word' id='word_1_338' title='bbox 1322 1961 1357 1989; x_wconf 91' lang='lat' dir='ltr'>et</span> <span class='ocrx_word' id='word_1_339' title='bbox 1385 1959 1548 2000; x_wconf 84' lang='lat' dir='ltr'>quartum</span> <span class='ocrx_word' id='word_1_340' title='bbox 1573 1955 1658 2004; x_wconf 82' lang='lat' dir='ltr'>(ad-</span> 
     </span>
     <span class='ocr_line' id='line_1_51' title="bbox 940 2004 1658 2050; baseline -0.001 -12"><span class='ocrx_word' id='word_1_341' title='bbox 940 2006 1118 2038; x_wconf 83' lang='lat' dir='ltr'>versarius</span> <span class='ocrx_word' id='word_1_342' title='bbox 1143 2015 1205 2049; x_wconf 85' lang='lat' dir='ltr'>pro</span> <span class='ocrx_word' id='word_1_343' title='bbox 1233 2004 1469 2047; x_wconf 76' lang='lat' dir='ltr'>aduersarios,</span> <span class='ocrx_word' id='word_1_344' title='bbox 1496 2004 1570 2050; x_wconf 76' lang='lat' dir='ltr'>ipse</span> <span class='ocrx_word' id='word_1_345' title='bbox 1595 2014 1658 2048; x_wconf 81' lang='lat' dir='ltr'>pro</span> 
     </span>
     <span class='ocr_line' id='line_1_52' title="bbox 940 2051 1658 2097; baseline -0.001 -11"><span class='ocrx_word' id='word_1_346' title='bbox 940 2054 1032 2097; x_wconf 74' lang='lat' dir='ltr'>ipsa)</span> <span class='ocrx_word' id='word_1_347' title='bbox 1059 2058 1187 2096; x_wconf 85' lang='lat' dir='ltr'>sponte</span> <span class='ocrx_word' id='word_1_348' title='bbox 1225 2057 1453 2096; x_wconf 86' lang='lat' dir='ltr'>pepererunt.</span> <span class='ocrx_word' id='word_1_349' title='bbox 1512 2051 1564 2085; x_wconf 86' lang='lat' dir='ltr'>Ex</span> <span class='ocrx_word' id='word_1_350' title='bbox 1592 2062 1658 2087; x_wconf 88' lang='lat' dir='ltr'>eo-</span> 
     </span>
     <span class='ocr_line' id='line_1_53' title="bbox 942 2100 1657 2145; baseline -0.003 -11"><span class='ocrx_word' id='word_1_351' title='bbox 942 2101 1019 2134; x_wconf 89' lang='lat' dir='ltr'>dem</span> <span class='ocrx_word' id='word_1_352' title='bbox 1049 2101 1149 2134; x_wconf 83' lang='lat' dir='ltr'>fontc</span> <span class='ocrx_word' id='word_1_353' title='bbox 1176 2102 1336 2145; x_wconf 87' lang='lat' dir='ltr'>quintum</span> <span class='ocrx_word' id='word_1_354' title='bbox 1365 2101 1550 2143; x_wconf 85' lang='lat' dir='ltr'>provenit,</span> <span class='ocrx_word' id='word_1_355' title='bbox 1577 2100 1657 2134; x_wconf 88' lang='lat' dir='ltr'>dico</span> 
     </span>
     <span class='ocr_line' id='line_1_54' title="bbox 942 2148 1658 2193; baseline 0 -12"><span class='ocrx_word' id='word_1_356' title='bbox 942 2149 1148 2193; x_wconf 85' lang='lat' dir='ltr'>particulam</span> <span class='ocrx_word' id='word_1_357' title='bbox 1179 2155 1210 2182; x_wconf 84' lang='lat' dir='ltr'>et</span> <span class='ocrx_word' id='word_1_358' title='bbox 1238 2153 1318 2192; x_wconf 87' lang='lat' dir='ltr'>post</span> <span class='ocrx_word' id='word_1_359' title='bbox 1349 2148 1572 2182; x_wconf 72' lang='lat' dir='ltr'>adversarios</span> <span class='ocrx_word' id='word_1_360' title='bbox 1600 2149 1658 2181; x_wconf 87' lang='lat' dir='ltr'>in-</span> 
     </span>
     <span class='ocr_line' id='line_1_55' title="bbox 940 2197 1657 2241; baseline 0 -11"><span class='ocrx_word' id='word_1_361' title='bbox 940 2203 1097 2239; x_wconf 86' lang='lat' dir='ltr'>sertam,</span> <span class='ocrx_word' id='word_1_362' title='bbox 1133 2202 1316 2241; x_wconf 84' lang='lat' dir='ltr'>postquam</span> <span class='ocrx_word' id='word_1_363' title='bbox 1353 2197 1473 2230; x_wconf 82' lang='lat' dir='ltr'>acrior</span> <span class='ocrx_word' id='word_1_364' title='bbox 1502 2198 1560 2241; x_wconf 81' lang='lat' dir='ltr'>qui</span> <span class='ocrx_word' id='word_1_365' title='bbox 1594 2207 1657 2240; x_wconf 88' lang='lat' dir='ltr'>pro</span> 
     </span>
     <span class='ocr_line' id='line_1_56' title="bbox 941 2245 1526 2290; baseline -0.005 -10"><span class='ocrx_word' id='word_1_366' title='bbox 941 2248 1165 2290; x_wconf 80' lang='lat' dir='ltr'>acrioresque</span> <span class='ocrx_word' id='word_1_367' title='bbox 1194 2245 1386 2279; x_wconf 85' lang='lat' dir='ltr'>substituta</span> <span class='ocrx_word' id='word_1_368' title='bbox 1414 2250 1526 2279; x_wconf 87' lang='lat' dir='ltr'>erant.</span> 
     </span>
    </p>
   </div>
   <div class='ocr_carea' id='block_1_11' title="bbox 939 2338 1659 3012">
    <p class='ocr_par' dir='ltr' id='par_1_13' title="bbox 939 2338 1659 3012">
     <span class='ocr_line' id='line_1_57' title="bbox 1012 2338 1658 2373; baseline -0.002 -1"><span class='ocrx_word' id='word_1_369' title='bbox 1012 2358 1027 2372; x_wconf 56' lang='lat' dir='ltr'>f</span> <span class='ocrx_word' id='word_1_370' title='bbox 1053 2357 1069 2372; x_wconf 40' lang='grc' dir='ltr'><em>φ</em></span> <span class='ocrx_word' id='word_1_371' title='bbox 1097 2357 1110 2372; x_wconf 50' lang='lat' dir='ltr'>a.</span> <span class='ocrx_word' id='word_1_372' title='bbox 1137 2344 1173 2372; x_wconf 82' lang='lat' dir='ltr'>ut</span> <span class='ocrx_word' id='word_1_373' title='bbox 1199 2350 1328 2372; x_wconf 79' lang='lat' dir='ltr'>secura</span> <span class='ocrx_word' id='word_1_374' title='bbox 1354 2338 1481 2373; x_wconf 79' lang='lat' dir='ltr'>velint.-</span> <span class='ocrx_word' id='word_1_375' title='bbox 1524 2338 1658 2373; x_wconf 81' lang='lat' dir='ltr'>hiatum</span> 
     </span>
     <span class='ocr_line' id='line_1_58' title="bbox 940 2387 1659 2433; baseline 0.001 -13"><span class='ocrx_word' id='word_1_376' title='bbox 940 2398 959 2420; x_wconf 89' lang='lat' dir='ltr'>a</span> <span class='ocrx_word' id='word_1_377' title='bbox 991 2399 1047 2421; x_wconf 89' lang='lat' dir='ltr'>me</span> <span class='ocrx_word' id='word_1_378' title='bbox 1082 2387 1321 2433; x_wconf 84' lang='lat' dir='ltr'>significatum</span> <span class='ocrx_word' id='word_1_379' title='bbox 1363 2392 1461 2422; x_wconf 89' lang='lat' dir='ltr'>recte</span> <span class='ocrx_word' id='word_1_380' title='bbox 1503 2398 1659 2432; x_wconf 80' lang='lat' dir='ltr'>accepe-</span> 
     </span>
     <span class='ocr_line' id='line_1_59' title="bbox 940 2435 1659 2479; baseline 0.001 -11"><span class='ocrx_word' id='word_1_381' title='bbox 940 2441 1021 2469; x_wconf 88' lang='lat' dir='ltr'>runt</span> <span class='ocrx_word' id='word_1_382' title='bbox 1050 2436 1303 2469; x_wconf 87' lang='lat' dir='ltr'>Doederlinius</span> <span class='ocrx_word' id='word_1_383' title='bbox 1336 2441 1372 2470; x_wconf 89' lang='lat' dir='ltr'>et</span> <span class='ocrx_word' id='word_1_384' title='bbox 1401 2435 1579 2479; x_wconf 86' lang='lat' dir='ltr'>Orcllius,</span> <span class='ocrx_word' id='word_1_385' title='bbox 1618 2446 1659 2469; x_wconf 86' lang='lat' dir='ltr'>ac</span> 
     </span>
     <span class='ocr_line' id='line_1_60' title="bbox 941 2484 1659 2528; baseline 0.001 -12"><span class='ocrx_word' id='word_1_386' title='bbox 941 2486 1037 2527; x_wconf 85' lang='lat' dir='ltr'>prior</span> <span class='ocrx_word' id='word_1_387' title='bbox 1059 2486 1163 2517; x_wconf 77' lang='lat' dir='ltr'>ctiam</span> <span class='ocrx_word' id='word_1_388' title='bbox 1187 2484 1256 2517; x_wconf 90' lang='lat' dir='ltr'>hoc</span> <span class='ocrx_word' id='word_1_389' title='bbox 1282 2495 1368 2518; x_wconf 86' lang='lat' dir='ltr'>vere</span> <span class='ocrx_word' id='word_1_390' title='bbox 1396 2485 1545 2526; x_wconf 88' lang='lat' dir='ltr'>monuit,</span> <span class='ocrx_word' id='word_1_391' title='bbox 1570 2494 1659 2528; x_wconf 88' lang='lat' dir='ltr'>sup-</span> 
     </span>
     <span class='ocr_line' id='line_1_61' title="bbox 942 2533 1656 2576; baseline 0 -12"><span class='ocrx_word' id='word_1_392' title='bbox 942 2533 1159 2575; x_wconf 85' lang='lat' dir='ltr'>plementum</span> <span class='ocrx_word' id='word_1_393' title='bbox 1188 2544 1206 2565; x_wconf 86' lang='lat' dir='ltr'>a</span> <span class='ocrx_word' id='word_1_394' title='bbox 1234 2543 1289 2565; x_wconf 81' lang='lat' dir='ltr'>me</span> <span class='ocrx_word' id='word_1_395' title='bbox 1325 2533 1410 2566; x_wconf 90' lang='lat' dir='ltr'>olim</span> <span class='ocrx_word' id='word_1_396' title='bbox 1438 2533 1656 2576; x_wconf 87' lang='lat' dir='ltr'>propositum</span> 
     </span>
     <span class='ocr_line' id='line_1_62' title="bbox 939 2580 1657 2622; baseline 0 -9"><span class='ocrx_word' id='word_1_397' title='bbox 939 2587 975 2614; x_wconf 81' lang='lat' dir='ltr'>ut</span> <span class='ocrx_word' id='word_1_398' title='bbox 1005 2581 1110 2614; x_wconf 80' lang='lat' dir='ltr'>dubia</span> <span class='ocrx_word' id='word_1_399' title='bbox 1138 2580 1237 2621; x_wconf 78' lang='lat' dir='ltr'>aliis,</span> <span class='ocrx_word' id='word_1_400' title='bbox 1272 2580 1338 2613; x_wconf 80' lang='lat' dir='ltr'>sibi</span> <span class='ocrx_word' id='word_1_401' title='bbox 1378 2591 1504 2615; x_wconf 83' lang='lat' dir='ltr'>secura</span> <span class='ocrx_word' id='word_1_402' title='bbox 1538 2581 1657 2622; x_wconf 79' lang='lat' dir='ltr'>velint,</span> 
     </span>
     <span class='ocr_line' id='line_1_63' title="bbox 941 2629 1658 2675; baseline 0.001 -14"><span class='ocrx_word' id='word_1_403' title='bbox 941 2630 973 2661; x_wconf 83' lang='lat' dir='ltr'>in</span> <span class='ocrx_word' id='word_1_404' title='bbox 1006 2634 1142 2673; x_wconf 85' lang='lat' dir='ltr'>tempus</span> <span class='ocrx_word' id='word_1_405' title='bbox 1171 2630 1413 2675; x_wconf 67' lang='lat' dir='ltr'>excogi&#39;zitum</span> <span class='ocrx_word' id='word_1_406' title='bbox 1444 2639 1535 2663; x_wconf 87' lang='lat' dir='ltr'>esse.</span> <span class='ocrx_word' id='word_1_407' title='bbox 1578 2629 1658 2674; x_wconf 82' lang='lat' dir='ltr'>Ipse</span> 
     </span>
     <span class='ocr_line' id='line_1_64' title="bbox 942 2678 1658 2723; baseline 0.003 -14"><span class='ocrx_word' id='word_1_408' title='bbox 942 2678 1008 2710; x_wconf 79' lang='lat' dir='ltr'>iam</span> <span class='ocrx_word' id='word_1_409' title='bbox 1038 2689 1079 2711; x_wconf 85' lang='lat' dir='ltr'>eo</span> <span class='ocrx_word' id='word_1_410' title='bbox 1109 2678 1242 2711; x_wconf 78' lang='lat' dir='ltr'>inclino</span> <span class='ocrx_word' id='word_1_411' title='bbox 1284 2683 1320 2710; x_wconf 87' lang='lat' dir='ltr'>ut</span> <span class='ocrx_word' id='word_1_412' title='bbox 1353 2678 1532 2723; x_wconf 82' lang='lat' dir='ltr'>integrum</span> <span class='ocrx_word' id='word_1_413' title='bbox 1573 2687 1658 2711; x_wconf 84' lang='lat' dir='ltr'>ver-</span> 
     </span>
     <span class='ocr_line' id='line_1_65' title="bbox 941 2725 1658 2771; baseline 0.004 -14"><span class='ocrx_word' id='word_1_414' title='bbox 941 2736 1015 2758; x_wconf 87' lang='lat' dir='ltr'>sum</span> <span class='ocrx_word' id='word_1_415' title='bbox 1048 2727 1175 2760; x_wconf 88' lang='lat' dir='ltr'>deesse</span> <span class='ocrx_word' id='word_1_416' title='bbox 1212 2731 1383 2768; x_wconf 80' lang='lat' dir='ltr'>statuam,</span> <span class='ocrx_word' id='word_1_417' title='bbox 1430 2725 1570 2771; x_wconf 85' lang='lat' dir='ltr'>qualem</span> <span class='ocrx_word' id='word_1_418' title='bbox 1598 2737 1658 2760; x_wconf 89' lang='lat' dir='ltr'>re-</span> 
     </span>
     <span class='ocr_line' id='line_1_66' title="bbox 942 2773 1658 2818; baseline 0.003 -13"><span class='ocrx_word' id='word_1_419' title='bbox 942 2773 1076 2818; x_wconf 78' lang='lat' dir='ltr'>lingere</span> <span class='ocrx_word' id='word_1_420' title='bbox 1106 2779 1252 2808; x_wconf 87' lang='lat' dir='ltr'>conatus</span> <span class='ocrx_word' id='word_1_421' title='bbox 1267 2785 1343 2807; x_wconf 89' lang='lat' dir='ltr'>sum</span> <span class='ocrx_word' id='word_1_422' title='bbox 1365 2775 1400 2807; x_wconf 90' lang='lat' dir='ltr'>in</span> <span class='ocrx_word' id='word_1_423' title='bbox 1425 2775 1658 2807; x_wconf 85' lang='lat' dir='ltr'>annotatione</span> 
     </span>
     <span class='ocr_line' id='line_1_67' title="bbox 940 2822 1656 2865; baseline 0.001 -10"><span class='ocrx_word' id='word_1_424' title='bbox 940 2825 1138 2865; x_wconf 82' lang='lat' dir='ltr'>superiore.</span> <span class='ocrx_word' id='word_1_425' title='bbox 1155 2823 1300 2857; x_wconf 70' lang='lat' dir='ltr'>Scilicet</span> <span class='ocrx_word' id='word_1_426' title='bbox 1314 2822 1550 2856; x_wconf 81' lang='lat' dir='ltr'>describentis</span> <span class='ocrx_word' id='word_1_427' title='bbox 1561 2822 1656 2856; x_wconf 91' lang='lat' dir='ltr'>oculi</span> 
     </span>
     <span class='ocr_line' id='line_1_68' title="bbox 941 2870 1657 2905; baseline 0.001 -2"><span class='ocrx_word' id='word_1_428' title='bbox 941 2870 984 2903; x_wconf 88' lang='lat' dir='ltr'>ab</span> <span class='ocrx_word' id='word_1_429' title='bbox 1012 2871 1123 2904; x_wconf 83' lang='lat' dir='ltr'>altero</span> <span class='ocrx_word' id='word_1_430' title='bbox 1163 2878 1200 2904; x_wconf 81' lang='lat' dir='ltr'>ut</span> <span class='ocrx_word' id='word_1_431' title='bbox 1241 2871 1284 2904; x_wconf 89' lang='lat' dir='ltr'>ad</span> <span class='ocrx_word' id='word_1_432' title='bbox 1321 2870 1471 2904; x_wconf 87' lang='lat' dir='ltr'>alterum</span> <span class='ocrx_word' id='word_1_433' title='bbox 1511 2871 1657 2905; x_wconf 85' lang='lat' dir='ltr'>aberra-</span> 
     </span>
     <span class='ocr_line' id='line_1_69' title="bbox 941 2920 1656 2965; baseline 0.001 -14"><span class='ocrx_word' id='word_1_434' title='bbox 941 2925 1034 2962; x_wconf 77' lang='lat' dir='ltr'>runt,</span> <span class='ocrx_word' id='word_1_435' title='bbox 1061 2930 1177 2965; x_wconf 82' lang='lat' dir='ltr'>eoque</span> <span class='ocrx_word' id='word_1_436' title='bbox 1207 2920 1454 2964; x_wconf 86' lang='lat' dir='ltr'>interpositum</span> <span class='ocrx_word' id='word_1_437' title='bbox 1483 2920 1656 2954; x_wconf 83' lang='lat' dir='ltr'>sermonis</span> 
     </span>
     <span class='ocr_line' id='line_1_70' title="bbox 942 2967 1656 3012; baseline 0.003 -12"><span class='ocrx_word' id='word_1_438' title='bbox 942 2968 1135 3002; x_wconf 85' lang='lat' dir='ltr'>membrum</span> <span class='ocrx_word' id='word_1_439' title='bbox 1173 2969 1349 3002; x_wconf 76' lang='lat' dir='ltr'>omissum.</span> <span class='ocrx_word' id='word_1_440' title='bbox 1378 2972 1442 3003; x_wconf 88' lang='lat' dir='ltr'>est.</span> <span class='ocrx_word' id='word_1_441' title='bbox 1496 2967 1656 3012; x_wconf 84' lang='lat' dir='ltr'>Repudi—</span> 
     </span>
    </p>
   </div>
  </div>
 </body>
</html>
