1768 3216
164 224 235 266 362
781 221 1040 259 AGRIGOLAE

162 342 238 386 hus
268 340 419 383 Iuniis:
465 339 646 382 excessit
691 339 810 381 tertio
852 344 893 382 et
932 341 1277 396 quinquagesimo
1305 354 1446 395 anno,
1494 342 1659 387 decimo

161 415 360 459 kalendas
393 413 645 468 Septembris
686 414 858 469 Collega
903 415 1131 469 Priscoque
1173 416 1445 461 consulibusx
1500 417 1660 467 Quodsi

160 490 341 534 habitum
371 500 534 543 quoque
565 489 654 532 eius
680 490 839 544 posteri
869 502 1049 533 noscere
1075 490 1229 543 velint,
1279 490 1498 533 decentior
1539 503 1661 545 quam

161 563 375 607 sublimior
404 564 502 606 suit:
550 564 652 607 nihil
693 569 824 620 metus
864 565 906 607 in
951 565 1090 617 vultu3
1136 565 1272 621 gratia
1308 566 1394 609 oris
1423 569 1655 621 supererat.
1704 572 1707 574 ’

127 640 317 684 ⁵B0num
345 639 478 681 virum
510 639 633 682 facile
666 640 879 693 crederes,
915 653 1110 696 magnum
1142 640 1334 683 libenter.
1383 641 1435 682 Et
1454 642 1543 696 ipse
1564 641 1660 695 qui-

161 714 283 766 dem,
328 726 573 768 quamquam
603 715 741 757 medio
788 715 830 756 in
875 715 1008 769 spatio
1051 717 1246 771 'integrae
1284 717 1433 758 aetatis
1479 719 1659 771 ereptus,

159 793 352 843 quantum
384 789 436 830 ad
467 790 669 844 gloriam,
701 790 990 845 longissimum
1020 803 1166 832 aevum
1193 792 1369 846 peregit.
1432 791 1592 845 Quippe
1619 794 1660 833 et

158 875 259 905 vera
286 864 411 917 bona,
443 877 549 918 quae
580 865 622 905 in
651 865 871 906 virtutibus
900 865 978 907 sita
1010 869 1116 917 sunt,
1151 865 1406 919 impleverat,
1441 869 1483 907 et
1501 875 1662 907 consu-

158 938 236 980 lari
266 951 315 980 ac
347 939 657 993 trIumphalibus
685 939 942 981 ornamentis
973 939 1164 993 praedito
1191 939 1288 993 quid
1308 939 1419 982 aliud
1438 939 1660 982 adstruere

108 1013 325 1060 infortuna
356 1014 548 1067 poterat?
595 1014 750 1068 Opibus
781 1014 919 1056 nimiis
951 1025 1035 1055 non
1056 1014 1280 1068 gaudebat,
1311 1014 1531 1068 speciosae
1550 1025 1678 1056 con-.
1715 1053 1719 1056 .

158 1087 351 1142 tigerant.

278 1208 308 1241 1.
339 1207 440 1242 tertio
471 1207 609 1242 editor:
638 1211 700 1244 ΓΛ
723 1214 833 1251 sexto,
860 1208 1044 1242 Broterius
1073 1209 1228 1242 coniecit
1258 1213 1396 1253 quarto.

878 1259 912 1292 2.
941 1257 1150 1302 Septembris
1176 1259 1226 1292 T:
1255 1256 1470 1290 Puteolanus
1498 1257 1659 1301 Septemss

330 1306 363 1339 4.
391 1308 514 1350 nictus]
546 1306 691 1350 impetus
718 1307 759 1347 Γ,
798 1311 906 1339 metus
931 1316 1003 1350 mg.
1036 1309 1067 1340 Γ
1096 1307 1250 1350 ascripto
1280 1305 1335 1340 Al'
1367 1309 1402 1339 et
1428 1304 1657 1348 Puteolanus,

636 1353 671 1387 8.
698 1359 777 1387 sunl
806 1365 861 1387 om
887 1357 930 1389 Λ.

496 1403 549 1436 10.
593 1402 769 1447 speciosae
793 1414 865 1435 non
889 1404 1111 1448 conceperant
1137 1404 1219 1438 121:
1261 1402 1478 1436 Puteolanus
1503 1403 1658 1448 speciose

136 1254 339 1292 decimum.
368 1257 414 1290 cf.
442 1262 562 1290 annot.
591 1256 632 1290 ad
659 1257 681 1291 6
709 1258 767 1292 50.

159 1302 247 1337 bres.

157 1357 264 1395 anetus
290 1358 321 1386 et
348 1354 492 1398 impetus
518 1356 562 1389 A.

158 1400 333 1434 teolanus.

413 1088 513 1130 Filia
544 1093 665 1143 atque
696 1101 827 1131 uxore
858 1088 1149 1142 superstitibus
1184 1093 1320 1142 potest
1356 1088 1492 1130 videri
1535 1089 1659 1130 etiam

1537 1207 1658 1242 malim

1011 1354 1192 1388 consulari
1218 1356 1290 1389 FA:
1319 1353 1560 1388 consularibus
1585 1353 1658 1387 Pu-

159 1449 366 1493 contigerat,
393 1460 463 1495 mg.
493 1452 524 1484 Γ
542 1450 596 1483 At’
623 1451 800 1495 speciosae
829 1452 1050 1496 conliyerant
1077 1450 1153 1494 filia
1183 1457 1284 1495 alque
1309 1451 1394 1485 uoei'i.

232 1544 332 1577 tertio
369 1550 400 1578 et
430 1545 712 1590 quinquaqesimo
749 1557 870 1579 caino:

159 1592 195 1624 in
210 1591 391 1626 Vaticanis
416 1597 470 1627 est
503 1593 570 1627 V10
594 1599 625 1627 ct
658 1594 734 1627 Lmo
762 1605 870 1637 tenuo,

159 1639 223 1674 sed
259 1641 433 1686 Agricola
467 1652 545 1675 cum
586 1643 766 1685 excessit,
800 1653 870 1676 non

159 1699 221 1722 sex
258 1693 293 1723 et
329 1691 589 1736 quinquaginta
627 1701 766 1733 annos,
807 1691 870 1724 sed

159 1747 289 1770 annum
315 1740 458 1772 tertium
486 1743 521 1772 et
536 1740 871 1785 quinquagesimum

161 1785 328 1830 explebat
356 1792 391 1820 et
428 1788 575 1831 insuper
611 1788 698 1820 duos
731 1798 871 1822 menses

159 1838 195 1868 et
219 1832 343 1868 decem
370 1835 446 1869 dies
462 1836 611 1869 vixerat.
647 1836 718 1869 lam
732 1836 872 1870 Tacitus

159 1892 332 1916 annorum
365 1894 453 1928 quos
485 1883 728 1927 compleverat
762 1885 872 1931 Agri-

160 1929 252 1973 cola,
279 1941 464 1965 numerum
493 1933 656 1976 posuisse
684 1938 873 1967 contentus

159 1977 247 2021 fuit,
285 1980 453 2025 exiguum
487 1980 763 2014 additamentum
801 1993 872 2015 non

161 2028 310 2068 curavit,
342 2028 516 2072 siquidem
544 2038 607 2071 pro
635 2030 772 2074 antiqui
791 2029 871 2063 libri

160 2075 254 2107 notis
279 2084 317 2107 m
346 2076 582 2110 arecentiore
606 2077 723 2110 scriba
737 2077 872 2111 substi-

160 2126 257 2156 tutae
282 2128 364 2156 sunt
388 2135 436 2164 uz,
465 2128 500 2157 et
524 2124 606 2157 inde
633 2135 799 2159 numerus
828 2126 873 2159 v1

161 2180 223 2214 pro
252 2170 298 2204 ΙΙΙ
325 2172 436 2205 venit.
475 2172 626 2206 Perinde
653 2174 688 2206 in
715 2174 868 2207 Annali-

159 2218 224 2252 bus
250 2219 314 2264 (ΙΙΙ
332 2219 394 2266 58)
424 2221 458 2253 in
476 2220 526 2254 illa
544 2221 673 2255 duobus
687 2231 749 2265 pro
767 2223 870 2266 quin-

159 2277 235 2311 que,
262 2267 297 2300 id
325 2272 378 2301 est
403 2278 427 2301 u
458 2279 521 2312 pro
540 2281 563 2302 u
581 2269 660 2316 (V),
688 2271 870 2314 scriptum.

158 2315 321 2349 Broterio
347 2317 554 2350 coniicienti
577 2324 700 2361 quarto
719 2324 749 2352 et
768 2320 872 2363 quin-

160 2364 355 2408 quagesimo
398 2370 433 2398 et
458 2364 530 2398 le
568 2376 752 2400 numerum
791 2378 869 2401 cum

159 2410 232 2444 LVI
259 2417 429 2446 mutatum
456 2415 626 2447 statuenti
654 2425 724 2448 non
743 2427 869 2460 acces-

160 2460 284 2492 serim:
313 2462 447 2505 antiqui
466 2463 558 2495 enim
576 2473 759 2497 numerum
777 2475 868 2509 qua-

158 2508 351 2541 ternarium
379 2513 503 2543 notare
543 2510 660 2543 solent
686 2512 770 2552 llll,
798 2523 868 2545 nou

158 2555 218 2589 IV.
258 2555 432 2590 Consules
457 2567 527 2590 uno
556 2561 770 2604 cognomine
802 2571 869 2593 vo-

160 2603 254 2637 cavit
269 2604 385 2638 obiter
399 2611 623 2649 memoratos,
649 2607 782 2652 alioqui
801 2608 870 2642 alia

159 2653 297 2686 ratione
322 2664 419 2687 usus.
473 2653 576 2688 Conf.
604 2660 723 2690 annot.
755 2657 797 2690 ad
827 2657 867 2691 ll.

158 2699 207 2733 Ill
231 2701 287 2735 34.
340 2702 431 2735 Hinc
459 2703 682 2737 excusandus
709 2709 761 2737 est
787 2715 870 2738 usus

159 2749 357 2792 particulae
376 2762 450 2794 que,
479 2761 557 2785 cum
581 2751 666 2786 alibi
683 2753 867 2787 consulum

159 2798 302 2831 nomina
341 2804 401 2832 aut
436 2800 514 2834 sine
555 2801 728 2845 particula
771 2802 868 2835 iuxta

159 2850 333 2887 ponantur
358 2852 418 2880 aut
443 2848 688 2893 interpositam
714 2849 868 2884 habeant

160 2898 201 2925 ec.
254 2891 356 2930 Conf.
389 2901 508 2932 annot.
550 2892 596 2933 ad
620 2898 660 2933 G.
687 2899 731 2935 37
762 2903 798 2934 et
825 2899 869 2935 ad

158 2939 207 2975 IV
233 2937 292 2977 68.
434 2938 436 2940 ‚
524 2939 530 2943 ¹

1023 1546 1114 1580 nillil
1156 1552 1263 1580 melus
1310 1547 1348 1579 in
1393 1546 1511 1581 vultu:
1549 1554 1657 1583 notetus

940 1594 1244 1641 (Scizi-eclzhaftest
1287 1595 1406 1629 activo
1453 1596 1658 1642 significatu

941 1643 1151 1687 capiendum
1192 1653 1253 1687 pro
1286 1654 1329 1677 eo
1378 1644 1473 1689 qnod
1523 1649 1656 1679 metum

940 1691 1046 1725 facit:
1084 1702 1163 1725 nam
1198 1693 1312 1735 ipsum
1351 1692 1556 1737 Agricolam
1582 1703 1654 1727 non

940 1739 1189 1774 meticulosum
1217 1740 1328 1774 fuisse
1355 1741 1539 1786 indignum
1579 1747 1654 1776 erat

940 1789 1032 1832 quod
1055 1794 1321 1823 memoraretur.
1351 1788 1454 1831 Conf.
1470 1794 1591 1824 annot.
1609 1790 1655 1826 ad

1015 1914 1178 1952 qnantum
1204 1909 1251 1942 ad
1267 1909 1417 1954 ylore'am
1431 1921 1442 1942 .·
1470 1909 1516 1947 cf,
1535 1909 1573 1946 G.
1589 1911 1655 1945 21:

943 1963 1109 1999 qnantum
1135 1957 1181 1990 ad
1207 1958 1259 1990 ius
1287 1958 1442 2003 hospitis.
1540 1958 1659 2004 opibus

941 2005 1059 2038 nimiis
1094 2015 1165 2038 non
1202 2005 1395 2050 pandebat.-
1427 2006 1460 2040 h.
1499 2017 1531 2040 e.
1571 2017 1658 2051 opes

942 2052 1068 2085 nimias
1087 2063 1157 2086 non
1180 2052 1345 2096 habebat,
1373 2053 1462 2087 nihil
1480 2054 1654 2098 amplins3

943 2100 988 2133 ef.
1008 2106 1128 2134 annot.
1145 2101 1185 2134 ad
1203 2101 1411 2135 Germaniae
1427 2101 1536 2135 verba
1553 2104 1603 2148 (c.
1617 2103 1656 2147 5)

941 2159 1085 2182 numero
1112 2149 1274 2194 qaudent.
1357 2151 1537 2194 speciosae
1567 2161 1658 2184 con-

943 2197 1119 2241 tigerant:
1156 2198 1334 2231 consentit
1371 2198 1438 2232 hoc
1464 2197 1538 2232 illis
1565 2209 1656 2244 quae

944 2256 973 2278 c.
1003 2247 1025 2280 6
1062 2246 1104 2279 de
1140 2246 1310 2292 Agricola
1341 2246 1453 2280 relata
1487 2246 1654 2294 legimus.

943 2294 1066 2338 ltaque
1093 2304 1163 2327 non
1191 2294 1422 2329 dubitandum
1449 2296 1533 2340 quin
1573 2306 1657 2340 par-

942 2342 1051 2376 ticula
1078 2354 1161 2385 non,
1189 2348 1271 2377 ante
1298 2345 1519 2388 contigerant
1537 2345 1654 2378 iuco-

940 2390 1078 2424 dicibus
1104 2391 1255 2433 adiecta,
1284 2403 1326 2425 ex
1353 2392 1512 2425 membro
1535 2393 1653 2437 priore

938 2449 1122 2483 perperam
1152 2441 1303 2484 repetita
1328 2442 1385 2473 sit.
1413 2440 1538 2474 Dionis
1555 2452 1653 2475 erro-

938 2497 1011 2520 rem
1039 2487 1081 2520 de
1109 2493 1318 2531 paupertate
1344 2488 1538 2533 Agricolae
1570 2500 1654 2523 nar--

939 2536 1048 2568 rantis
1075 2537 1195 2569 notavi
1222 2535 1265 2569 ad
1293 2547 1323 2570 c.
1352 2535 1410 2570 40.

1025 2607 1197 2650 qnondam
1232 2607 1379 2652 augurio
1417 2609 1569 2652 votisque
1607 2629 1651 2635 —

941 2655 1186 2689 minabatur.-
1226 2667 1304 2689 cum
1346 2656 1379 2689 in
1407 2660 1532 2690 vetere
1560 2657 1650 2691 libro

940 2704 1113 2746 quondam
1140 2715 1344 2749 expressum
1373 2709 1467 2738 esset
1487 2704 1601 2749 quodsi
1617 2710 1652 2739 et

940 2763 962 2784 a
987 2753 1146 2795 proximo
1174 2754 1322 2798 augurio
1352 2752 1515 2787 haustum
1534 2754 1651 2797 peris..

938 2806 1004 2844 set,
1034 2801 1167 2835 resedit
1196 2802 1306 2846 qnod,
1336 2805 1372 2834 ut
1400 2807 1454 2835 est
1483 2802 1517 2834 in
1547 2801 1649 2836 codi-

939 2850 1039 2883 cibus
1070 2851 1263 2893 Vaticanis,
1291 2854 1489 2883 structurae
1517 2850 1649 2884 verbo*

938 2909 1013 2932 rum
1039 2909 1110 2932 non
1137 2903 1269 2943 aptum.
1333 2897 1479 2946 Ursinus
1511 2909 1556 2947 esf
1581 2895 1647 2933 suo'

938 2946 1062 2996 codice
1088 2946 1248 2984 rettulit:
1274 2957 1358 2983 nam
1381 2947 1650 2999 sicutiaenqpnae
