1768 3216
732 242 1040 279 HISTORIARVM
1425 256 1458 280 a.
1485 255 1523 280 u.
1550 244 1636 283 822.

137 257 209 293 282

142 374 333 414 ctantem.
393 362 660 408 Reddendam
700 372 775 415 pro
819 359 1112 414 intempestiva
1154 358 1311 402 laetitia
1351 364 1552 403 maestam
1596 364 1638 402 et

140 445 351 488 funebrem
392 442 579 488 noctem,
626 448 704 490 qua
749 435 857 476 sciat
897 439 938 476 et
967 434 1120 476 sentiat
1155 434 1302 475 vivere
1347 434 1556 494 Vitellium
1594 439 1637 477 et

139 521 362 570 imperare,
394 517 433 553 ct
466 513 501 554 si
533 511 630 565 quid
663 510 748 552 sato
779 510 964 562 accidat,
1005 509 1130 550 lilium
1169 509 1340 550 habere.
1396 508 1706 563 Trepidanti89

137 593 242 632 inter
272 588 409 629 scelus
451 590 709 639 metumque,
749 595 802 625 nc
835 584 959 626 dilata
989 584 1127 625 Blaesi
1158 595 1271 631 mors
1302 587 1504 626 maturam
1534 596 1637 638 per-

104 664 309 714 sniciem,
340 661 473 715 palam
506 661 617 701 iussa
650 663 835 700 atrocem
867 658 1066 700 invidiam
1098 659 1249 710 ferret,
1283 659 1438 712 placuit
1466 670 1634 702 veneno

0 730 14 785 f
37 738 330 793 &grassari
391 735 564 776 Addidit
596 734 775 776 facinori
806 733 930 774 fidem
961 733 1305 798 ”QQQQ
1345 733 1537 776 Blaesum
1564 734 1636 776 vi..

110 812 279 860 sendo.
342 811 448 859 Quin
488 814 527 850 et
565 809 703 851 audita
745 813 809 850 est
839 808 1275 872 saeyisssimafivitellii
1307 821 1418 861 vox,
1467 821 1547 863 qua
1586 821 1635 852 se

133 887 244 940 (ipsa
285 885 393 926 enim
430 885 559 926 verba
600 884 805 935 referam)
842 866 1204 938 ‘paffi'ssssfflociflifs
1244 887 1430 938 spectata
1475 884 1634 926 inimici

133 965 265 1002 morte
297 960 477 1000 iactavit.
537 958 701 1010 Blaeso,
731 970 857 1011 super
888 958 1120 1000 claritatem
1150 957 1347 1000 natalium
1379 962 1420 999 et
1449 958 1630 1014 elegan-

0 1035 229 1102 {uffjotiam
268 1045 455 1089 morum,²
494 1033 589 1074 fidei
631 1033 855 1090 obstinatio
896 1033 984 1074 suit.
1046 1032 1226 1086 Integris
1257 1044 1422 1086 quoque
1452 1033 1578 1075 rebus
1609 1047 1632 1076 a

0 1109 14 1154 T.
43 1119 61 1153 ’ἵ
85 1083 313 1171 ἶῦἃθοίηει
360 1113 400 1149 et
432 1108 682 1161 primoribus
715 1108 894 1161 partium
937 1107 1018 1149 iam
1063 1107 1271 1150 Vitellium
1312 1108 1632 1162 aspernantibus

0 1178 307 1263 bvj-asswffambitus
337 1183 520 1224 abnuere
550 1182 851 1235 perseveravit.
901 1182 1078 1223 Sanctus
1103 1182 1352 1234 inturbidus,
1387 1181 1539 1224 nullius
1558 1195 1633 1224 re-

130 1257 285 1310 pentini
318 1257 512 1308 honoris,
546 1257 652 1298 adeo
685 1269 770 1319 non
799 1257 1058 1311 principatus
1086 1261 1310 1311 appetens,
1343 1269 1489 1311 parum
1521 1255 1633 1299 effu-

130 1335 248 1385 gerat
277 1343 329 1371 ne
362 1330 511 1385 dignus
544 1331 800 1374 crederetur.

81 1415 117 1443 1⁵
264 1406 413 1448 Fabius
458 1407 621 1447 interim
662 1406 815 1449 Valens
870 1407 997 1447 mullo
1046 1419 1095 1448 ac
1141 1407 1254 1448 molli
1301 1406 1704 1450 concubinarum40

130 1481 441 1535 spadonumque
473 1482 638 1536 agmine
670 1482 842 1536 segnius
858 1494 995 1535 aquam
1027 1481 1078 1523 ad
1109 1482 1260 1523 bellum
1280 1482 1499 1535 incedens,
1526 1495 1633 1537 pro-

130 1556 254 1598 ditam
286 1570 308 1598 a
339 1557 496 1598 Lucilio
525 1557 655 1598 Basso
675 1558 959 1599 Ravennatem
995 1557 1174 1599 classem
1204 1557 1446 1611 pernicibus
1477 1558 1632 1600 nuntiis

127 1632 300 1684 accepit.
361 1631 410 1672 Et
440 1632 475 1672 si
507 1637 698 1685 coeptum
726 1632 805 1673 iter
836 1636 1129 1686 properasset,
1164 1637 1374 1674 nutantem
1406 1633 1631 1676 Caecinam

125 1706 373 1758 praevenire
420 1711 488 1747 aut
528 1711 624 1748 ante
661 1693 896 1749 discrimen
918 1719 1083 1762 pugnae
1114 1707 1288 1762 adsequi
1324 1707 1519 1763 legiones
1549 1719 1632 1762 po-

275 1844 303 1876 ¹.
341 1843 520 1877 reddenda
545 1843 616 1878 Ma:
649 1844 677 1878 G
702 1844 896 1878 reddendaei.
996 1846 1031 1881 3.
1064 1846 1255 1891 imperaret
1283 1845 1359 1880 Ma:
1387 1845 1415 1881 G
1440 1847 1629 1893 imperare.

130 1892 200 1934 quit
226 1890 290 1925 Ma.
328 1915 331 1917 —
387 1892 421 1926 6.
449 1894 609 1926 crassari
634 1891 710 1926 Ma:
740 1892 767 1926 G
792 1894 965 1937 grassari.
1066 1893 1195 1928 blesum
1222 1893 1289 1929 Ma.
1371 1895 1404 1929 7.
1431 1896 1534 1930 seut's.
1562 1895 1628 1930 DF.

126 1939 160 1974 9.
189 1939 278 1972 bleso
304 1938 368 1973 Ma.
448 1941 502 1975 10.
531 1939 583 1974 llla
610 1942 646 1973 in
676 1942 837 1986 margine
863 1942 906 1975 ab
935 1942 1057 1976 eadem
1085 1953 1214 1976 manu:
1245 1942 1310 1976 alii
1330 1943 1416 1987 fides
1442 1944 1628 1979 obstinata.

131 1987 183 2020 11.
211 1987 366 2021 uitelliu‘s
394 1987 458 2020 Ma.
538 1988 592 2022 18.
623 1995 779 2034 caeptum
804 1988 869 2024 Ma.

199 2129 283 2175 Cap.
311 2132 370 2166 39.
431 2133 543 2167 dilata
574 2134 693 2168 Blaesi
727 2147 838 2169 mors.-

126 2189 160 2212 v.
188 2184 309 2213 annot.
338 2181 381 2214 ad
408 2181 453 2215 111
484 2183 537 2217 13.
665 2190 839 2218 maturam

121 2229 341 2272 perniciem.-
389 2229 475 2263 dicit
520 2232 716 2275 perniciem
767 2234 837 2267 cito

125 2276 366 2310 imminentem
395 2279 461 2312 sibi
484 2289 502 2312 a
522 2279 665 2314 Blaeso.
755 2281 838 2326 pla-

125 2325 195 2357 cuit
231 2337 362 2359 veneno
413 2330 597 2372 qrassari:
645 2329 837 2364 Suetonius

127 2374 190 2406 14:
216 2385 324 2418 unuin
349 2375 519 2422 (occidit)
549 2388 703 2419 veneno,
730 2390 838 2412 manu

123 2431 188 2453 sua
215 2428 378 2466 porrecto
405 2425 443 2456 in
470 2436 582 2468 aquae
602 2426 840 2473 frigidaepo-

126 2468 237 2511 tione,
278 2482 380 2514 quam
404 2473 433 2504 is
458 2473 616 2517 adfectus
650 2474 746 2518 febre
771 2488 839 2520 po-

62 2532 64 2534 *
92 2524 101 2559 ,ξ
121 2524 297 2561 pose-erae.
368 2520 476 2553 nobili
491 2522 619 2565 qaudio
632 2523 714 2566 (mit
729 2524 839 2557 sicht-

986 2135 1071 2180 Cap.
1099 2138 1159 2172 40.
1215 2137 1341 2171 Fabius
1379 2138 1520 2172 interim
1555 2139 1627 2173 Vn..

909 2184 1007 2218 lens.-
1046 2185 1128 2219 inde
1155 2196 1175 2219 a
1202 2197 1233 2220 c.
1261 2186 1308 2221 36
1335 2186 1447 2231 ipsius
1469 2188 1627 2232 impera-

909 2234 994 2266 toris
1013 2234 1174 2267 inertiam
1187 2239 1222 2268 et
1237 2235 1498 2279 impotentiam,
1518 2238 1626 2271 etiam

907 2282 1101 2316 amicorum
1131 2283 1207 2316 eius
1233 2283 1451 2329 flagitiosam
1477 2289 1621 2329 proter..

908 2331 1053 2364 vitatem
1072 2332 1208 2375 pinxit:
1235 2333 1304 2365 iam
1324 2332 1523 2367 succedunt
1541 2335 1626 2380 qui..

909 2379 973 2412 bus
1014 2379 1229 2414 describitur
1263 2381 1315 2423 is,
1359 2382 1415 2414 cui
1455 2393 1626 2417 summam

909 2427 994 2461 belli
1035 2427 1202 2462 Vitellius
1237 2439 1321 2472 prae
1358 2431 1489 2464 ceteris
1525 2441 1626 2464 com-

908 2476 1150 2511 mendaverat.
1228 2477 1326 2510 molli
1350 2478 1627 2513 concubinarum

907 2524 1165 2568 spadonumque
1192 2525 1352 2570 agmine:
1393 2526 1439 2560 cf.
1468 2526 1509 2559 H.
1537 2526 1552 2561 I
1578 2527 1625 2563 66

909 2577 944 2605 et
970 2582 1052 2605 mox
1080 2583 1110 2606 c.
1141 2574 1200 2607 41.

73 2562 102 2628 *15ηἲ
127 2564 239 2598 licher
268 2567 440 2614 Freude).·
472 2568 505 2602 h.
541 2580 571 2604 e.
609 2570 702 2614 quod
730 2572 837 2606 facile

76 2614 228 2695 ἓειιπιῖὀείεἷὲ
251 2620 385 2658 posset.
413 2616 552 2660 Lipsius
583 2619 738 2652 coniecit
770 2631 831 2653 no>

184 2711 255 2744 iam
287 2712 460 2746 Vitellium
485 2716 775 2759 aspernantibus:
801 2728 835 2751 v.

125 2758 164 2790 Η.
194 2759 223 2792 ΙΙ
254 2760 311 2795 99.
452 2768 594 2797 sanctus
619 2765 836 2799 inturbidus:

125 2807 176 2840 sic
205 2810 449 2852 componenda
467 2816 548 2844 sunt
570 2814 697 2856 prioris
720 2824 836 2847 enun-

125 2855 201 2888 tiati
241 2858 415 2901 membra,
458 2860 585 2904 quibus
619 2862 837 2906 respondent

128 2901 196 2935 alia
224 2904 293 2937 duo
320 2916 382 2949 per
420 2908 506 2941 adeo
542 2920 614 2943 non
649 2913 835 2945 seiuncta:

125 2951 252 2984 nullius
279 2956 453 2998 repentini
476 2957 631 3001 honoris,
659 2959 746 2992 adeo
765 2971 836 2993 non

121 2999 341 3044 principatus
368 3010 544 3049 appetens.
756 3001 761 3007 ⁴

977 2620 1098 2654 valida
1123 2632 1230 2655 manu
1250 2633 1479 2668 perumpere:
1518 2625 1625 2671 cogi..

907 2673 957 2701 tat
984 2680 1060 2702 eam
1074 2669 1198 2704 Italiac
1226 2680 1321 2704 oram
1333 2670 1516 2707 Orientem
1540 2683 1626 2708 ver..

907 2728 966 2751 sus
997 2719 1119 2760 sitam,
1162 2729 1252 2764 quae
1280 2719 1404 2753 classis
1430 2721 1624 2756 Ravenna-

906 2767 952 2799 tis
983 2767 1155 2800 militibus
1182 2767 1429 2802 infestabatur.
1499 2769 1626 2805 valida

906 2826 1029 2848 manus
1069 2817 1261 2860 opponitur
1303 2819 1484 2861 praesenti
1531 2818 1623 2853 soli-

907 2863 1030 2896 tudini.

978 2912 1056 2945 dum
1081 2914 1196 2946 media
1221 2914 1397 2958 sequitur,
1424 2925 1491 2948 nec
1517 2925 1623 2950 ausus

906 2965 955 2993 est
983 2962 1068 2995 satis
1094 2962 1358 3007 necsprovidit:
1389 2962 1514 2997 horum
1535 2974 1623 2998 ver-

905 3008 1029 3043 borum
1071 3004 1347 3054 explicationem
1381 3010 1522 3046 Tacitus
1557 3021 1622 3047 ‘cau
