1768 3216
153 252 180 286 Β
769 243 1036 281 GERMANIAE

155 370 251 407 tunc
281 365 474 407 Germani
503 362 641 404 vocati
673 362 768 403 sint.

828 362 887 403 lta
931 361 1113 403 nationis
1157 372 1335 413 nomen,
1374 371 1458 401 non
1495 360 1646 416 gentis,

156 439 361 480 evaluisse
391 437 608 491 paulatim,
650 440 696 477 ut
725 447 869 478 omnes
915 436 1089 490 primum
1121 448 1143 476 a
1174 434 1335 476 victore
1380 434 1433 476 ob
1479 438 1646 487 metum,

155 525 252 554 mox
284 512 403 552 etiam
436 525 458 552 a
489 523 536 553 se
564 511 665 565 ipsis
710 511 878 552 invento
927 510 1096 552 nomine
1143 509 1337 551 Germani
1381 512 1646 550 vocarentur.

154 586 297 631 Fuisse
331 585 438 639 apud
467 597 539 627 eos
573 589 614 626 et
639 585 859 627 Herculem
887 588 1141 636 memorant,
1173 583 1432 637 primumque
1461 582 1691 628 omnium3

289 749 324 785 3.
352 760 431 784 mox
453 750 488 784 ὄι
514 754 578 796 (ε
613 750 734 796 etiam)
762 748 812 783 P:
840 748 901 784 alii
925 759 1007 782 mox
1030 753 1074 782 et.

156 909 251 942 mine
285 917 305 941 a
332 906 486 942 Caesare
514 906 791 951 comprehensas
818 906 868 939 ita

158 957 396 999 evaluerunt,
444 961 483 989 ut
525 957 683 999 ipsorum
738 964 869 988 nomen

157 999 350 1047 maneret,
398 1010 518 1038 cetera
542 1005 751 1046 interirent,
791 1003 869 1036 sive

160 1052 333 1087 Condrusi
373 1058 408 1086 ct
444 1052 660 1094 Eburones,
703 1050 871 1085 Caeraesi

160 1107 195 1136 et
234 1101 399 1135 Paemani
443 1102 626 1146 Segnique
677 1099 749 1133 alio
800 1109 870 1144 quo

161 1160 245 1183 casu
283 1159 377 1183 novo
411 1150 557 1183 nomine
601 1148 765 1194 (Tunyri)
805 1158 871 1191 ap-

161 1197 284 1242 pellati
311 1202 403 1231 sunt.
434 1198 508 1231 Hoc
536 1202 670 1231 certum
691 1201 757 1239 est,
781 1196 871 1229 Ger-

160 1257 345 1280 manorum
392 1245 606 1279 vocabulum
656 1255 702 1278 ne
749 1253 871 1278 eorum

162 1294 303 1339 quidem
339 1305 464 1327 nomen
497 1294 609 1327 fuisse
647 1294 707 1338 qui
747 1296 873 1336 postea

167 1342 295 1387 Tungri
320 1343 437 1376 vocati
455 1339 548 1383 sunt,
576 1340 637 1375 sed
662 1351 874 1386 coynomcn-

163 1396 231 1423 lum
257 1391 392 1433 fuisse,
423 1391 466 1424 ab
494 1390 566 1423 illis
590 1390 740 1434 primum
766 1399 873 1422 usur-

163 1443 294 1482 patum,
322 1448 404 1471 mox
429 1440 464 1472 in
491 1448 614 1470 omnes
641 1436 874 1470 transrhena-

164 1496 228 1520 nos
255 1485 436 1520 collatum.
488 1485 574 1520 Nam
603 1486 662 1530 qui
691 1495 734 1518 eo
762 1494 874 1518 voea-

163 1534 249 1568 bulo
276 1534 488 1577 utebantur,
517 1544 639 1568 omnes
668 1533 773 1566 etiam
801 1533 875 1566 suis

165 1587 200 1616 et
226 1583 379 1627 propriis
407 1581 611 1616 nominibus
642 1580 875 1624 vocabantur,

164 1632 201 1664 in
232 1640 326 1664 nova
363 1635 479 1665 autem
518 1635 613 1663 terra
640 1639 772 1662 novum
807 1639 876 1662 vo-

165 1678 328 1713 cabulum
369 1684 501 1713 certam
534 1678 578 1712 ob
613 1687 754 1711 causam
781 1678 877 1710 asci-

167 1732 308 1761 verunt.
339 1726 377 1760 ld
403 1731 679 1772 cognomentum
708 1725 792 1770 quid
819 1725 878 1758 in-

166 1776 352 1817 dicaverit,
379 1774 570 1809 ostendunt
585 1774 769 1809 Suabonis
794 1784 878 1807 ver-

166 1823 210 1857 ba
242 1823 303 1856 Vll
333 1826 349 1858 1
390 1825 428 1866 δ.
464 1825 509 1858 2:
556 1818 602 1858 τὰ
637 1824 763 1877 πέραν
809 1821 875 1857 τοῦ

159 1870 305 1912 Ῥήνου
329 1867 426 1919 μετὰ
468 1868 556 1910 τοὺς
582 1865 747 1906 Κελτοὺς
782 1867 881 1917 πρὸς

166 1916 232 1963 τὴν
270 1919 318 1955 ἕω
356 1921 557 1975 κεκλιμένα
594 1920 783 1966 Γεριιανοὶ
816 1920 879 1954 νέ-

165 1980 332 2023 μονιαι,
397 1961 540 2026 μικρὸν
599 1966 882 2008 ἐξαλλάττοντες

169 2014 236 2050 τοῦ
261 2016 451 2051 Κελτικου
466 2014 597 2074 φύλου
623 2017 674 2061 τῴ
702 2024 740 2049 τε
766 2015 881 2050 πλεο-

171 2063 306 2111 νασμῷ
350 2065 412 2107 ἰἧς
454 2062 684 2119 ἀγριότητος
714 2064 778 2096 καὶ
813 2063 881 2098 τοῦ

168 2115 362 2168 μεγέθους
385 2112 448 2145 καὶ
473 2112 539 2154 τῆς
567 2110 879 2152 ξανθότητος--.

170 2156 230 2195 διὸ
262 2158 390 2194 δίκαιά
415 2171 487 2206 μοι
520 2158 680 2194 δοκοῦσι
703 2157 882 2205 Ῥωμαῖοι

169 2210 279 2243 τοῦτο
296 2205 425 2245 αὐτοῖς
451 2209 593 2243 θέσθαι
618 2205 803 2252 τοῦνομα,
833 2220 881 2246 ως

170 2255 220 2292 ἄν
269 2258 452 2301 γνησίους
490 2254 663 2293 Ιαλάτας
716 2253 882 2301 φράζειν

169 2303 414 2359 βουλόμενοι·
437 2302 591 2361 γνήσιοι
619 2315 698 2348 γαρ
729 2304 768 2338 οἱ
789 2304 881 2347 Γερ-

169 2355 289 2400 μανοὶ
322 2348 415 2386 κατά
457 2364 524 2395 τνν
555 2351 755 2397 Ῥωααίων
795 2350 881 2385 διά-

172 2402 314 2435 λεκτον.
369 2399 458 2433 Hinc
485 2398 702 2443 perspicitur
732 2408 793 2432 eos
821 2399 881 2444 qui

172 2447 335 2481 Rhenum
362 2446 788 2481 nanscendentesGallos
817 2449 883 2480 e'x-

174 2494 312 2539 pulcre,
343 2495 410 2528 hoc
438 2495 584 2537 dixisse,
612 2505 650 2528 se
678 2505 783 2528 veros
798 2505 884 2540 ger-

174 2553 369 2587 manosque
398 2542 518 2576 Gallos
552 2552 630 2575 esse
665 2552 781 2586 eoque
819 2542 886 2575 de-

175 2600 270 2632 cere,
295 2595 333 2622 ut
359 2590 427 2624 sibi
454 2590 558 2623 sedes
575 2591 724 2635 agrique
751 2590 786 2622 in
799 2589 884 2623 Gal-

174 2638 223 2672 lia
253 2634 546 2672 concedeientur.
600 2637 736 2671 Nomen
764 2637 884 2670 Theo-

174 2686 307 2719 discum
344 2686 386 2719 ab
414 2685 485 2719 illis
511 2685 579 2720 sibi
605 2686 810 2729 impositum
848 2685 884 2718 id

174 2733 386 2776 denotabat,
421 2733 514 2779 quod
542 2734 677 2767 Graece
715 2733 882 2780 γνήσιοι,

174 2780 298 2815 Latine
323 2783 485 2826 germani
507 2782 586 2816 sive
611 2782 708 2818 veri.-
735 2782 883 2815 Romani

175 2834 291 2863 autem
336 2830 552 2864 vocabulum
590 2834 776 2864 externum
810 2839 882 2862 non

176 2883 401 2919 cin-averunt,
426 2878 489 2912 sed
514 2879 586 2911 vim
614 2879 690 2911 eius
717 2888 781 2912 suo
814 2888 883 2910 no-

176 2926 269 2958 mine
297 2925 496 2960 reddidere.
541 2925 638 2959 ldem
665 2928 701 2960 in
729 2926 884 2960 centenis

175 2970 307 3006 factum
351 2984 430 3008 esse
467 2974 509 3008 ad
547 2985 575 3008 c.
605 2974 627 3009 6
662 2973 882 3017 videbimus,

938 904 1033 939 idem
1057 904 1093 936 in
1122 902 1278 937 Hercule
1317 904 1368 947 (c.
1396 902 1458 948 3),
1495 902 1532 935 in
1556 900 1653 936 Mer-

940 953 1040 987 curio
1077 956 1112 986 et
1149 952 1260 986 Marte
1296 953 1347 995 (c.
1375 950 1444 996 9),
1483 949 1578 984 idem
1616 951 1652 984 iu

939 1001 1033 1035 Iside
1060 999 1218 1043 accidit;
1264 998 1357 1032 idem
1392 998 1526 1043 ubique
1559 997 1654 1042 apud

939 1050 1097 1084 Tacitum
1122 1048 1240 1091 valet,
1280 1047 1350 1080 nisi
1377 1047 1406 1080 si
1436 1047 1653 1080 contrarium

942 1098 1102 1132 disertim
1139 1101 1328 1138 monetur,
1368 1099 1406 1127 ut
1432 1105 1462 1128 c.
1489 1094 1513 1130 6
1547 1099 1584 1128 et
1605 1095 1654 1130 40

942 1151 978 1180 et
988 1147 1035 1181 43
1045 1145 1148 1187 et45‚
1160 1149 1220 1178 aut
1228 1146 1305 1189 ipsa
1314 1142 1567 1177 Germanorum
1578 1143 1654 1176 tra-

941 1195 1029 1228 ditio
1057 1193 1231 1235 refertur,
1273 1190 1385 1226 veluti
1413 1202 1444 1225 e.
1475 1192 1509 1226 2.
1563 1191 1654 1226 Ger-

941 1252 1126 1277 manorum
1173 1251 1302 1274 nomen
1347 1239 1508 1273 Latinum
1553 1249 1653 1281 esse,

942 1303 1014 1325 non
1040 1289 1288 1330 Theoffiscum,
1318 1287 1491 1332 producta
1517 1287 1654 1322 vocalis

943 1351 966 1373 a
990 1338 1175 1374 luculente
1201 1336 1371 1371 ostendit.
1406 1336 1442 1371 Si
1458 1334 1657 1370 Theodisca

943 1388 1064 1422 radice
1092 1391 1210 1420 natum
1237 1390 1272 1420 et
1299 1396 1342 1419 ex
1367 1383 1544 1418 vocabulo
1568 1383 1675 1426 Man,v

944 1437 1022 1470 sive
1050 1435 1164 1469 Mann
1190 1433 1359 1467 coalitum
1387 1436 1502 1473 esset,
1533 1429 1663 1467 debuit

945 1494 1063 1529 efferri
1092 1480 1308 1535 Germanus,
1347 1492 1442 1537 quod
1476 1502 1656 1537 nunquam

945 1543 1135 1576 admissum
1163 1546 1228 1576 est.
1282 1540 1336 1574 Ab
1365 1540 1434 1574 hoc
1464 1539 1656 1582 vocabulo,

946 1591 1039 1636 quod
1065 1590 1214 1634 primum
1242 1592 1540 1635 cognomentum,
1574 1587 1659 1622 dein

947 1649 1134 1673 commune
1163 1648 1291 1671 nomen
1320 1636 1508 1671 multarum
1537 1636 1659 1671 natio-

946 1698 1028 1720 num
1073 1686 1168 1729 suit,
1211 1686 1324 1730 probe
1368 1684 1658 1732 distinguendum

948 1740 1024 1778 est,
1065 1735 1094 1768 si
1134 1735 1278 1779 proprio
1317 1733 1463 1767 nomine
1491 1733 1660 1767 Germani

946 1787 1199 1826 recensentur,
1243 1781 1357 1816 veluti
1389 1780 1480 1816 Galli
1525 1780 1579 1815 illi
1614 1779 1658 1815 de

947 1831 1075 1878 quihus
1105 1830 1338 1875 triumphavit
1364 1828 1533 1864 Claudius
1559 1827 1656 1863 Mar-

948 1879 1062 1914 cellus
1088 1889 1181 1913 anno
1207 1878 1304 1912 urbis
1331 1878 1401 1913 532
1427 1878 1551 1924 (531),
1578 1887 1659 1911 me-

947 1929 1073 1962 morati
1104 1928 1138 1960 in
1167 1927 1268 1961 fastis
1291 1926 1506 1970 Capitolinis
1533 1926 1660 1959 trium-

947 1975 1135 2020 phalibus:
1174 1975 1222 2009 M.
1263 1975 1430 2008 Claudius
1465 1974 1514 2008 M.
1551 1975 1578 2018 f.
1608 1973 1658 2007 M.

947 2036 982 2057 η.
1015 2022 1208 2057 Marcellus
1249 2034 1317 2056 cos.
1353 2023 1395 2055 de
1427 2021 1559 2056 Galleis
1594 2020 1660 2055 In-

948 2072 1106 2105 subribus
1133 2077 1164 2104 et
1193 2071 1425 2116 German[is].
1469 2069 1566 2103 Idem
1593 2079 1660 2103 co-

949 2123 1179 2165 gnomentum
1215 2118 1380 2152 Oretanis
1413 2118 1449 2150 in
1477 2117 1658 2161 Hispania.

950 2167 1084 2201 Plinius
1113 2166 1160 2201 111
1187 2170 1232 2201 4:
1262 2166 1410 2199 Oretani
1435 2165 1492 2210 qui
1517 2171 1550 2199 et
1567 2164 1659 2199 Ger-

949 2216 1047 2249 mani
1076 2215 1379 2260 coynominantur.
1416 2213 1598 2247 Germanii
1623 2213 1661 2246 in

950 2264 1066 2297 Persis
1116 2267 1349 2297 recensentur
1390 2261 1432 2295 ab
1479 2260 1659 2295 Herodoto

949 2312 964 2346 I
996 2313 1074 2347 125.

1024 2373 1075 2405 ita
1101 2372 1255 2405 nationis
1270 2381 1407 2413 nomen,
1434 2380 1506 2403 non
1526 2369 1661 2415 yemis.-

953 2431 996 2453 ex
1024 2421 1100 2464 ipsa
1127 2420 1356 2464 oppositione
1389 2418 1507 2463 liquet
1542 2417 1661 2464 gentis

952 2468 1130 2501 vocabulo
1160 2478 1287 2511 corpus
1314 2468 1497 2500 nationum
1517 2465 1576 2499 vel
1593 2475 1662 2510 po-

955 2515 1117 2560 pulcrum
1146 2514 1414 2558 comprehendi.
1466 2513 1661 2547 Doederli-

952 2564 1032 2597 nius
1059 2560 1662 2607 ascripsitVellei.1198zomni-

954 2612 1013 2644 bus
1055 2611 1206 2644 eiusdem
1246 2611 1359 2656 gyenlis
1392 2608 1594 2643 nationibus
1624 2610 1663 2642 in

953 2670 1055 2693 arma
1068 2660 1239 2693 accensis.
1281 2657 1385 2692 Conf.
1402 2657 1493 2691 infra
1509 2661 1559 2702 (c.
1577 2655 1662 2702 38).

951 2708 1120 2741 maiorem
1148 2708 1240 2740 enim
1277 2706 1490 2740 Germaniae
1525 2711 1665 2750 partem

953 2756 1106 2789 obtinent
1143 2755 1318 2800 (Suevi),
1355 2754 1511 2800 propriis
1546 2753 1662 2787 adhuc

951 2804 1151 2838 nationibus
1176 2803 1437 2847 nominibusque
1463 2802 1616 2837 discreti.

1020 2875 1171 2919 primum
1207 2885 1230 2907 a
1262 2874 1394 2907 victore
1433 2872 1473 2906 ob
1514 2877 1662 2906 melum:

953 2922 993 2956 ob
1021 2928 1143 2956 metum
1175 2920 1274 2956 valet
1306 2927 1344 2955 ut
1378 2926 1503 2954 metum
1530 2922 1664 2960 ,ceteris

951 2973 1125 3016 facerent.
1177 2970 1317 3015 Quippe
1349 2968 1594 3015 gloriabantur
1623 2978 1662 3002 se
