1768 3216
541 69 624 86 ,Ad

281 110 360 118 W*

120 207 148 232 ι
168 190 210 233 o.
239 196 298 234 69.
570 197 706 234 LmER
732 198 776 234 ιι.
830 197 918 234 on».
947 191 1151 240 100-‚101.
1551 188 1620 236 161

118 312 240 358 nensi
258 314 462 358 classibus
485 315 685 360 aVitellio
703 317 982 372 praepositus,
996 318 1106 372 quod
1123 330 1209 360 non
1227 319 1361 361 statim
1382 319 1624 375 praefectu÷

115 396 206 431 ram
223 388 424 445 praetorii
441 390 613 446 adeptus
632 391 765 445 foret,
789 391 971 447 iniquam
988 393 1247 436 iracundiam
1267 383 1477 451 flagitiosa
1493 393 1623 457 pega:
1654 356 1705 513 ἢ
1734 376 1768 448 ζῗ

119 464 188 506 dia
205 464 500 507 ulciscebatur.
533 466 737 509 Nee‘sciri
755 472 893 521 potest
913 469 1142 510 traxeritne
1156 468 1394 522 Caecinam,
1419 481 1470 511 an
1491 460 1625 523 (quod
1656 459 1682 490 ‘
1732 465 1765 513 ἶ

110 524 263 582 ἐῗθηίῑ
290 541 400 583 inter
429 541 577 594 malos,
608 545 652 583 ut
677 546 718 584 et
747 541 903 585 similes
922 543 1026 596 sint)
1051 543 1200 585 eadem
1227 540 1320 585 illos
1341 542 1526 598 'pravitas
1544 544 1627 586 im-

26 618 108 657 101
120 613 281 668 pulerit.
327 615 563 669 Scriptores
593 619 837 670 temporum,
870 618 939 672 qui
967 618 1153 672 potiente
1179 630 1316 660 rerum
1333 618 1473 660 Flavia
1498 618 1622 660 domo
1638 637 1656 666 5

121 689 374 731 monimenta
403 682 503 731 belli
533 690 706 731 huiusce
739 697 1077 746 composuerunt,
1112 705 1253 734 curam
1284 693 1400 746 pacis
1433 696 1474 735 et
1503 705 1675 754 amo-(x
1740 729 1768 760 st

118 775 208 806 rem
225 764 291 805 rei
319 764 527 818 publicae,
562 755 779 818 corruptas
810 766 851 806 in
884 767 1166 808 adulationem
1198 778 1362 820 causas,
1396 767 1623 810 tradidere.
1643 748 1768 827 ’[ἒὶ)

92 829 273 891 ‘Nobis,
319 850 445 892 super
487 839 652 880 insitam
682 839 891 882 levitatem
925 845 965 881 et
993 830 1160 894 prodito
1202 833 1333 884 Galba
1372 842 1497 884 vilem
1528 855 1628 884 mox
1655 846 1713 901 ,⁴35

1724 881 1766 903 id

115 911 255 964 fidem,
287 912 564 955 aemulatione
598 914 720 955 etiam
752 914 1017 969 invidiaque,
1050 929 1104 957 ne
1135 916 1187 957 ab
1219 916 1312 958 aliis
1345 917 1451 971 apud
1483 916 1768 995 Vitel-„.‘(÷...l‹„,3÷

116 986 215 1029 lium
245 987 495 1040 anteiretur,
527 988 786 1042 pervertisse
817 989 949 1043 ipsum
981 990 1160 1033 videtur.
1222 991 1404 1053 Caecina
1435 991 1626 1046 legiones
1644 987 1764 1040 mna

259 1143 291 1177 1.
317 1143 550 1188 praefectura
575 1140 640 1176 Ma.

154 1238 174 1261 a

119 1240 232 1323 gilla:
259 1287 417 1334 glossam
442 1287 656 1324 deleverunt
680 1276 755 1325 Alis.

123 1444 230 1481 nibus
248 1472 259 1490 ,
293 1450 447 1494 primam
482 1452 563 1485 dico
599 1455 635 1484 et
669 1449 837 1494 quintam,

125 1496 305 1539 posterior
329 1503 405 1533 tota
432 1501 469 1534 in
495 1500 633 1534 ltaliam
655 1499 842 1542 irruperat,

122 1545 262 1589 primae
288 1552 404 1581 autem
441 1549 548 1584 electi
575 1547 744 1581 urbanam
774 1547 844 1579 mi-

128 1591 240 1627 litiam
286 1595 455 1630 videntur
505 1598 671 1643 plerique
715 1605 845 1640 praeo-

127 1645 248 1686 ptasse
279 1641 342 1692 (Η.
363 1644 394 1679 Il
422 1646 502 1692 94),
529 1651 568 1679 ut
588 1645 658 1678 hoc
682 1643 763 1678 loco
791 1642 869 1677 si-'

128 1690 242 1724 letitio
269 1695 505 1736 praetermitti
531 1696 692 1739 possent,
719 1702 845 1738 quam-

129 1748 232 1784 quam
250 1739 293 1775 H.
315 1740 364 1776 111
391 1743 437 1778 22
465 1749 500 1777 et
523 1744 680 1789 primam·
706 1750 845 1775 memo-

128 1793 251 1822 rantur
284 1790 466 1836 iidemque
499 1792 542 1826 H.
578 1790 628 1826 111
656 1791 700 1825 13
737 1795 772 1824 et
798 1791 841 1825 21

129 1845 443 1873 connumerantur.
464 1840 556 1874 Hinc
582 1844 682 1885 patet
700 1844 735 1872 et
761 1837 847 1883 quid

128 1886 200 1919 sint
223 1883 356 1921 vexilla
381 1888 557 1934 leqionum
591 1893 626 1922 et
653 1898 715 1922 cur
741 1897 784 1921 ea
809 1885 844 1920 h.

130 1933 154 1968 l.
185 1935 428 1971 nominentur.
500 1937 640 1982 Quippe
681 1937 846 1982 quotiens

130 1984 242 2018 totius
257 1984 426 2031 'legionis
450 1986 560 2020 robur
588 1991 623 2020 et
639 1985 758 2031 aquila
775 1994 846 2017 non

135 2031 251 2076 adest,
274 2034 338 2068 sed
363 2034 530 2081 singulae
556 2033 754 2080 particulae
781 2032 846 2067 sub

131 2081 277 2116 vexillis
293 2084 367 2117 suis
384 2090 640 2130 congregatae,
660 2093 731 2116 non
743 2083 847 2127 aqui-

132 2126 202 2175 lam
229 2136 396 2176 secutae,
431 2128 568 2167 'vexilla
602 2132 786 2178 legionum
813 2135 848 2164 et

132 2182 215 2211 sunt
238 2184 274 2213 et
301 2186 495 2224 vocantur3
522 2191 557 2215 v.
585 2181 666 2215 ann.
696 2178 847 2213 ad138.

190 2237 289 2271 quem
312 2229 386 2274 ipse
401 2230 627 2263 ductaverat.-
654 2234 715 2263 aut
740 2229 847 2273 igno-

134 2276 228 2309 ravit
253 2275 393 2310 Tacitus
418 2283 479 2311 aut
504 2277 596 2311 nihil
618 2281 776 2310 moratus
796 2281 851 2311 est

137 2323 332 2359 calumnias
382 2325 608 2360 irridentium
660 2326 851 2358 exercitum

138 2372 282 2407 ductare
314 2373 407 2418 apud
434 2373 520 2408 Sall.
548 2373 625 2408 Cat.
658 2376 699 2408 11
743 2378 778 2407 et
808 2373 849 2407 17

138 2422 174 2456 et
202 2420 268 2464 19,
304 2421 382 2467 lug.
413 2424 460 2458 42
486 2426 522 2457 et
547 2423 614 2466 73,
652 2421 851 2467 dequibus

136 2469 288 2512 Quintil.
316 2470 395 2504 vul
421 2472 445 2506 3
471 2472 531 2507 44.

209 2518 366 2553 Lucilius
392 2520 541 2554 Bassus.-
585 2521 790 2554 nominatur
815 2520 853 2552 in

82 2610 91 2613 -
139 2566 333 2611 diplomate
363 2568 509 2603 militari
545 2569 639 2613 apud
665 2568 850 2602 Gruterum

212 2662 298 2707 Cap.
331 2660 411 2699 101.
449 2663 637 2712 scriptores
664 2666 854 2712 temporum

141 2731 186 2738 --
213 2711 503 2757 composuerunt:
546 2713 582 2747 hi
614 2719 854 2748 memorantur

143 2757 506 2804 Vipstanuslllessala,
523 2761 685 2805 Cluvius,
704 2763 853 2806 Plinius,

140 2806 301 2862 Licinius
327 2810 511 2844 Mucianus
527 2836 537 2853 ,
580 2810 753 2846 Servilius
778 2811 855 2846 No-

141 2865 282 2891 manus.

787 1145 794 1152 ·
911 1143 929 1166 a

119 1202 324 1238 composner-
351 1201 430 1224 cum
458 1190 521 1224 lin.
549 1189 616 1234 Ma,
642 1144 909 1238 comssoszzelnll
938 1193 977 1228 G.

276 1240 333 1275 10.
371 1240 593 1273 antea-emur
619 1238 694 1274 Ma:
722 1243 918 1276 anteiretur
945 1241 972 1276 C
999 1247 1034 1276 et
1061 1253 1141 1276 corr
1168 1243 1206 1277 G.

1260 1049 1342 1061 ω-ε-ν

1011 1144 1045 1180 6.
1075 1146 1291 1181 monimenta
1316 1146 1393 1180 Ma:
1422 1145 1449 1181 G
1476 1157 1627 1180 monum.

1090 1195 1123 1228 7.
1153 1195 1254 1241 reip.
1282 1194 1348 1229 Ma.
1438 1196 1474 1230 8.
1501 1196 1628 1228 insitas

1316 1245 1429 1289 ipsum
1454 1243 1628 1291 vitellium

842 1287 1006 1325 uidentur
1032 1290 1136 1326 Gna:
1176 1292 1315 1327 videtur
1341 1291 1380 1327 C.

907 1447 1047 1492 prodito
1076 1446 1190 1481 Galba
1219 1447 1337 1492 (conf.
1367 1447 1409 1482 Η.
1433 1448 1444 1480 1
1474 1447 1537 1491 53)
1566 1458 1630 1481 ce-

913 1497 1073 1540 terisque
1100 1495 1336 1530 aemulatione
1361 1516 1407 1522 —
1434 1497 1631 1529 anteiretur

914 1543 975 1589 (ll.
1007 1544 1038 1577 ll
1063 1544 1110 1580 99
1135 1548 1245 1590 extr.)
1273 1549 1372 1578 recte
1399 1543 1630 1590 agnovitEr-

912 1594 1062 1626 nestius.
1108 1593 1239 1626 Bassus
1267 1593 1360 1626 euim
1388 1593 1476 1626 nihil
1506 1591 1630 1636 prodi-

913 1642 1021 1674 tionis
1037 1641 1208 1675 adversus
1226 1641 1371 1675 Galbam
1393 1640 1536 1674 molitus
1555 1646 1630 1674 erat

914 1695 974 1724 aut
1002 1691 1239 1732 commiserat,
1270 1698 1388 1734 neque
1415 1695 1452 1722 ut
1481 1690 1630 1723 minoris

913 1738 1098 1782 dignitatis
1114 1740 1337 1782 praepositus
1353 1737 1631 1772 aemulationem

913 1787 1063 1821 aliorum
1090 1788 1217 1821 timere
1243 1792 1395 1831 poterat.
1432 1786 1533 1821 Addo
1560 1797 1630 1832 quo

913 1835 1008 1870 idem
1041 1836 1301 1880 comprobatur.
1348 1836 1495 1870 Scilicet
1521 1846 1631 1870 causa

915 1896 977 1919 cur
1000 1884 1160 1918 Lucilius
1177 1882 1308 1919 Bassus
1333 1884 1521 1927 defecerit,
1547 1889 1630 1918 ante

915 1936 965 1983 (c.
1000 1934 1066 1969 100
1092 1938 1202 1980 extr.)
1239 1933 1424 1967 luculente
1470 1934 1633 1977 exposita

916 1987 992 2025 est,
1030 1993 1149 2028 neque
1179 1982 1252 2016 ulla
1284 1982 1328 2016 de
1362 1993 1404 2015 ea
1443 1981 1631 2016 dubitatio.

914 2031 1084 2065 Restabat
1111 2031 1359 2075 explicandum
1392 2031 1476 2075 quid
1504 2029 1634 2064 Caeci-

916 2091 995 2114 nam
1026 2080 1069 2114 ad
1090 2079 1331 2114 defectionem
1359 2079 1553 2123 impulerit,
1575 2078 1633 2113 id-

916 2140 985 2174 que
1012 2130 1166 2172 scriptor
1207 2130 1256 2162 ita
1283 2133 1455 2162 executus
1483 2133 1556 2171 est,
1595 2133 1634 2160 ut

916 2179 1066 2222 primum
1104 2181 1288 2221 corruptas
1324 2178 1360 2210 in
1391 2175 1633 2210 adulationem

919 2236 1068 2268 causas,
1106 2230 1179 2258 tum
1206 2235 1310 2259 veras
1337 2224 1494 2259 afferret.
1556 2224 1634 2266 Quo

918 2275 1082 2308 absoluto
1111 2276 1229 2319 pergit
1254 2283 1398 2307 narrare
1426 2272 1510 2318 quid
1534 2278 1635 2306 uter-

918 2334 1009 2368 que,
1041 2321 1196 2357 Caecina
1227 2327 1261 2356 et
1285 2322 1441 2363 Bassus,
1482 2321 1636 2368 fecerint

918 2371 962 2405 ad
988 2371 1128 2404 facinus
1155 2372 1273 2404 animo
1310 2374 1523 2414 conceptum
1549 2381 1636 2414 per-

918 2419 1140 2464 petrandum.
1171 2419 1250 2454 Non
1267 2420 1393 2453 mirum
1421 2420 1532 2464 igitur
1550 2420 1635 2463 poni

918 2478 1047 2502 nomen
1080 2469 1257 2511 Caecina,
1298 2467 1520 2512 respondens
1547 2468 1635 2501 sub.-

918 2519 1086 2563 sequenti
1115 2518 1243 2559 Basso,
1281 2518 1442 2562 quamvis
1482 2521 1564 2550 ante
1591 2516 1635 2549 de

920 2566 1036 2600 causis
1063 2577 1125 2600 cur
1152 2565 1307 2600 Caecina
1338 2565 1536 2606 defecerit,
1569 2575 1635 2597 ex-

919 2616 1073 2660 positum
1102 2620 1210 2649 esset.
1263 2613 1332 2648 Sed
1368 2612 1436 2646 hoc
1473 2614 1635 2646 corrum-

920 2663 1059 2708 pendae
1103 2665 1299 2706 scripturae
1349 2662 1384 2693 in
1424 2659 1479 2694 Ma
1514 2670 1634 2693 ansam

922 2713 1030 2746 dedit.
1059 2712 1112 2745 De
1133 2714 1234 2745 cuius
1248 2720 1336 2743 cura
1355 2710 1456 2754 pacis
1469 2713 1499 2741 et
1516 2718 1636 2741 amore

920 2763 975 2794 rei
999 2759 1160 2804 publicae
1187 2758 1296 2792 verba
1318 2757 1413 2799 fiant,
1440 2762 1479 2789 ut
1506 2756 1636 2802 legen-

922 2814 976 2842 tes
1003 2813 1102 2841 recte
1139 2808 1365 2850 acciperent,
1404 2815 1473 2838 non
1501 2809 1636 2838 tantum

886 2874 896 2890 v.
923 2866 965 2890 eo
992 2857 1172 2900 provisum
1192 2859 1244 2888 est
1268 2853 1362 2899 quod
1389 2865 1408 2887 a
1436 2854 1638 2898 capite100

216 2903 412 2942 ‹inscii-etur
440 2928 486 2934 —
511 2907 674 2941 videtui-2
714 2907 758 2941 de
783 2899 903 2968 unct}j
922 2905 1076 2939 narratio
1102 2904 1295 2948 praecipue
1322 2901 1365 2936 de
1380 2901 1534 2936 Caecina
1549 2903 1636 2957 agit,

144 2951 301 2991 caecina
335 2966 414 2993 esse
441 2966 643 2992 sermonem
687 2966 708 2990 e
737 2955 857 2991 verbis
921 2953 1070 2988 Bassum
1098 2952 1199 3000 quasi
1226 2952 1449 2998 praeteriens
1476 2951 1637 2998 respicit,

1607 1054 1639 1108 t.
1668 1048 1761 1132 ff
