1768 3216
122 192 170 224 96
706 177 1013 214 HISTORIARVM
1397 184 1429 207 a.
1457 181 1492 208 u.
1518 169 1604 209 822.

122 304 255 346 nullus
300 302 403 344 ordo
447 303 554 342 metu
600 302 668 339 aut
716 295 902 351 periculo
953 304 1123 336 vacuus.
1184 290 1392 331 Primores
1435 292 1604 332 senatus

121 382 254 420 aetate
287 375 452 417 invalidi
488 378 527 414 et
558 372 682 427 longa
713 383 816 425 pace
851 368 1033 420 desides,
1067 365 1210 421 segnis
1243 368 1283 406 et
1310 363 1436 406 oblita
1466 363 1606 406 bello-

117 465 205 495 rum
237 451 441 499 nobilitas,
475 448 642 502 iguarus
675 445 844 487 militiae
877 455 1020 497 eques,
1058 445 1211 495 quanto
1233 439 1366 494 magis
1390 437 1605 481 occultare

117 530 156 568 et
187 525 337 567 abdere
366 534 562 577 pavorem
592 521 850 571 nitebantur,
880 517 1137 560 manifestius
1168 514 1319 569 pavidi.
1379 513 1468 555 Nec
1497 513 1606 555 dee-

85 603 204 640 srant
232 611 253 639 e
285 596 493 638 contrario
525 595 592 649 qui
627 594 850 636 ambitione
886 591 1037 634 stolida
1067 590 1293 643 conspicua
1327 600 1464 640 arma,
1494 587 1605 630 insi-

112 685 216 728 gnes
259 683 411 726 equos,
468 670 631 729 quidam
675 668 910 710 luxuriosos
960 670 1177 720 apparatus
1225 663 1514 706 conviviorum
1563 665 1605 704 et

112 748 370 789 inritamenta
403 745 614 791 libidinum
651 747 695 784 ut
724 743 993 785 instrumenta
1034 740 1131 781 belli
1162 742 1461 781 mercarentur.
1522 737 1604 781 Sa-

112 821 315 876 pientibus
352 819 511 874 quietis,
540 824 579 861 et
608 819 669 860 rei
701 817 890 872 publicae
922 828 1019 857 cura
1030 829 1041 866 3
1089 814 1325 856 levissimus
1357 813 1543 868 quisque·
1563 816 1605 855 et

115 895 238 938 futuri
267 893 505 948 inprovidus
538 906 610 947 spe
642 905 748 934 vana
777 897 936 933 tumens
946 903 957 941 3
988 889 1101 931 multi
1132 889 1298 931 adflicta
1319 888 1401 930 fide
1420 888 1462 930 in
1481 899 1602 943 pace,

66 985 103 1015 io
117 977 166 1012 ac
197 969 366 1011 turbatis
396 968 519 1010 rebus
551 967 710 1009 alacres
741 972 780 1008 et
807 979 882 1020 per
911 966 1067 1007 incerta
1101 964 1307 1006 tutissimi.
1351 963 1433 1007 Sed
1453 962 1675 1029 vulgusso

119 1048 158 1087 et
194 1043 475 1098 magnitudine
516 1042 640 1084 nimia
683 1042 957 1083 communium
998 1052 1190 1082 curarum
1235 1051 1386 1097 expers
1425 1037 1603 1093 populus

121 1119 273 1161 sentire
304 1117 493 1172 paulatim
523 1117 619 1159 belli
649 1117 778 1170 mala,
824 1128 1026 1158 conversa
1068 1115 1111 1156 in
1139 1114 1312 1156 militum
1340 1125 1458 1156 usum
1489 1113 1604 1156 omni

119 1193 313 1246 pecunia,
360 1191 522 1234 intentis
570 1191 852 1233 alimentorum
909 1190 1079 1245 pretiis3
1134 1201 1241 1244 quae
1290 1193 1404 1231 motu
1451 1187 1605 1229 Vindi-

119 1267 178 1308 cis
218 1266 324 1308 haud
368 1266 540 1319 perinde
580 1265 740 1319 plebem
778 1265 1042 1318 attriverant,
1090 1276 1239 1306 secura
1285 1268 1369 1305 tum
1412 1253 1535 1306 urbe‘
1563 1265 1605 1304 et

66 1351 104 1380 is
117 1340 361 1394 provinciali
391 1340 514 1392 bello,
548 1340 655 1394 quod
689 1340 795 1382 inter
824 1340 1015 1395 legiones
1049 1339 1286 1393 Galliasque
1315 1338 1429 1381 velut
1459 1341 1605 1381 exter-

118 1427 211 1456 num
243 1415 327 1456 suit.
386 1414 484 1457 Nam
520 1428 571 1458 ex
601 1427 679 1469 quo
710 1415 828 1458 divus
859 1416 1072 1471 Augustus
1110 1426 1179 1457 res
1219 1414 1445 1457 Caesarum
1483 1424 1605 1455 com-

253 1549 286 1582 2.
312 1546 468 1581 invalida
494 1547 610 1583 abA:
635 1547 785 1581 inualidi
811 1547 850 1582 G.
970 1547 1140 1581 bellorum
1168 1555 1226 1580 om
1253 1558 1298 1590 a,
1329 1546 1366 1580 in
1392 1555 1464 1592 mg.
1493 1545 1603 1580 habet

117 1601 162 1632 1».
256 1596 288 1630 7.
315 1602 351 1629 ut
374 1596 602 1630 instrumenta
629 1602 715 1639 ab,
743 1596 770 1631 G
797 1602 829 1630 et
851 1597 1097 1630 instrumenta.
1225 1595 1262 1631 8.
1288 1600 1320 1629 et
1344 1595 1399 1629 rei
1419 1606 1458 1641 p.
1485 1593 1603 1632 an:

119 1655 141 1678 a
165 1644 218 1677 rei
244 1656 286 1689 ,μ
314 1643 340 1677 G
366 1649 400 1677 et
429 1643 661 1679 Oxonienses.
762 1645 795 1681 9.
833 1645 933 1680 multi
964 1646 1102 1691 afflicta
1131 1643 1199 1689 fide
1227 1644 1254 1678 G
1290 1649 1326 1678 et
1360 1642 1604 1678 Oxonienses:

117 1691 214 1726 multi
240 1693 371 1737 afflicta
395 1693 479 1737 fides
504 1697 587 1735 ab,
613 1693 728 1727 multis
753 1695 888 1739 afflicta
912 1693 997 1738 fides
1022 1691 1158 1728 ABCR.
1242 1694 1298 1729 10.
1328 1703 1374 1728 ac
1398 1693 1430 1727 εἰ
1454 1692 1604 1727 turbatis

120 1746 197 1777 ab.
272 1743 326 1775 14.
348 1741 495 1786 proinde
523 1749 609 1779 ab:
637 1742 664 1776 G
686 1743 834 1789 perinde
861 1745 944 1788 (per
973 1746 1124 1789 comp.).

122 1849 175 1883 Ex
214 1850 302 1884 vitio
334 1857 445 1885 motae
485 1858 609 1896 sponte
655 1859 737 1888 nata
772 1859 825 1888 est

125 1898 235 1932 forma
282 1900 436 1944 quinque
488 1901 655 1935 librorum
705 1914 823 1937 curae.

125 1946 273 1980 Nomine
312 1948 405 1981 urhis
448 1950 693 1993 complectitur
727 1953 824 1985 cives

126 1994 241 2037 urbis3
279 2007 364 2028 cura
389 2006 457 2029 vox
493 2003 545 2031 est
576 1998 681 2042 paulo
708 2001 825 2033 mitior

126 2053 226 2087 quam
246 2044 347 2076 timor
373 2049 431 2077 aut
445 2051 557 2079 metus
578 2047 823 2094 (Besoryniss).

197 2101 240 2124 ac
265 2092 411 2126 turbatis
429 2094 527 2128 rebus
545 2094 702 2129 alacres:
729 2098 824 2140 prius

129 2139 268 2183 adflicta
303 2141 369 2183 fide
404 2141 494 2174 idem
529 2142 624 2177 valet
660 2155 700 2178 ac
734 2145 826 2179 mala

130 2186 198 2220 fide
229 2187 382 2231 adflicti,
420 2189 502 2224 huic
531 2193 720 2236 respondet
749 2200 825 2228 tur-

130 2236 215 2269 batis
239 2236 338 2270 rebus
363 2237 511 2272 alacres.

105 2318 116 2329 ·
199 2282 282 2328 Cap.
306 2284 363 2320 89.
402 2287 462 2320 sed
485 2288 604 2333 vulgus
630 2295 663 2323 et
685 2293 826 2335 magni-

65 2376 67 2378 ·
128 2332 242 2365 tudine
277 2334 385 2366 nimia
412 2338 637 2370 communium
662 2350 827 2373 curarum

67 2379 69 2382 ’
129 2391 247 2424 expers
271 2382 440 2426 populus:
477 2395 545 2417 non
574 2390 683 2419 totum
710 2397 827 2431 popu-

67 2442 72 2469 ,i
129 2427 199 2460 luni
214 2428 374 2474 designat
393 2431 453 2464 sed
468 2443 542 2465 eain
554 2433 826 2479 multitudinem,

66 2476 68 2478 “
130 2486 220 2520 quae
247 2477 386 2519 publico
408 2479 581 2513 frumento
596 2481 722 2515 alenda
735 2494 828 2517 non-

130 2524 198 2556 nisi
228 2526 381 2567 privatas
417 2537 515 2560 curas
542 2528 687 2577 agebat3
723 2542 756 2565 v.
785 2533 828 2565 ad

72 2568 73 2571 ’
126 2571 167 2605 H.
197 2571 243 2605 ΙΙΙ
268 2573 325 2607 58.

197 2625 329 2655 tantum
355 2624 454 2667 pacis
489 2624 638 2658 adversa
665 2627 718 2659 rei
740 2627 829 2671 pub-

123 2667 214 2701 licae
237 2670 407 2714 primores
435 2672 595 2705 timuere:
628 2679 827 2718 corruptum

121 2718 329 2760 pertimuere
343 2718 484 2754 resolve
509 2732 574 2765 per
600 2723 763 2765 timuer23
787 2734 830 2757 ex

128 2762 181 2796 his
207 2776 270 2809 per
296 2769 454 2801 continet
482 2769 650 2814 reliquias
678 2772 829 2804 nominis

126 2812 291 2855 primores
319 2825 379 2857 per
406 2817 650 2860 compendium
682 2819 829 2853 liberius

128 2872 292 2914 scriptum
318 2868 389 2918 prs.
439 2876 610 2911 Primores
635 2880 689 2912 rei
711 2879 827 2924 publi-

130 2929 204 2962 cae,
231 2925 268 2953 ut
288 2923 456 2966 primores
480 2926 629 2960 civitatis
654 2927 669 2961 Ι
689 2927 723 2971 8,
752 2939 828 2962 cum

885 1854 1098 1900 primoribus
1133 1853 1286 1887 civitatis
1322 1852 1455 1887 ibidem
1481 1851 1551 1896 24,
1587 1863 1606 1887 e

886 1902 1099 1948 primoribus
1134 1903 1286 1937 civitatis
1322 1902 1398 1946 543
1433 1900 1476 1936 Η.
1503 1901 1519 1935 l
1546 1901 1604 1945 71,

891 1951 922 1984 11
945 1952 1003 1987 92.
1031 1951 1071 1985 ln
1099 1952 1255 1985 civitatis
1285 1952 1459 1996 primores
1481 1951 1605 1984 saevi-

890 2001 939 2033 tia
966 2000 1028 2034 Gai
1058 2004 1094 2034 et
1118 1999 1250 2034 Tiberii
1290 1999 1455 2034 incubuit
1487 2008 1606 2045 eoque

890 2048 932 2082 ab
962 2048 1017 2082 his
1045 2060 1172 2083 saevae
1196 2049 1297 2095 pacis
1322 2047 1486 2094 (H.150)
1513 2047 1606 2083 mala

889 2097 958 2130 sibi
985 2097 1247 2132 metuebantur.
1299 2095 1404 2132 conf.
1432 2096 1513 2132 xvi
1542 2097 1606 2132 132

891 2147 1040 2190 equitum
1055 2152 1323 2191 senatorumque
1342 2146 1505 2180 interitus
1522 2146 1608 2190 (per

889 2195 962 2227 vim
1002 2194 1161 2240 morbi),
1197 2195 1352 2240 quamvis
1389 2194 1605 2241 promiscui,

889 2244 1002 2276 minus
1023 2242 1152 2288 flebiles
1175 2249 1289 2287 erant,
1310 2249 1487 2288 tamquam
1509 2253 1606 2277 com-

889 2291 986 2324 muni
1009 2291 1222 2326 mortalitate
1256 2292 1440 2327 saevitiam
1462 2291 1605 2338 prinei-

889 2340 943 2384 pis
966 2341 1228 2384 praevenirent.
1250 2341 1391 2385 Lipsius
1409 2339 1604 2386 legendum

893 2388 1153 2423 commendavit
1197 2389 1349 2423 adversa
1393 2389 1605 2436 pertimuere

892 2437 1023 2469 omisso
1050 2439 1193 2472 nomine
1219 2440 1271 2472 rei
1288 2437 1476 2483 publicae3
1502 2435 1605 2470 Wal-

892 2483 1013 2517 therus
1046 2491 1081 2518 et
1114 2486 1366 2521 Doederlinius
1401 2486 1605 2532 pertinuere

893 2531 986 2565 haud
1001 2533 1105 2568 dubie
1123 2541 1327 2580 corruptum
1340 2533 1496 2579 amplexi
1509 2537 1604 2576 sunt,

892 2580 1167 2629 Bezzenberger
1193 2584 1351 2618 coniecit
1375 2582 1528 2617 adversa
1551 2582 1607 2616 rei

889 2629 1050 2673 publicae
1071 2633 1180 2676 periti
1200 2633 1425 2678 pertimuere.

965 2690 1191 2725 Scriboniani
1203 2704 1217 2733 ε,
1240 2692 1284 2726 de
1311 2691 1381 2724 hoc
1399 2689 1532 2724 dictum
1562 2689 1605 2724 ad

894 2736 956 2770 Xll
983 2738 1040 2779 52,
1065 2739 1143 2773 ΧΙΙΙ
1170 2740 1228 2775 43.

978 2787 1128 2821 nondum
1161 2789 1379 2823 conditorum
1414 2787 1607 2821 ancilium.-

895 2832 937 2866 de
964 2833 1018 2866 his
1044 2846 1077 2870 v.
1094 2836 1331 2871 Forcellinius
1361 2846 1388 2869 s.
1418 2846 1452 2869 v.
1478 2835 1606 2871 Ancile

896 2886 930 2914 et
957 2882 1070 2926 Salii‚·
1099 2885 1143 2918 cf.
1173 2886 1319 2920 Sueton.
1340 2882 1421 2918 Oth.
1434 2883 1470 2918 8.
1500 2883 1603 2919 Ovid.

894 2928 987 2965 Fast.
1016 2930 1063 2966 111
1088 2934 1159 2970 260
1169 2945 1247 2980 sqq.
1280 2933 1501 2968 Ferebantur
1526 2933 1605 2968 sive
