1768 3216
744 234 831 273 Cn.
859 233 966 276 6-7.
1554 240 1611 280 17'

109 353 180 393 aut
198 351 339 393 -sacris
369 352 520 395 adesse
551 357 622 395 aut
652 354 876 396 concilium
907 356 1014 398 inire
1043 355 1327 410 ignominioso
1355 356 1447 410 fas3
1473 357 1616 400 multi-

68 427 200 480 7que'
229 428 473 481 superstites
503 428 705 470 bellorum
750 429 963 472 infamiam
1003 431 1152 485 laqueo
1198 430 1405 474 finierunt.

118 513 173 543 ex
197 500 428 554 nobilitate,
460 501 590 544 duces
622 515 676 544 ex
701 503 854 544 virtute
880 509 1057 546 sumunt.

1475 433 1615 489 Reges
1666 436 1668 438 ’

1117 504 1206 547 Nec
1243 506 1416 561 regibus
1455 506 1614 549 infinita

111 577 194 617 mv
224 574 357 617 libera
405 579 589 629 potestas
607 608 619 629 ‚
674 581 715 618 et
757 577 886 619 duces
935 579 1124 633 exemplo
1179 580 1317 633 potius
1358 593 1480 634 quam
1531 581 1616 622 im-

107 648 259 702 peri03
288 649 327 691 si
353 650 558 704 prompti,
590 651 628 693 si
660 652 905 705 conspicui,
938 653 976 694 si
1006 657 1102 696 ante
1131 654 1263 696 aciem
1294 659 1447 710 agant,
1480 654 1648 698 admi-23

113 723 279 765 ratione
306 729 518 778 praesunt.

581 725 774 768 Ceterum
805 739 939 781 neque
969 728 1305 771 animadvertere
1334 741 1470 784 neque
1509 729 1608 771 vin-

113 798 217 852 cire,
247 811 320 841 ne.
331 799 560 841 verberare
591 801 757 855 quidem
787 802 870 843 nisi
900 803 1192 845 sacerdotibus
1221 804 1498 858 permissum,
1529 816 1614 846 non

113 873 232 926 quasi
262 873 304 914 in
332 885 511 927 poenam
542 887 621 916 nec
653 874 771 916 ducis
803 875 941 929 iussu,
985 876 1059 917 sed
1091 877 1206 918 velut
1246 877 1326 919 deo
1366 877 1612 932 imperante,

114 956 237 1000 quem
267 946 420 989 adesse
451 947 700 990 bellantibus
732 949 907 991 credunt
923 963 936 1001 3
977 949 1225 1005 effigiesque
1258 956 1299 992 et
1328 952 1451 1006 signa
1482 963 1616 1006 quae-

115 1019 211 1062 dam
244 1020 430 1064 detracta
461 1021 567 1064 lucis
597 1023 638 1063 in
672 1023 878 1077 proelium
908 1024 1058 1066 serunt.
1113 1025 1319 1079 Quodque
1348 1026 1614 1080 praecipuum
1631 1040 1671 1070 ιο

115 1094 368 1137 fortitudinis
398 1096 710 1139 incitamentum
741 1103 832 1151 est,
874 1111 959 1141 non
990 1112 1111 1141 casus
1143 1112 1279 1154 neque
1309 1100 1478 1143 fortuita
1510 1113 1617 1142 con-

117 1169 306 1224 globatio
335 1174 512 1214 turmam
543 1176 612 1215 aut
635 1185 812 1216 cuneum
843 1174 959 1227 facit,
992 1175 1065 1216 sed
1098 1174 1282 1217 familiae
1313 1175 1618 1229 etpropinqui-

259 1341 290 1374 1.
328 1346 390 1374 aut
415 1345 499 1375 ante
527 1342 714 1376 concilium
742 1341 792 1376 P:
819 1343 881 1377 alii
909 1354 965 1377 ac.

119 1386 174 1434 (h.
202 1384 235 1423 e.
261 1389 382 1438 etiam)
409 1388 447 1433 P,
475 1390 549 1423 etid'
572 1391 765 1425 Vaticanus
793 1391 907 1427 1862:
935 1392 1047 1426 ceteri
1073 1398 1117 1426 et.

295 1439 351 1473 12.
379 1444 440 1472 aut
459 1449 563 1484 prop.
588 1449 766 1483 superscr.
794 1439 838 1474 ab
865 1440 911 1474 al.
936 1451 983 1474 m.
1009 1446 1042 1474 et
1065 1439 1112 1474 P:
1138 1447 1171 1475 et
1198 1442 1322 1476 ceteri.

121 1445 199 1470 ΜΟ.

121 1575 247 1611 denter
271 1580 332 1609 aut
357 1587 379 1610 a
402 1576 562 1612 Pontano
595 1583 655 1612 aut
694 1580 764 1613 iam
791 1579 835 1613 ab

121 1626 269 1670 antiquo
296 1624 415 1659 scriba
440 1626 559 1660 addita
586 1631 666 1661 est:
693 1639 774 1661 nam
804 1634 835 1662 et

120 1673 314 1718 respondet
339 1674 501 1718 proxime
527 1677 706 1719 superiori
733 1687 809 1710 nec.

193 1744 347 1790 exemplo
372 1746 486 1789 potius
524 1757 627 1790 quam
663 1747 835 1791 imperio.-

123 1798 206 1826 sunt
231 1792 380 1827 ablativi
407 1793 634 1828 instrumenti
669 1797 730 1840 qui
767 1805 837 1829 vo-

123 1845 261 1884 cantur,
287 1851 357 1875 non
386 1841 511 1885 dativi,
538 1847 577 1876 ut
603 1844 726 1877 dicunt
743 1843 836 1878 Gru-

121 1889 229 1923 berus
254 1894 289 1923 et
329 1890 595 1925 Doederlinius.
645 1891 837 1936 Imperium

121 1937 294 1984 intelligit
311 1943 525 1983 potestatem
552 1939 665 1974 libera
691 1942 838 1975 civitate

125 1996 190 2030 per
217 1986 338 2032 legem
364 1988 554 2030 curiatam,
589 1998 672 2022 mox
698 2000 719 2022 a
744 1989 838 2023 Cae-

122 2033 260 2068 saribus
286 2034 452 2070 delatam.
516 2035 668 2070 Perinde
704 2048 734 2071 c.
763 2039 804 2071 11
829 2049 838 2070 :

122 2094 188 2116 rex
211 2083 267 2116 vel
288 2084 455 2130 princeps
474 2107 520 2113 --
541 2085 744 2128 audiuntur,
770 2097 838 2119 au-

123 2132 285 2165 ctoritate
308 2133 481 2166 suadendi
505 2134 618 2179 maqis
649 2145 752 2178 quam
779 2135 837 2168 iu-

123 2179 226 2213 bendi
247 2186 428 2226 potestate.

196 2262 307 2295 neque
332 2252 614 2285 animadvertere
631 2264 641 2284 :
671 2252 839 2285 animad-

123 2305 259 2333 vertere
291 2310 387 2333 nuuc
431 2304 485 2333 est
525 2304 638 2333 morte
673 2299 836 2342 multare,

124 2351 164 2379 ut
191 2348 380 2392 sequentia
410 2347 552 2381 docent.
589 2347 627 2380 ld
652 2347 688 2380 in
714 2347 839 2380 Anna-

125 2394 220 2428 libus
249 2395 433 2429 advertere
460 2400 494 2430 et
520 2396 663 2439 saepius
695 2399 729 2428 et
748 2405 838 2428 con-

124 2447 260 2478 stanter
278 2443 418 2478 Tacitus
447 2443 537 2477 dixit
561 2443 628 2488 (οἱ.
650 2448 770 2478 annot.
795 2443 838 2477 ad

125 2490 206 2526 xlll
236 2491 328 2538 28),
371 2493 407 2525 in
452 2492 631 2536 prioribus
669 2491 839 2536 operibus

125 2540 408 2574 animadvertere
443 2540 640 2585 praetulit:
683 2551 717 2574 v.
754 2540 794 2573 Η.
824 2539 838 2573 1

124 2588 173 2623 46
199 2593 235 2623 et
259 2588 318 2631 68,
346 2588 395 2622 lv
428 2590 487 2624 49.
581 2600 625 2622 ne
651 2589 839 2622 verberare

127 2636 285 2680 quidem.-
313 2642 412 2670 recte
437 2638 490 2671 sic
516 2636 541 2670 P
569 2647 648 2670 cuni
676 2637 838 2670 meliori-

125 2683 205 2727 bus,
233 2690 271 2718 ut
297 2696 328 2718 c.
355 2684 405 2719 44
431 2696 475 2717 ne
506 2684 662 2718 libertini
686 2685 841 2728 quidem.-

128 2732 164 2765 in
191 2732 272 2766 aliis
298 2742 482 2776 perperam
516 2743 582 2766 nee
621 2737 681 2765 aut
706 2744 841 2778 neque,-

129 2780 173 2814 cf.
202 2785 322 2814 annot.
358 2779 401 2814 ad
428 2780 476 2814 lv
503 2781 550 2814 35
588 2785 622 2813 et
648 2780 689 2814 H.
718 2781 748 2814 ll
778 2781 838 2823 82,

129 2828 178 2861 lV
203 2829 263 2863 38.
302 2828 356 2863 De
381 2839 420 2862 re
449 2828 554 2862 aliter
580 2828 685 2862 tradit
711 2828 842 2863 Caesar

131 2875 179 2910 Vl
213 2878 284 2912 23:
341 2888 418 2910 cum
462 2876 587 2910 bellum
625 2877 748 2911 civitas
782 2883 843 2911 aut

130 2924 281 2959 inlatum
307 2925 461 2969 defendit
488 2930 548 2958 aut
572 2925 701 2969 insert,
726 2927 842 2971 ,παρί-

130 2978 260 3007 stratus
298 2974 357 3017 qui
393 2974 426 3007 ei
458 2972 545 3007 bello
582 2974 764 3019 praesint,
805 2979 843 3007 ut

199 3050 323 3080 Tacitus
344 3049 399 3080 IV.

1074 1346 1108 1378 4.
1138 1350 1169 1378 et
1196 1354 1274 1377 cum
1309 1343 1444 1379 lineola
1473 1355 1581 1389 super
1606 1350 1620 1378 t

1235 1392 1270 1427 6.
1291 1403 1402 1438 neque
1432 1393 1477 1428 P:
1507 1394 1618 1428 ceteri

903 1580 996 1613 vitae
1021 1581 1184 1625 necisque
1219 1579 1372 1614 habeant
1399 1586 1617 1626 potestatem,

906 1628 1115 1672 deliguntur.
1175 1628 1272 1662 Haec
1318 1628 1448 1662 Caesar
1481 1630 1619 1663 invenit

905 1676 999 1720 apud
1009 1676 1202 1710 Germanos
1222 1676 1384 1710 Rhenum
1412 1682 1617 1723 transgres-

905 1735 964 1758 sos
996 1730 1030 1758 et
1068 1725 1127 1759 diu
1163 1727 1257 1759 inter
1287 1725 1376 1759 belli
1412 1725 1618 1762 discrimina

905 1779 1078 1807 versatos.

993 1845 1189 1889 effigiesque
1229 1851 1261 1878 et
1306 1845 1410 1889 siqua
1446 1844 1616 1890 quaedam

906 1892 1165 1938 (Abbildunyen
1191 1893 1265 1926 und
1299 1895 1442 1937 gemisse
1468 1893 1617 1938 Symbo-

906 1941 973 1985 le).·
994 1942 1126 1986 effigies
1152 1943 1278 1985 accipe
1299 1942 1432 1975 formas
1453 1951 1618 1986 aprorum

907 1994 942 2023 et
968 1989 1117 2023 aliarum
1143 1990 1319 2030 ferarum,
1366 1999 1436 2022 non
1470 1989 1618 2024 deorum

907 2036 1063 2082 effigies,
1090 2049 1182 2083 quae
1209 2038 1330 2072 nullae
1354 2038 1448 2082 apud
1471 2038 1619 2073 Germa-

906 2096 971 2119 nos
999 2089 1049 2130 (c.
1073 2087 1127 2129 9).
1158 2085 1212 2120 Cf.
1240 2087 1308 2121 45:
1332 2087 1470 2131 insiyne
1494 2098 1620 2132 super-

906 2135 1056 2168 stitionis
1085 2136 1220 2178 sor-mas
1258 2146 1426 2179 aprorum
1468 2140 1618 2179 qestant.

909 2183 948 2215 ll.
976 2182 1023 2216 IV
1052 2185 1121 2218 22:
1156 2183 1238 2216 inde
1277 2185 1317 2227 (a
1342 2188 1442 2226 parte
1469 2182 1618 2216 Germa-

908 2235 1051 2277 norum)
1089 2231 1311 2276 depromptae
1344 2231 1441 2264 silvis
1467 2230 1621 2275 lucisque

905 2281 1064 2323 serarum
1090 2279 1280 2322 imaqines,
1315 2284 1352 2311 ue
1378 2279 1499 2321 cuique
1523 2279 1621 2323 yents‘

906 2327 998 2359 inire
1032 2325 1203 2370 proelium
1231 2337 1303 2359 ’nos
1330 2331 1390 2359 est.
1456 2325 1619 2359 Alterum

908 2373 1002 2418 quod
1027 2375 1127 2417 ponit
1154 2379 1186 2407 et
1213 2374 1315 2416 siqua
1338 2373 1523 2417 quaedam,
1552 2383 1619 2408 eo..

906 2432 982 2454 rum
1010 2421 1213 2465 exemplum
1240 2421 1411 2455 hahemus
1435 2422 1620 2467 navigium

908 2469 1011 2503 lsidis
1051 2481 1081 2504 c.
1110 2470 1133 2505 9
1160 2474 1195 2503 et
1222 2470 1282 2504 40.
1345 2469 1556 2503 Plutarchus
1582 2470 1620 2502 in

908 2518 1018 2552 Mario
1062 2529 1092 2552 c.
1124 2519 1170 2552 23
1197 2522 1286 2551 extr.
1325 2519 1496 2563 χαλκοῦν
1528 2518 1619 2552 ταῦ-

911 2580 980 2613 ρον
1006 2571 1190 2610 memorat,
1216 2565 1309 2610 apud
1336 2576 1440 2611 quem
1454 2565 1619 2600 Germani

909 2616 1127 2649 iuraverunt.

974 2691 1123 2719 turmam
1149 2691 1210 2718 aut
1234 2696 1380 2718 cuneum
1403 2684 1514 2728 facit.-
1541 2687 1619 2715 tur..

911 2743 1003 2767 mam
1029 2735 1064 2767 in
1092 2733 1283 2777 equitibus,
1311 2741 1462 2765 cuneum
1491 2731 1527 2763 in
1552 2741 1619 2774 pe-

912 2781 999 2815 dite.
1053 2780 1184 2814 Cuneis
1216 2780 1314 2813 soliti
1341 2788 1502 2824 pugnare
1529 2778 1620 2813 Ger-

912 2830 1005 2862 mani
1023 2841 1031 2871 ;
1065 2829 1105 2862 Η.
1126 2829 1152 2861 V
1174 2828 1240 2862 16:
1270 2826 1391 2861 Civilis
1417 2826 1513 2860 haud
1532 2837 1620 2872 por-

912 2884 1006 2910 recto
1037 2877 1174 2921 agmine
1213 2876 1273 2909 sed
1316 2875 1435 2909 cuneis
1463 2874 1620 2917 adstitit3

912 2925 1042 2958 ibidem
1070 2935 1100 2957 c.
1131 2923 1196 2958 18:
1223 2924 1472 2958 Bructerorum
1493 2933 1622 2958 cuneus

913 2973 1119 3007 tranatavit.
1206 2971 1268 3006 sed
1291 2971 1452 3017 familiae
1477 2976 1511 3007 et
1532 2981 1623 3018 pro-

1313 3038 1339 3079 2
