1768 3216
762 201 1071 242 HISTORIARVM
1442 208 1475 232 a.
1502 207 1540 233 u.
1563 197 1649 246 822,

163 218 235 254 121

163 329 331 373 liaribus
380 325 613 370 cohortibus
667 326 706 363 et
755 308 992 374 quingentis
1038 315 1256 370 equitibus.
1327 312 1460 368 Super
1505 311 1583 356 hos
1628 324 1651 355 e

163 403 368 460 praetorio
418 398 662 450 auxiliisque
712 395 821 437 inille
871 393 1054 447 equites,
1103 389 1286 431 cumulus
1322 386 1538 442 prosperis
1583 390 1652 430 aut

161 477 381 520 subsidium
413 472 716 523 laborantibuS,
771 469 1039 511 ducebantur.
1100 465 1334 518 Antequam
1374 459 1722 505 miscerentur-25

160 553 295 602 acies,
329 554 445 603 terga
479 547 733 588 vertentibus
763 543 1016 594 Vitellianis,
1069 540 1213 587 Celsus
1246 538 1332 581 doli
1362 537 1546 592 prudens
1576 547 1652 578 re-

129 624 307 679 sprcssit
348 635 460 666 suos.
521 620 728 664 Vitelliani
769 624 924 661 temere
956 618 1230 671 exurgentes,
1273 613 1451 655 cedente
1495 611 1651 654 sensim

160 700 304 751 Celso,
348 699 513 758 longius
556 697 690 740 secuti
718 695 824 737 ultro
855 695 896 735 in
932 693 1105 734 insidias
1147 691 1487 746 praecipitantur.
1547 689 1652 732 Nam

159 787 180 816 a
209 774 401 815 lateribus
425 772 632 824 cohortes,
663 769 843 825 legionis
867 767 1042 810 adversa
1075 767 1207 819 frons,
1241 770 1281 808 et
1299 765 1436 808 subito
1458 764 1652 807 discursu

160 853 277 903 terga
308 849 520 890 cinxerant
551 846 722 900 equites.
784 845 953 899 Signum
995 854 1160 897 pugnae
1199 853 1285 883 non
1321 840 1459 883 statim
1489 852 1512 882 a
1544 839 1653 883 Sue-

161 924 272 965 tonio
304 923 469 964 Paulino
498 921 626 976 pediti
657 921 805 962 datum.
866 919 1090 960 Cunctator
1134 921 1306 969 natura,
1359 920 1400 958 et
1433 915 1500 958 cui
1532 918 1652 957 cauta

113 998 292 1053 ¹0potius
327 997 498 1039 consilia
530 1009 619 1038 cum
652 996 811 1037 ratione
845 1006 964 1048 quam
996 1005 1196 1047 prospera
1220 1005 1273 1033 ex
1297 1004 1399 1033 casu
1423 990 1652 1046 placerent,

163 1072 358 1126 compleri
390 1072 539 1124 fossas,
573 1071 723 1125 aperiri
754 1081 963 1123 campum,
994 1067 1120 1122 pandi
1150 1067 1283 1109 aciem
1316 1065 1507 1118 iubebat,
1551 1064 1653 1106 satis

163 1147 244 1189 cito
276 1146 399 1200 incipi
430 1146 642 1187 victoriam
674 1148 799 1196 ratus,
831 1143 900 1184 ubi
931 1143 1143 1197 provisum
1168 1142 1350 1183 foretne
1369 1140 1652 1182 vincerentur.

161 1221 218 1262 Ea
251 1220 510 1262 cunctatione
540 1220 709 1274 spatium
737 1219 966 1261 Vitellianis
1001 1217 1138 1259 datum
1171 1217 1213 1258 in
1246 1217 1393 1259 vineas
1424 1227 1534 1258 nexu
1564 1218 1656 1267 tra-

109 1341 125 1349 ⁴.
161 1295 306 1336 ducum
335 1294 557 1348 impeditas
598 1294 846 1349 refugiendi.
911 1293 961 1334 Et
1011 1292 1176 1334 modica
1223 1291 1328 1333 silva
1377 1289 1654 1340 adhaerebam

25 1368 28 1371 ’
88 1373 148 1417 3¹⁵
160 1369 267 1411 unde
296 1382 436 1411 rursus
468 1370 555 1410 ausi
584 1370 912 1424 promptissimos
938 1368 1300 1423 praetorianorum
1322 1366 1503 1421 equitum
1522 1364 1656 1407 inter-

162 1445 316 1486 fecere.
375 1444 619 1486 Vulneratur
648 1457 724 1486 rex
753 1444 1011 1498 Epiphanes,
1053 1443 1228 1498 impigre
1268 1453 1344 1496 pro
1378 1440 1544 1483 Othone
1574 1451 1656 1493 pu-

161 1531 283 1575 gnam
314 1520 439 1561 ciens.
499 1519 596 1561 Tum
628 1519 886 1561 Othonianus
915 1518 1043 1574 pedes
1076 1517 1222 1572 erupit.
1265 1515 1444 1558 Protrita
1474 1514 1653 1557 hostium
1669 1514 1727 1552 26

162 1594 274 1646 acie,
321 1595 431 1636 versi
462 1595 503 1638 in
535 1595 673 1649 sugam
706 1594 827 1636 etiam
861 1594 930 1648 qui
961 1592 1278 1635 subveniebant.
1337 1589 1442 1633 Nam
1474 1589 1658 1633 Caecina

163 1680 243 1711 non
276 1669 395 1712 simul
426 1669 621 1711 cohortes
652 1669 725 1711 sed
759 1668 946 1725 singulas
978 1668 1191 1711 acciverat
1202 1680 1215 1719 3
1247 1678 1353 1721 quae
1372 1676 1443 1708 res
1470 1665 1511 1706 in
1527 1676 1660 1720 proe-

301 1815 330 1847 1.
361 1825 378 1846 e
407 1813 458 1847 G:
485 1812 538 1847 Ma
564 1820 606 1848 et.

161 1862 294 1907 precip.
323 1861 387 1895 Ma.

165 1914 203 1944 et
231 1919 308 1944 corr
334 1908 372 1944 G.

703 1815 735 1849 5.
763 1825 834 1848 ems.
866 1813 925 1847 Or.
1029 1812 1154 1846 cedunt
1181 1823 1198 1846 e
1224 1808 1299 1846 Ma:
1329 1808 1357 1844 G
1383 1809 1538 1844 cedente.
1622 1807 1646 1844 6

481 1863 513 1896 7.
541 1862 686 1907 leqionis
713 1862 850 1896 editor:
879 1862 961 1896 libri
987 1861 1172 1907 legionum.
1262 1861 1363 1903 frons
1392 1857 1458 1902 Ma,
1486 1859 1606 1904 fronte
1630 1855 1658 1891 B

445 1910 480 1945 8.
509 1911 666 1945 cinaeerat
693 1910 757 1945 Ma.
839 1910 894 1945 16.
921 1910 1015 1945 voln.
1045 1909 1103 1944 Or.
1206 1907 1345 1943 ochum?
1369 1906 1435 1942 Ma.

168 2045 278 2090 yemis
304 2045 497 2089 equitibus:
535 2046 601 2079 hac
636 2051 733 2090 parte
764 2046 870 2079 robur

943 2050 997 2079 est
1036 2056 1055 2078 a
1081 2044 1227 2086 Tacito,
1264 2043 1294 2076 is
1324 2041 1512 2076 admodum
1537 2039 1662 2087 negli-

171 2094 344 2127 exercitus
380 2093 593 2136 Othoniani,
627 2096 708 2139 quia
749 2095 870 2128 eadem

943 2098 1070 2140 genter
1109 2097 1143 2126 et
1169 2097 1313 2137 praeter
1339 2101 1496 2134 morem,
1530 2100 1578 2124 ne
1604 2089 1662 2123 di-

173 2141 354 2175 Vitelliani
380 2142 641 2176 imminentibus
675 2144 755 2177 viae
783 2143 873 2176 lucis

172 2201 215 2224 ex
234 2189 380 2223 adverso
405 2191 441 2223 in
466 2191 601 2224 insidiis
626 2192 731 2225 locati
759 2197 870 2225 erant.

242 2237 324 2282 Cap.
353 2239 410 2273 25.
457 2251 480 2272 α
506 2239 670 2274 lateribus
697 2241 876 2274 cohortes:

171 2286 335 2320 cohortes
378 2287 541 2333 intellige
579 2294 646 2322 tres
679 2290 875 2333 praetorias

170 2336 204 2367 in
232 2336 307 2378 ipsa
332 2336 388 2368 via
416 2341 449 2369 et
475 2341 639 2381 quattuor
664 2337 875 2371 auxiliorum

172 2383 205 2415 in
234 2384 374 2416 sinistro
400 2385 544 2427 positas.
606 2385 679 2419 Eae
714 2387 876 2419 dextrum

174 2431 442 2464 Vitellianorum
493 2443 602 2465 cornu
655 2436 870 2477 petiverunt.

173 2478 275 2521 Apud
307 2478 524 2513 Othonianos
559 2482 593 2513 in
635 2482 757 2516 eodem
798 2482 877 2515 loco

175 2526 345 2560 vexillum
394 2529 683 2563 tertiaedecimae
728 2530 883 2574 legionis

176 2575 328 2618 positum
355 2575 391 2609 h.
419 2575 442 2608 l.
470 2576 654 2611 brevitatis
686 2588 791 2611 causa
814 2578 881 2610 'l'a-

176 2624 265 2656 citus
304 2625 511 2667 praeteriit,
556 2625 711 2659 cohortes
753 2627 879 2659 memi-

176 2682 272 2705 nisse
299 2677 498 2706 contentus.

250 2719 395 2764 legionis
422 2721 571 2754 adversa
590 2723 709 2765 frons:
735 2727 884 2755 senten-

179 2767 227 2800 tia
255 2768 349 2801 clara
375 2774 438 2803 est.
467 2768 577 2803 Frons
605 2766 737 2813 primae
763 2769 883 2815 legio-

179 2817 234 2847 nis
259 2815 405 2850 adversa
432 2818 530 2851 stetit
558 2817 718 2852 hostibus
742 2816 882 2852 Celsum

183 2866 218 2895 et
244 2864 381 2907 equites
412 2864 631 2900 Othonianos
658 2876 882 2911 persequen-

182 2909 288 2943 tibus.
323 2909 472 2947 Codices
498 2918 613 2947 autem
641 2925 709 2948 non
739 2913 886 2960 leyiom's

184 2957 378 3003 praebent,
419 2959 483 2995 sed
505 2960 703 3007 leqionmu,
736 2961 830 3008 quod
857 2963 884 2997 si

945 2154 1020 2176 cam
1050 2143 1194 2184 vitiose,
1224 2140 1366 2175 locutus
1396 2144 1463 2174 est.
1501 2138 1588 2173 Nam
1617 2149 1661 2172 ex

944 2191 1187 2235 descriptione
1232 2201 1250 2223 c
1289 2190 1337 2224 24
1379 2189 1497 2233 posita
1549 2186 1664 2232 liquet
1731 2194 1736 2198 ·

944 2241 1090 2284 primam
1108 2237 1350 2272 tantummodo
1375 2236 1558 2283 legionem
1580 2234 1664 2270 huic

946 2288 1082 2332 proelio
1118 2288 1278 2322 affuisse.
1344 2284 1495 2319 Ceterae
1537 2284 1664 2328 copiae

947 2336 1048 2370 fuere
1077 2335 1257 2369 vexillarii
1283 2334 1578 2369 tertiaedecimae
1605 2331 1664 2366 le-

947 2386 1085 2430 gionis,
1113 2384 1281 2418 cohortes
1306 2381 1523 2424 auxiliares,
1558 2391 1666 2425 prae-

948 2434 1088 2476 toriani,
1117 2434 1270 2478 equites.
1306 2431 1412 2466 Dicat
1439 2430 1570 2475 aliquis
1597 2439 1666 2462 ve-

948 2482 1071 2515 xillum
1106 2481 1193 2515 illud
1221 2479 1514 2515 tertiaedecimae
1544 2477 1666 2523 legio-

949 2531 1003 2563 nis
1045 2535 1079 2564 et
1114 2531 1262 2574 primam
1301 2528 1486 2573 legionem
1521 2526 1666 2559 nomine

951 2578 1124 2623 legionum
1150 2576 1411 2622 comprehensa
1441 2572 1535 2609 esse.
1589 2574 1664 2607 An-

951 2627 1033 2659 dio:
1072 2638 1194 2661 verum
1229 2624 1424 2659 vexillares
1470 2622 1667 2658 tertiaede-

953 2676 1065 2709 cimae
1103 2675 1260 2721 legionis
1302 2673 1338 2706 in
1373 2673 1516 2707 sinistro
1559 2670 1669 2704 locati

954 2728 1076 2766 erant,
1128 2723 1190 2757 ubi
1222 2722 1390 2756 cohortes
1428 2719 1668 2761 auxiliorum,

952 2781 1022 2803 non
1067 2773 1102 2805 in
1130 2772 1256 2805 dea-tra
1280 2773 1424 2816 fronte,
1458 2769 1518 2802 uhi
1558 2768 1671 2813 prima

953 2818 1050 2864 legio
1070 2846 1079 2862 ,
1112 2825 1150 2853 ut
1186 2820 1272 2853 satis
1311 2821 1482 2862 appareat
1516 2827 1560 2851 ex
1588 2814 1670 2850 illis

953 2867 1150 2902 vexillariis
1182 2869 1362 2902 neminem
1402 2867 1437 2899 in
1473 2864 1540 2899 hac
1569 2870 1670 2910 parte

955 2924 1033 2948 cnm
1076 2915 1222 2963 legione
1265 2915 1376 2959 prima
1421 2913 1564 2947 obviam
1616 2912 1670 2946 ire

959 2962 1160 2999 Vitellianis
1187 2965 1359 3009 potuisse.
1403 2961 1530 2996 Forma
1544 2957 1668 3007 flegia-
