1768 3216
163 222 237 259 128
744 213 1050 250 HlSTORIARVM
1429 224 1461 249 a.
1490 224 1524 250 u.
1551 213 1636 252 822.

151 338 223 379 Ille
253 337 339 378 utili
371 333 651 377 moderatione
681 344 763 373 non
795 331 1035 386 supplicium
1070 331 1310 384 cuiusquam
1341 332 1556 386 poposcit3
1587 345 1638 375 ac

151 424 204 453 ne
247 410 503 452 dissimulans
541 407 774 460 suspectior
820 407 953 458 soret,
1003 418 1159 459 paucos
1204 405 1435 458 incusavit,
1482 419 1639 462 gnarus

151 485 334 526 civilibus
364 483 481 524 bellis
514 482 602 535 plus
642 481 834 522 militibus
875 493 993 534 quam
1027 480 1199 521 ducibus
1241 480 1383 521 licere.
1443 480 1710 528 Munien-30

147 559 252 600 tibus
285 561 419 598 castra
450 556 554 609 apud
586 556 771 596 Ticinum
804 555 854 596 de
886 555 1062 595 adversa
1094 554 1301 595 Caecinae
1332 566 1469 609 pugna
1517 555 1639 597 adla-

114 638 240 685 stum,
274 636 314 674 et
341 643 469 685 prope
498 634 694 672 renovata
727 629 893 680 seditio,
928 633 1133 682 tamquam
1158 628 1305 670 fraude
1329 632 1368 670 et
1399 630 1639 672 cunctatio-

146 708 263 748 nibus
295 706 476 749 Valentis
507 705 665 759 proelio
699 704 941 746 defuissent.
1002 702 1122 744 Nolle
1152 704 1355 756 requiem,
1391 716 1474 747 non
1507 717 1640 760 expe-

147 786 257 823 ctare
306 781 475 832 ducem,
527 779 685 821 anteire
734 779 875 833 signa,
929 790 1110 832 urguere
1159 778 1404 832 signiferos.
1476 779 1637 834 Rapido

146 857 308 911 agmine
340 856 543 898 Caecinae
580 855 814 909 iunguntur.
876 853 1123 907 inprospera
1160 852 1346 895 Valentis
1388 854 1495 896 fama
1530 855 1637 910 apud

147 932 370 973 exercitum
403 930 606 972 Caecinae
632 933 738 972 erat:
771 928 982 982 expositos
1012 941 1058 970 se
1083 932 1195 969 tanto
1216 917 1446 983 pauciores
1462 929 1638 985 integris

82 999 321 1054 fnohostium
351 1006 506 1046 viribus
538 1004 825 1058 querebantur,
861 1003 980 1045 simul
1014 1004 1055 1044 in
1087 1015 1202 1045 suam
1237 987 1566 1058 excusationem,
1598 1008 1639 1046 et

147 1081 449 1123 adventantium
479 1080 607 1121 robur
635 1092 709 1133 per
739 1059 1504 1132 adulatiHrTe-nmffi
1536 1079 1637 1121 victi

28 1163 30 1165 ’
146 1158 185 1197 et
215 1148 351 1210 ignav'i
383 1154 729 1208 despectarentur.
791 1154 840 1195 Et
881 1166 1126 1207 quamquam
1165 1151 1637 1208 plus'virium,.prope

145 1229 370 1283 duplicatus
418 1229 625 1284 legionum
684 1229 1014 1283 auxiliorumque
1063 1242 1259 1271 numerus
1316 1233 1405 1271 erat
1456 1228 1635 1282 Valenti,

144 1304 275 1345 studia
308 1309 441 1345 tamen
473 1304 639 1345 militum
671 1303 712 1344 in
729 1304 952 1346 Caecinam
985 1304 1257 1356 inclinabant,
1291 1317 1416 1358 super
1437 1304 1638 1359 benigni-

95 1382 265 1422 istatem
298 1379 443 1431 animi,
479 1390 556 1432 qua
586 1378 815 1432 promptior
845 1378 1098 1431 habebatur,
1133 1379 1255 1419 etiam
1290 1368 1452 1433 vigore*
1472 1378 1635 1431 aetatis,

145 1453 390 1506 proceritate
421 1453 607 1507 corporis
641 1458 680 1495 et
713 1453 892 1507 quodam
924 1453 1037 1495 inani
1069 1453 1229 1495 favore.
1277 1452 1384 1494 Hinc
1416 1452 1636 1510 aemulatio

146 1527 336 1569 ducibus:
379 1528 553 1570 Caecina
584 1532 627 1568 ut
659 1528 825 1570 foedum
858 1540 907 1570 ac
941 1527 1222 1580 maculosum,
1266 1527 1334 1570 ille
1364 1531 1408 1568 ut
1439 1527 1637 1570 tumidum

97 1657 104 1666 ‚
147 1615 195 1643 ac
227 1615 375 1644 vanum
412 1603 656 1645 inridebant.
730 1602 811 1646 Sed
852 1603 1021 1644 condito
1070 1603 1168 1645 odio
1210 1603 1384 1645 eandem
1425 1602 1642 1645 utilitatem

0 1665 101 1734 4⁰9⁸
143 1677 300 1730 fovere,
333 1677 489 1720 crebris
521 1678 719 1732 epistulis,
752 1678 843 1720 sine
872 1682 1068 1737 respectu
1098 1678 1263 1731 veniae,
1294 1678 1450 1732 probra
1483 1677 1639 1720 Othoni

44 1738 419 1805 ‘faoobiectanteffi
463 1765 552 1794 cum
593 1753 719 1795 duces
759 1740 936 1807 partium
983 1752 1158 1794 Othonis
1200 1753 1388 1807 quamvis
1427 1752 1638 1795 uberrima

6 1823 42 1844 “¹
71 1800 115 1842 ΞΓ
145 1827 426 1868 conviciorum
476 1827 516 1868 in
570 1828 775 1870 Vitellium
830 1829 1001 1870 materia
1051 1828 1320 1871 abstinerent.
1382 1828 1493 1871 Sane
1541 1830 1705 1871 ante81

144 1900 352 1954 utriusque
387 1901 552 1955 exitum,
586 1913 664 1956 quo
697 1903 912 1958 egregiam
944 1903 1052 1945 Otho
1088 1903 1262 1956 famam,
1294 1902 1484 1946 Vitellius
1511 1902 1639 1958 flagi-

283 2049 314 2085 7.
342 2060 489 2095 urguere
515 2049 592 2084 Ma:
616 2062 742 2097 urqere
761 2052 798 2086 G.
854 2053 908 2087 15.
943 2052 1161 2087 habebantur
1190 2052 1264 2087 Ma:
1294 2052 1320 2088 G
1347 2050 1552 2088 habehaen'ar.
1583 2053 1638 2089 16.

145 2095 267 2139 fabor-e
293 2096 356 2131 Ma.
422 2099 472 2133 17.
501 2100 640 2143 faecium
668 2100 732 2135 Ma.

147 2271 292 2306 Italicae
329 2273 389 2318 (H.
425 2274 438 2308 1
473 2275 511 2309 61
556 2280 591 2310 et
617 2276 709 2323 64);
754 2279 856 2323 siqua

147 2325 226 2353 sunt
261 2322 391 2355 vexilla
418 2326 655 2358 centuriarum
689 2337 708 2359 e
735 2325 856 2372 legio-

147 2367 262 2402 nibus.
303 2368 355 2403 Cf.
384 2377 503 2406 annot.
532 2373 573 2406 ad
602 2373 630 2406 11
666 2375 719 2408 17.

224 2438 308 2482 Cap.
335 2441 394 2475 30.
455 2453 526 2477 non
568 2450 751 2487 expectare
792 2445 857 2478 du-

149 2497 243 2520 cem:
285 2498 348 2521 sua
382 2488 557 2524 brevitate
596 2491 681 2524 dicit
717 2492 857 2526 Tacitus

148 2543 210 2577 pro
242 2546 313 2568 non
339 2543 520 2581 expectare
555 2538 650 2572 ducis
683 2541 778 2573 iussa
813 2552 856 2574 ex

149 2584 273 2617 castris
300 2583 475 2628 proficisci
505 2587 790 2629 praescribentis.

217 2655 341 2700 rapido
385 2656 522 2701 agmine
564 2656 738 2691 Caecinae
774 2661 856 2692 iun-

147 2707 295 2744 9untur:
332 2706 482 2747 spatium
520 2705 613 2738 inter
638 2706 794 2740 Ticinum
824 2713 858 2741 et

149 2748 354 2785 Cremonam
381 2752 424 2786 ad
452 2752 629 2788 Caecinae
659 2760 773 2789 castra
798 2766 857 2788 ra-

148 2796 232 2839 ptim
267 2801 491 2835 emetiuntur.

231 2880 267 2901 se
298 2875 391 2903 tanto
421 2874 634 2916 pauciores.-
672 2873 706 2908 h.
745 2885 776 2908 e.
818 2885 857 2909 se

150 2918 246 2947 tanto
272 2919 457 2959 pauciores
480 2931 582 2964 quam
609 2922 668 2966 qui
689 2932 768 2955 cum
787 2925 857 2963 Va,

151 2961 250 2997 lente
275 2965 503 3002 advenerant.
530 2969 626 3003 Haec
642 2980 713 3005 non
739 2971 857 3015 respi-

802 2111 845 2133 ac
869 2101 1082 2135 maculosum
1110 2101 1183 2136 Ma:
1211 2102 1238 2136 G
1265 2108 1297 2136 el
1323 2113 1413 2136 mac.

147 2154 191 2177 ac
215 2156 340 2179 vanum
366 2145 440 2180 Ma:
468 2158 594 2182 vanum
620 2150 663 2184 ac
689 2150 852 2183 tumidum
878 2149 916 2183 G.

1013 2151 1067 2185 19.
1102 2150 1188 2197 eplis
1219 2162 1298 2185 cum
1328 2151 1390 2185 lin.
1419 2102 1640 2185 Mafmmdum

926 2277 1023 2310 ciunt
1060 2279 1217 2323 intem-as
1253 2276 1401 2312 hostium
1436 2277 1530 2318 vires
1575 2276 1639 2312 sed

927 2328 1120 2360 exercitum
1166 2338 1186 2361 a
1238 2327 1391 2361 Valente
1436 2326 1637 2361 adductum.-

926 2373 1010 2407 Nam
1043 2375 1132 2409 haec
1170 2377 1245 2420 ipsa
1282 2381 1402 2418 erant,
1439 2374 1567 2420 quibus
1599 2385 1638 2410 se

926 2422 1029 2456 simul
1058 2429 1272 2459 excusarent
1308 2429 1343 2459 et
1369 2423 1638 2458 adventantium

928 2471 1034 2504 robur
1059 2472 1278 2506 attollerent.
1318 2472 1363 2506 Et
1387 2482 1473 2506 sane
1505 2471 1638 2506 Valens

927 2519 1161 2566 quadraginta
1200 2521 1299 2554 milia
1334 2525 1369 2554 et
1397 2521 1544 2564 insuper
1580 2519 1638 2554 le·-

926 2568 1068 2612 gionem
1095 2569 1254 2603 ltalicam
1271 2595 1280 2611 ,
1309 2568 1466 2602 Caecina
1492 2569 1637 2614 triginta

926 2615 1102 2661 ducebat;
1131 2617 1178 2652 cf.
1206 2617 1249 2651 H.
1277 2617 1291 2651 1
1318 2617 1362 2653 61
1393 2621 1428 2650 et
1452 2617 1512 2652 64.

997 2688 1135 2730 foedum
1172 2699 1217 2722 ac
1251 2688 1487 2722 maculosum.-
1522 2686 1567 2722 cf.
1595 2686 1639 2721 ad

928 2734 967 2767 H.
995 2735 1007 2767 Ι
1036 2737 1053 2769 7
1083 2741 1118 2769 et
1144 2737 1187 2771 de
1216 2737 1374 2771 moribus
1409 2736 1570 2772 Valentis
1595 2735 1637 2770 fl.

926 2781 941 2814 l
966 2783 1012 2817 66
1036 2784 1092 2817 fin.

999 2878 1083 2923 Cap.
1111 2881 1168 2915 31.
1221 2881 1288 2915 sibi
1315 2881 1540 2915 inhonestus.-
1575 2880 1642 2916 sibi

925 2925 1080 2962 inhostus
1106 2927 1159 2961 Ma
1195 2929 1326 2963 omissa
1358 2930 1475 2964 media
1501 2929 1641 2974 syllaba

927 2975 1027 3021 (ne),
1073 2976 1373 3021 quemadmodum
1412 2977 1506 3015 idem
1549 2977 1642 3014 liber
