1768 3216
175 199 245 234 104

170 322 248 359 tur.
308 315 535 358 Honestior
566 313 735 369 auriga:
779 313 952 356 clientes
992 318 1268 369 propugnant.

789 194 1049 233 AGRICOLAE

1349 314 1457 359 Olim
1497 316 1668 372 regibus

169 391 382 446 parebant,
417 400 525 430 nunc
556 401 630 443 per
660 388 871 443 principes
903 388 1156 431 factionibus
1188 394 1230 431 et
1260 389 1407 432 studiis
1438 390 1666 437 trahuntur.

168 465 253 507 Nec
286 463 396 506 aliud
422 463 623 506 adversus
656 463 937 506 validissimas
968 468 1117 519 gentes
1149 476 1223 518 pro
1247 464 1370 506 nobis
1390 465 1529 508 utilius
1548 477 1670 520 quam

169 538 277 593 quod
319 539 362 579 in
415 537 643 581 commune
671 551 756 580 non
796 539 1029 581 consulunt.

1107 540 1238 583 Rarus
1282 540 1440 582 duabus
1485 541 1670 584 tribusve

136 613 404 656 scivitatibus
438 614 490 656 ad
521 613 845 668 propulsandum
879 626 1098 656 commune
1143 614 1372 668 periculum
1415 620 1669 677 conventus:

168 688 225 730 ita
260 689 417 743 singuli
447 693 644 744 pugnant,
677 689 863 730 universi
892 689 1126 731 vincuntur.

309 763 477 805 Caelum
511 764 671 806 crebris
703 764 902 806 imbribus
934 777 983 806 ac
1024 764 1189 807 nebulis
1231 765 1400 808 foedum
1413 780 1424 818 ;
1469 765 1671 821 asperitas

168 839 372 893 frigorum
406 839 539 880 abest.
600 839 769 880 Dierum
802 839 934 893 spatia
964 839 1070 882 ultra
1102 841 1235 882 nostri
1267 841 1381 883 orbis
1413 853 1670 900 mensurium

167 925 255 956 nox
289 913 401 955 clara
435 917 474 955 et
505 917 689 955 extrema
720 913 960 956 Britanniae
989 918 1106 968 parte
1136 915 1291 968 brevis,
1323 919 1368 957 ut
1396 915 1518 958 finem
1550 919 1670 970 atque

262 1056 297 1089 4.
325 1054 474 1088 tribusve
501 1054 669 1098 l'ichena,
698 1060 780 1090 ante
810 1067 913 1101 quem
945 1061 1020 1091 crat
1046 1057 1232 1102 tribusque.

166 1103 246 1137 dum
270 1101 500 1137 Puteolanus.
550 1104 585 1137 8.
626 1104 721 1138 abest
748 1107 798 1139 I':
828 1106 861 1139 Δ
887 1110 948 1139 est.

166 1163 223 1186 ma
243 1157 347 1198 parte
373 1152 583 1186 Britanniae
609 1155 652 1196 Δ,
682 1163 753 1186 non
780 1155 820 1188 Γ.

165 1269 210 1303 ob
240 1268 276 1301 id
311 1270 424 1313 ipsum
460 1269 631 1303 adhibent
651 1295 660 1312 ,
697 1269 792 1315 quod
820 1280 881 1304 cos

163 1316 251 1351 solis
292 1318 392 1362 equis
432 1319 587 1362 aptiores
624 1328 702 1352 esse
738 1322 879 1363 putant)

163 1370 200 1399 et
225 1367 385 1409 proxima
416 1367 528 1400 Taciti
565 1367 676 1401 verba
710 1367 753 1401 de
781 1369 879 1401 auri-

162 1415 217 1459 gis
263 1419 297 1448 et
348 1414 540 1449 clientibus
589 1421 877 1449 commonstrant.

160 1462 251 1495 liinc
279 1464 509 1508 consequitur
542 1464 635 1498 inter
662 1463 879 1498 Caledonios

160 1509 204 1544 ad
240 1515 395 1545 montem
423 1511 623 1556 Grampium
663 1518 879 1558 pugnantes,

161 1563 196 1592 et
225 1560 379 1602 caeduis,
408 1560 442 1594 h.
474 1571 506 1594 c.
534 1560 675 1595 levibus
703 1562 877 1605 curribus,

160 1617 256 1651 usos,
293 1610 433 1653 equites
468 1610 528 1654 qui
565 1609 676 1656 vulgo
713 1610 879 1644 dicuntur

159 1666 230 1689 nou
257 1656 389 1700 fuisse3
429 1657 523 1691 conf.
552 1658 595 1692 ad
623 1670 652 1692 c.
680 1659 726 1693 35
755 1663 789 1693 et
817 1659 876 1694 36.

161 1704 259 1746 Quae
296 1710 414 1739 autem
457 1707 622 1741 nationes
669 1718 773 1741 curru
805 1719 875 1741 non

158 1753 391 1797 proeliantur,
418 1754 472 1787 his
499 1766 569 1788 non
596 1755 756 1790 defuisse
779 1758 877 1801 equi-

159 1807 229 1842 les,
267 1802 302 1835 id
341 1814 383 1836 ex
421 1804 507 1847 ipsis
541 1803 650 1838 Taciti
690 1804 810 1839 verbis
839 1806 877 1839 in

153 1850 270 1895 pedite
296 1851 404 1884 robur
431 1853 655 1895 perspicitur.
710 1852 875 1887 Consen-

157 1899 200 1931 tit
233 1897 449 1942 Pomponius
489 1900 581 1934 Mela
608 1900 655 1934 lll
682 1901 729 1936 6:
770 1901 875 1935 dimi-

159 1952 241 1979 cant
266 1957 337 1979 non
363 1948 516 1991 equitatu
538 1949 636 1982 modo
663 1955 723 1982 aut
747 1951 874 1995 pedite,

157 2005 277 2027 verum
302 2001 333 2028 ct
371 1995 458 2039 biqis
493 2002 523 2030 et
552 1997 710 2030 curribus
739 1998 874 2032 Gallice

157 2042 312 2084 armati,-
357 2044 496 2076 covinos
533 2051 679 2088 vocant,
730 2057 875 2089 quorum

156 2089 300 2135 falcatis
326 2091 449 2124 axibus
475 2096 629 2126 utuntur.
684 2093 752 2126 Dio
783 2094 873 2128 LXII

161 2140 215 2173 12.
260 2138 363 2182 Apud
395 2138 582 2174 Caesarem
610 2141 650 2174 Β.
679 2141 718 2175 G.
748 2142 795 2175 lV
826 2144 873 2177 24

159 2186 321 2232 (barbari
349 2208 394 2213 -
423 2190 617 2233 praemisso
652 2191 805 2234 equitatu
841 2197 872 2225 et

159 2235 365 2277 essedariis,
407 2247 471 2279 quo
507 2236 709 2282 plerumque
743 2250 872 2284 yenere

155 2284 194 2316 in.
226 2283 370 2327 proeliis
406 2285 458 2317 uti
492 2290 717 2332 consuerunt)
754 2292 789 2320 et
824 2289 871 2323 32

156 2331 324 2377 (reliquos
368 2353 413 2359 -—
448 2333 550 2367 simul
588 2336 742 2378 equitatu
769 2341 870 2381 alque

155 2379 282 2413 essedis
325 2381 643 2424 circumdederant)
694 2388 728 2417 et
765 2384 793 2417 V
828 2385 869 2419 15

155 2429 300 2472 (equites
319 2428 467 2463 hostium
493 2431 741 2477 essedariique)
760 2433 870 2466 verba

155 2476 325 2519 equitatus
352 2482 382 2510 et
410 2479 598 2521 essedarii,
636 2480 716 2513 item
743 2482 870 2525 equites

155 2523 389 2568 essedariique
413 2531 494 2559 sunt
530 2537 592 2570 pro
634 2529 786 2572 equitatu
813 2541 881 2562 esf

153 2572 398 2616 sectariorum,
434 2578 471 2607 ut
511 2574 624 2620 liquet
651 2578 869 2621 comparanti

152 2621 313 2665 proxima
342 2626 377 2655 et
401 2621 449 2656 lv
476 2623 534 2657 33.

224 2693 402 2729 honestior
428 2695 576 2739 auriqa,
613 2695 755 2729 clientes
775 2707 864 2742 pro-

146 2748 332 2786 pugnant.-
371 2747 440 2777 tam
480 2743 630 2778 clientes
665 2755 767 2789 quam
798 2755 866 2778 au-

150 2791 229 2834 riga
264 2801 368 2824 currn
401 2791 445 2825 ad
486 2791 625 2826 hostem
664 2792 864 2837 vehuntur,

149 2837 213 2870 sed
239 2838 289 2872 ibi
315 2839 466 2873 clientes
504 2841 654 2884 pedibus
693 2847 866 2887 pugnant,

151 2886 277 2931 auriga
302 2888 337 2920 in
366 2899 469 2922 curru
496 2890 710 2934 retrocedit,
738 2895 776 2923 ut
802 2890 867 2925 de-

153 2933 277 2970 scribit
305 2935 436 2972 Caesar
461 2936 509 2973 lv
537 2940 604 2976 33:
645 2950 723 2977 cum
746 2951 782 2975 se
808 2940 869 2975 in-

1370 1058 1404 1092 6.
1429 1058 1481 1092 ita
1506 1060 1591 1095 TA:
1618 1059 1670 1093 ita

1025 1105 1105 1140 9.et
1130 1117 1201 1140 nox
1227 1105 1457 1142 Puteolanus.
1549 1111 1668 1142 extre-

951 1275 1004 1304 ter
1030 1271 1178 1315 equitum
1211 1276 1343 1305 turmas
1381 1271 1571 1320 (hostiles)
1607 1273 1667 1309 in-

949 1320 1189 1362 sinuaverint,
1228 1331 1271 1353 ea:
1296 1321 1423 1355 essedis
1448 1321 1612 1357 desiliunt
1635 1328 1668 1357 et

946 1368 1092 1414 pedibus
1119 1368 1354 1414 proeliantur.
1418 1369 1577 1416 Aurigae
1605 1371 1666 1405 in-

950 1418 1052 1450 terim
1072 1416 1246 1462 paulatim
1269 1430 1312 1451 ea>
1331 1417 1468 1463 proelio
1495 1418 1667 1454 excedunt

950 1471 1052 1510 alque
1085 1467 1136 1499 ita
1174 1478 1299 1500 currus
1335 1465 1531 1510 collocant,
1573 1473 1612 1501 ut
1635 1468 1667 1502 si

949 1513 1003 1548 illi
1027 1525 1051 1547 α
1077 1512 1296 1548 multitudine
1325 1514 1472 1550 bostium
1493 1527 1666 1562 preman-

950 1568 1024 1605 tur,
1062 1563 1255 1608 etpeditum
1294 1563 1341 1597 ad
1374 1574 1454 1598 suos
1490 1570 1666 1612 receptum

949 1611 1113 1646 habeant.

1029 1682 1110 1717 olim
1155 1684 1293 1728 reyibus
1323 1685 1530 1730 parebant:
1568 1685 1664 1721 conf.

949 1731 1082 1765 Cacsar
1108 1732 1134 1765 V
1164 1734 1222 1768 22.
1258 1732 1473 1778 Pomponius
1500 1733 1591 1769 Mela
1617 1734 1665 1768 ΙΙΙ

950 1780 988 1862 ξι.
1014 1780 1215 1865 2Ιόἰοάοωε
1255 1782 1283 1816 V
1309 1782 1370 1817 21.
1432 1781 1500 1817 Dio
1533 1780 1591 1818 LX
1621 1783 1665 1819 19

1006 1911 1101 1935 nunc
1122 1913 1186 1947 per
1201 1903 1380 1948 principes
1394 1903 1607 1948 [actionibus
1632 1907 1665 1938 el

944 1949 1066 1983 studiis
1093 1951 1304 1985 trahuntur.-
1330 1950 1478 1986 ablativi
1505 1957 1587 1986 sunt
1604 1953 1662 1986 in-

944 1998 1219 2042 strumentales3
1247 2001 1343 2043 prior
1369 2010 1442 2034 rem
1461 2000 1576 2034 oculis
1596 2011 1664 2035 ex-

944 2046 1107 2088 positam,
1141 2046 1231 2080 alter
1257 2048 1365 2081 animi
1404 2049 1571 2082 affectum
1596 2048 1664 2083 de-

943 2098 1041 2126 notat
1069 2094 1195 2140 (durch
1216 2096 1455 2141 Parteiunqen
1467 2096 1541 2130 und
1556 2097 1662 2144 Sym-

938 2142 1112 2190 pathien).
1141 2143 1394 2178 Doederlinius
1411 2145 1664 2189 interpretatur

943 2190 989 2223 ad
1012 2192 1186 2235 sactiones
1221 2198 1252 2226 ct
1281 2192 1416 2236 studia,
1455 2193 1518 2227 sed
1544 2194 1663 2229 obstat

942 2249 1026 2272 usus
1051 2239 1161 2273 Taciti
1187 2245 1222 2274 et
1248 2241 1406 2284 Latinus,
1435 2252 1553 2288 neque
1579 2247 1662 2287 apta

940 2292 1022 2320 sunt
1041 2288 1206 2332 exempla
1234 2290 1277 2323 ab
1305 2289 1367 2323 illo
1394 2288 1514 2334 allata,
1541 2290 1661 2327 1158:

939 2346 1007 2370 neu
1048 2348 1215 2381 proceres
1266 2340 1419 2384 gentium
1453 2339 1661 2385 propinquis

940 2385 1071 2418 nuntiis
1097 2386 1144 2419 ad
1166 2386 1360 2421 discordias
1395 2387 1572 2431 traheret,-
1613 2387 1654 2422 H.

940 2432 952 2465 1
980 2432 1039 2475 69,
1067 2433 1127 2467 ubi
1155 2439 1208 2468 cst
1235 2436 1350 2480 effusis
1375 2436 1544 2480 lacrimis,
1571 2446 1655 2480 non,

939 2484 977 2512 ut
1018 2480 1290 2516 Doederliniunl
1332 2483 1466 2517 fefellit
1518 2485 1653 2529 opinio,

940 2528 1065 2573 effusus
1091 2529 1260 2565 lacrimis.
1303 2531 1346 2565 Ut
1373 2531 1520 2566 verbum
1542 2543 1654 2578 pare-

939 2576 1022 2610 bant
1053 2577 1182 2612 iustum
1211 2584 1245 2613 et
1276 2580 1516 2615 voluntarium
1544 2580 1654 2616 obse-

939 2626 1058 2670 quium
1085 2627 1277 2673 significat,
1307 2630 1355 2662 ita
1371 2629 1467 2663 trahi
1490 2629 1656 2664 dicuntur

937 2675 997 2718 qui
1027 2676 1134 2708 animi
1170 2677 1298 2710 affectu
1336 2678 1485 2724 (studiis)
1521 2683 1582 2712 aut
1618 2680 1654 2713 vi

936 2722 978 2755 ab
1006 2723 1085 2757 aliis
1117 2723 1274 2759 adhibita
1320 2727 1564 2774 (factionibus)
1587 2727 1653 2761 de-

936 2771 1123 2807 stinantur.

1017 2843 1148 2877 dicabus
1190 2845 1339 2879 tribusve
1375 2847 1572 2881 civilatibus
1607 2867 1653 2876 --

938 2898 1147 2927 conventus:
1188 2892 1262 2928 leni
1310 2893 1489 2930 medicina
1527 2896 1652 2931 vitium

938 2939 1112 2987 tribusque
1149 2942 1302 2979 removit
1344 2942 1524 2980 Pichena:
1571 2953 1651 2980 nam
