1768 3216
153 241 228 276 216

732 235 794 270 DE
823 235 1113 271 ORATORIBVS

152 358 269 412 piunt
299 361 339 398 et
368 368 442 409 per
477 353 667 410 singulos
700 353 845 395 aetatis
875 353 1032 408 gradus
1066 352 1353 407 cumulantur,
1387 354 1424 396 si
1453 354 1568 408 prius
1600 355 1652 397 de

155 432 377 474 severitate
408 442 456 470 ac
490 428 709 482 disciplina
741 429 943 470 maiorum
977 429 1090 470 circa
1121 428 1364 470 educandos
1386 422 1656 472 formandos-

156 518 234 559 que
264 505 420 545 liberos
452 516 584 558 pauca
614 503 881 557 praedixero.
918 504 1001 546 Iam
1023 504 1196 558 primum
1230 516 1328 546 suus
1357 504 1507 559 cuique
1532 504 1654 557 filius,

162 593 213 621 ex
244 583 357 622 casta
400 583 571 632 parente
613 583 758 631 natus,
799 591 883 620 non
915 579 957 620 in
1006 578 1111 620 cella
1156 583 1318 633 emptae
1361 579 1535 621 nutricis
1574 579 1657 622 sed

124 654 315 709 sgremio
348 667 397 694 ac
428 653 523 694 sinu
552 652 693 694 matris
726 652 1004 705 educabatur,
1049 653 1165 695 cuius
1198 653 1422 708 praecipua
1448 653 1539 696 laus
1569 657 1659 696 erat

155 729 261 770 tueri
282 729 446 770 domum
469 732 509 769 et
527 728 734 769 inservire
758 727 917 770 liberis.
947 728 1190 783 Eligebatur
1208 732 1342 770 autem
1362 728 1498 770 maior
1521 728 1658 783 aliqua

155 809 253 846 natu
270 805 515 857 propinqua,
537 803 653 845 cuius
673 803 859 857 probatis
878 804 1160 858 spectatisque
1179 803 1365 845 moribus
1384 804 1518 844 omnis
1542 803 1659 845 eius-

158 879 251 920 dem
282 879 462 920 familiae
492 878 661 919 suboles
693 878 1040 930 committeretur,
1072 891 1214 920 coram
1245 891 1324 932 qua
1351 890 1487 932 neque
1517 877 1660 920 dicere

158 954 219 995 sas
239 958 327 995 erat
349 953 456 1006 quod
478 957 595 1006 turpe
627 952 752 1004 dictu,
780 965 914 1006 neque
944 953 1086 995 facere
1115 953 1225 1007 quod
1253 953 1517 995 inhonestum
1549 953 1660 995 factu

107 1041 144 1069 ιο
157 1028 383 1069 videretur.
417 1028 480 1067 Ac
502 1039 584 1068 non
603 1027 739 1068 studia
757 1027 883 1068 modo
905 1040 1124 1081 curasque,
1152 1027 1227 1069 sed
1245 1028 1518 1070 remissiones
1537 1027 1659 1070 etiam

158 1103 354 1156 lususque
369 1113 591 1154 puerorum
609 1102 827 1143 sanctitate
845 1101 1022 1156 quadam
1041 1114 1090 1143 ac
1106 1102 1364 1144 verecundia
1386 1101 1654 1155 temperabat.

159 1177 228 1218 Sic
261 1176 497 1217 Corneliam
524 1175 824 1227 Gracchorum,
857 1176 919 1217 sic
948 1176 1160 1217 Aureliam
1190 1176 1398 1226 CaesariS‚
1433 1175 1495 1217 sic
1524 1175 1660 1217 Atiam

157 1250 334 1304 Augusti
355 1254 525 1291 matrem
541 1249 776 1303 praefuisse
795 1250 1113 1291 educationibus
1145 1262 1195 1291 ac
1222 1249 1474 1303 produxisse
1498 1250 1660 1304 princi-

156 1336 231 1377 pes
251 1324 407 1364 liberos
425 1323 674 1377 accepimus.
714 1324 829 1373 Quae
848 1323 1067 1377 disciplina
1092 1337 1141 1365 ac
1164 1324 1369 1366 severitas
1397 1336 1447 1366 eo
1472 1324 1661 1378 pertine-

108 1413 144 1440 15
157 1398 227 1439 bat
244 1402 287 1438 ut
302 1398 469 1439 sincera
487 1402 526 1439 et
543 1398 704 1452 integra
722 1402 762 1439 et
778 1398 899 1439 nullis
914 1398 1183 1451 pravitatibus
1203 1398 1364 1440 detorta
1381 1399 1502 1441 unius
1517 1400 1661 1441 cuius-

284 1570 312 1602 1.
342 1569 382 1602 cle
410 1569 455 1602 P:
484 1580 506 1602 a
534 1569 572 1603 F.

158 1667 240 1709 quia
266 1666 303 1700 F.

159 1762 202 1802 ab
231 1763 354 1796 eadem
385 1774 429 1797 m.
456 1764 605 1810 prauita-
628 1763 662 1797 Ρ.

160 1898 209 1931 bis
234 1898 377 1931 notiora
402 1903 508 1931 sunt:
559 1908 620 1942 eqo
647 1897 687 1931 de
715 1898 801 1931 urbe
829 1918 873 1923 —-

158 1946 308 1990 loquar.-
335 1946 371 1978 in
397 1945 542 1980 brevius
565 1947 744 1980 contraxit
783 1945 874 1980 hanc

159 1995 392 2027 sententiam:
416 1993 644 2039 ‘quamquam
670 1995 759 2028 vitia
788 2005 875 2038 pro-

160 2043 356 2075 viuciarum
402 2051 472 2074 non
513 2053 733 2087 persequar:
786 2042 877 2076 haec

162 2090 255 2123 enim
283 2089 384 2123 vobis
411 2091 550 2123 notiora
577 2092 683 2124 sunt'.
710 2090 764 2124 De
791 2101 875 2134 par-

161 2137 271 2171 ticula
297 2148 504 2182 quamquam
531 2138 679 2182 perinde
707 2139 824 2182 posita
840 2149 874 2172 v.

162 2187 201 2220 G.
236 2186 290 2220 18.
328 2184 458 2220 Omnes
484 2186 695 2231 quibuscum
726 2187 877 2220 Messala

162 2234 331 2279 loquitur,
347 2234 544 2277 Secundus,
560 2235 668 2279 Aper,
685 2234 876 2277 Maternus,

162 2282 252 2316 Galli
281 2282 446 2324 fueruut3
474 2293 508 2315 v.
540 2289 661 2318 annot.
690 2283 732 2317 ad
754 2294 830 2328 cap.
855 2285 877 2318 2

163 2335 197 2363 et
229 2332 273 2366 10
300 2335 335 2364 et
362 2330 418 2365 24.
453 2331 546 2365 Vere
572 2332 683 2377 igitur
724 2332 877 2378 legimus

161 2385 278 2412 restra
303 2379 414 2421 vobis,
448 2390 518 2413 non
546 2386 669 2414 nostra
696 2380 812 2423 nobis,
841 2384 879 2413 ut

162 2427 414 2471 interpolatum
442 2439 462 2461 a
488 2427 672 2462 Rhenano.

237 2509 308 2530 non
334 2498 372 2531 in
400 2498 492 2531 cella
518 2519 564 2525 —
590 2499 651 2533 sed
674 2500 807 2544 gremio
835 2511 880 2533 ac

161 2546 240 2579 sinu
261 2547 407 2580 matris.-
433 2547 630 2581 retinentes
645 2549 782 2593 antiqui
799 2559 878 2582 mo-

161 2596 209 2627 ris
239 2595 275 2627 in
303 2599 423 2628 cetera
451 2594 554 2628 ltalia
581 2601 617 2629 et
648 2596 802 2630 coloniis
823 2598 878 2631 ci-

161 2643 260 2676 vium
288 2642 525 2677 Romanorum
551 2643 736 2677 durabant.
763 2644 816 2678 Cf.
834 2645 875 2678 A.

162 2691 204 2726 4:
254 2691 292 2724 in
331 2692 433 2725 lucius
475 2693 555 2726 sinu
593 2691 878 2738 indulqentiaque

163 2740 327 2773 educatus
366 2745 434 2774 cet.
499 2740 628 2775 Vocem
668 2742 706 2774 in
746 2742 878 2786 9remio

162 2789 310 2831 sumpsit
339 2799 382 2821 ex
414 2788 599 2822 Ciceronis
625 2788 734 2823 Bruto
764 2800 794 2822 c.
809 2789 877 2823 58:

163 2836 306 2880 legimus
340 2837 501 2881 epistolas
533 2837 721 2872 Corneliae
755 2838 878 2871 matris

165 2885 405 2918 Gracchorum
412 2898 424 2928 ,-
440 2892 587 2931 apparet
603 2886 695 2930 filios
720 2898 792 2920 non
808 2892 878 2920 lam

161 2932 200 2964 in
224 2935 356 2977 yremio
396 2934 560 2968 educatos
593 2946 694 2979 quam
726 2936 764 2969 in
798 2947 877 2969 ser-

162 2991 261 3014 mone
287 2982 420 3016 matris.
451 2982 504 3017 Cf.
532 2989 652 3017 annot.
682 2983 724 3018 ad
754 2995 782 3018 c.
805 2984 858 3019 18.

388 1667 440 1699 12.
471 1668 601 1700 aetiam
628 1666 663 1710 P,
696 1668 835 1700 aeciam
861 1666 910 1700 F:
941 1666 1060 1700 Atiam
1085 1664 1283 1700 Ernestius.

159 1713 200 1747 lis
229 1717 317 1759 (nou
346 1714 442 1757 ullis)
472 1715 496 1748 P
527 1719 562 1749 et
588 1715 637 1749 F:
669 1716 778 1749 tacite
807 1716 963 1749 correxit
989 1714 1194 1748 Rhenanus.

704 1570 737 1604 3.
768 1569 840 1602 iam
864 1569 999 1614 pridem
1024 1568 1099 1602 FP:
1128 1570 1236 1603 tacite
1266 1569 1423 1603 correxit
1450 1568 1657 1603 Rhenanus.

157 1620 191 1651 4.
222 1617 315 1650 cella*
340 1617 375 1660 Ρ,
405 1617 529 1651 cellam
555 1617 607 1651 F:
635 1618 790 1652 correxit
818 1618 1048 1652 Puteolanus.

1151 1617 1185 1652 8.
1216 1618 1349 1652 soboles
1378 1616 1415 1652 P.
1521 1627 1589 1661 qua
1617 1616 1661 1651 P:

1374 1666 1427 1701 15.
1457 1670 1488 1699 et
1514 1667 1552 1699 in
1579 1665 1662 1699 nul-

1297 1714 1456 1761 parlibus
1483 1724 1661 1759 superscr.

1018 1897 1222 1931 Corneliam
1250 1896 1493 1932 Gracchorum
1522 1918 1567 1924 --
1585 1909 1663 1933 ma-

943 1952 1053 1981 trem.-
1084 1947 1234 1992 egregie
1276 1945 1422 1980 laudant
1452 1945 1663 1982 Plutarchus

943 1995 979 2028 in
1005 1994 1147 2028 Tiberio
1181 1994 1341 2028 Graccho
1380 1996 1419 2037 1,
1459 1993 1586 2030 Cicero
1625 1997 1661 2030 in

943 2043 1052 2075 Bruto
1080 2043 1139 2085 58,
1168 2042 1411 2084 Quintilianus
1437 2042 1452 2077 l
1482 2045 1498 2077 1
1526 2043 1560 2079 6.
1609 2044 1663 2079 De

944 2089 1094 2124 Aurelia
1122 2095 1234 2124 matre
1267 2090 1347 2124 tulii
1378 2089 1542 2125 Caesaris
1572 2091 1659 2126 Plu-

945 2138 1087 2172 tarchus
1115 2137 1218 2172 Caes.
1247 2138 1271 2174 9
1297 2143 1332 2172 et
1362 2140 1438 2182 10,
1465 2139 1659 2174 Suetonius

945 2187 1012 2229 743
1049 2186 1093 2220 de
1130 2187 1212 2220 Atia
1238 2187 1392 2232 Augusti
1426 2192 1536 2221 matre
1567 2189 1661 2223 sue-

945 2235 1064 2268 tonius
1091 2234 1185 2281 Aug.
1213 2235 1257 2269 4:
1293 2235 1378 2269 Atia
1414 2235 1540 2270 Marco
1579 2237 1659 2272 Atio

947 2283 1053 2318 Balbo
1081 2289 1112 2316 et
1141 2282 1235 2317 Iulia
1260 2293 1382 2317 sorore
1410 2283 1478 2318 Gai
1496 2285 1662 2320 Caesaris

943 2332 1063 2377 genita
1091 2336 1151 2365 est.
1191 2331 1363 2377 Virgilius
1388 2332 1479 2367 Aen.
1510 2333 1540 2366 V
1566 2333 1662 2370 568:

946 2379 1046 2414 Alter
1072 2379 1180 2425 Atys,
1221 2391 1330 2425 ⁸«lenus
1362 2380 1455 2414 unde
1485 2381 1561 2416 Acii
1597 2382 1663 2416 da-

944 2440 1029 2463 oeere
1057 2428 1190 2471 Latini,
1219 2428 1279 2462 ubi
1307 2428 1481 2463 Servius:
1518 2437 1664 2477 propter

946 2477 1065 2511 Atiam
1106 2477 1190 2510 dicit
1223 2482 1370 2511 matrem
1406 2477 1574 2523 Augusti,
1622 2479 1664 2513 de

946 2536 1015 2569 qua
1041 2524 1214 2558 Antonias
1242 2525 1293 2558 ait
1317 2525 1485 2559 ‘Aricina
1510 2529 1635 2560 mater’
1651 2539 1662 2560 .-

945 2573 1016 2607 vult
1045 2573 1137 2606 enim
1163 2573 1236 2606 eius
1263 2574 1368 2606 etlam
1384 2579 1580 2608 maternum
1597 2588 1662 2620 qe-

945 2633 1010 2655 nus
1052 2633 1124 2655 esse
1162 2621 1449 2665 antiquissimum.
1517 2623 1661 2670 Virgilii

946 2669 1126 2704 versiculo
1153 2669 1333 2704 scribendi
1361 2670 1452 2704 ratio
1468 2670 1554 2705 Atia
1577 2673 1661 2707 vin-

945 2718 1095 2761 dicatur,
1114 2718 1211 2752 Attia
1230 2723 1360 2762 autem,
1389 2724 1426 2752 ut
1453 2725 1507 2753 est
1530 2722 1567 2754 in
1582 2720 1663 2755 edi-

946 2767 990 2799 tis
1028 2767 1155 2800 Dionis
1193 2766 1458 2811 exemplaribus
1497 2768 1590 2803 XLV
1629 2771 1660 2812 1,

945 2817 1030 2848 satis
1055 2815 1277 2859 reprobatur.

991 2890 1189 2922 universum
1214 2887 1396 2921 hauriret.-
1424 2886 1458 2920 h.
1482 2898 1514 2921 e.
1532 2887 1660 2931 cupide

944 2936 1221 2981 amplecteretur
1246 2941 1281 2970 et
1305 2935 1516 2970 addisceret.
1545 2935 1605 2970 Sic
1629 2946 1659 2969 c.

943 2986 1012 3020 30:
1040 2997 1075 3019 se
1103 3006 1146 3012 —
1174 2985 1267 3031 apud
1292 2984 1479 3018 Diodotum
1508 2983 1662 3018 Stoicum
