1768 3216
1565 247 1615 292 'si

427 794 928 853 CORNELII
985 796 1332 854 TACITI

312 1034 315 1035 ⁷
703 959 1038 1013 VITA

191 1105 595 1164 IVLII
673 1110 1546 1168 AenlcoLAE.

550 1400 955 1443 BREVIARIVM
1003 1401 1189 1444 LIBRI.

260 1539 349 1586 Cap.
369 1540 487 1575 1—3:
515 1541 744 1576 Prooemium.
783 1542 840 1576 Ad
862 1542 1081 1587 prodendam
1104 1543 1242 1577 virtutis
1267 1544 1471 1578 memoriam
1485 1545 1618 1590 prioris

123 1599 205 1633 aem·
228 1599 387 1645 ingenia,
411 1601 488 1634 sine
514 1602 636 1647 qratia
659 1607 721 1636 aut
746 1602 945 1644 ambitione,
973 1602 1084 1635 bonae
1110 1608 1243 1636 tantum
1256 1604 1492 1638 conscientiae
1502 1605 1615 1649 pretio

126 1658 355 1702 ducebantur,
381 1671 426 1694 ac
446 1660 607 1706 plerique
631 1672 729 1695 suam
754 1662 822 1707 ipsi
845 1662 952 1695 vitam
976 1672 1133 1695 narrare
1154 1662 1321 1705 fiduciam
1343 1664 1457 1708 potius
1482 1674 1617 1697 morum

124 1730 227 1764 quam
251 1722 498 1766 arrogantiam
523 1721 690 1755 arbitrati
714 1727 805 1756 sunt.
861 1721 977 1755 Tacito
1013 1721 1168 1766 defuncti
1204 1723 1353 1756 hominis
1386 1725 1493 1757 vitam
1522 1724 1616 1757 scri-

121 1784 225 1825 pturo
248 1781 354 1814 venia
379 1791 463 1826 opus
486 1781 628 1825 suisset,
663 1781 732 1826 ipsi
761 1781 964 1826 periculosa
989 1792 1095 1825 eoque
1121 1793 1193 1814 non
1216 1783 1327 1827 petita
1354 1783 1420 1828 (1).
1471 1782 1616 1816 Scilicet

122 1838 257 1884 infesta
278 1844 361 1873 tunc
384 1840 567 1874 virtutibus
593 1846 750 1886 tempora
778 1846 811 1874 et
831 1841 998 1886 princeps
1023 1840 1251 1875 abominabili
1274 1843 1423 1876 saevitia
1454 1841 1617 1886 loquendi

127 1899 360 1944 audiendique
385 1901 627 1934 commercium
653 1901 866 1935 sustulerant
891 1901 958 1947 (2).
1010 1901 1080 1934 Sed
1104 1901 1223 1935 Nerea
1241 1902 1377 1935 Caesar
1391 1907 1423 1934 et
1444 1901 1616 1935 Traianus

123 1958 207 1992 novi
228 1970 274 1992 ac
301 1958 485 1994 laetissimi
510 1960 620 1994 seculi
638 1960 837 2006 primordia
863 1961 1058 2004 ostendunt,
1085 1967 1327 2006 auctoremque
1350 1961 1434 1995 libri
1457 1962 1530 1994 iam
1543 1971 1616 1994 non

120 2017 253 2063 piqebit
284 2017 341 2052 vel
370 2019 554 2053 incondita
587 2031 672 2053 voce
703 2020 906 2054 memoriam
937 2021 1069 2066 prioris
1105 2021 1280 2054 servitutis
1313 2032 1358 2054 ac
1388 2021 1619 2054 testimonium

122 2079 364 2123 praesentium
412 2079 580 2113 bonorum
607 2081 838 2126 composuisse
851 2093 864 2123 ‚·
904 2081 1046 2114 interim
1080 2080 1174 2114 edita
1197 2079 1388 2126 Aqricolae
1419 2081 1534 2113 soceri
1565 2080 1620 2113 sui

123 2139 198 2173 vita
220 2139 364 2185 pietatis
388 2140 506 2185 officio
531 2141 740 2184 satisfacere
761 2141 909 2174 intendit
935 2142 1003 2186 (3).

262 2199 350 2246 Cap.
375 2201 523 2235 4—17:
572 2200 764 2246 Agricolae
794 2202 867 2234 vita
902 2207 984 2235 ante
1020 2201 1230 2234 Britanniae
1265 2200 1616 2233 administrationem.

127 2257 176 2292 Ei
196 2259 319 2303 patria
345 2259 637 2292 Foroiuliensium
661 2260 824 2302 colonia,
851 2271 936 2293 acus
960 2271 1061 2303 eques
1088 2260 1268 2293 Romanus
1283 2285 1294 2301 ,
1316 2264 1421 2303 pater
1447 2258 1619 2291 senatorii

126 2317 283 2359 ordinis,
313 2318 424 2351 studio
451 2317 669 2362 eloquentiae
695 2321 955 2364 sapientiaeque
985 2324 1096 2351 notus.
1140 2318 1217 2362 Ipse
1245 2323 1323 2362 post
1354 2322 1619 2362 praematuram

123 2377 240 2422 patris
263 2382 409 2411 mortem
434 2378 471 2410 in
496 2378 576 2411 sinu
602 2383 634 2411 et
660 2377 880 2422 indulqentia
906 2378 1029 2410 matris
1051 2388 1116 2421 per
1144 2387 1276 2409 omnem
1305 2376 1529 2410 honestarum
1552 2386 1618 2409 ar-

125 2436 209 2469 tium
232 2435 361 2470 cultum
386 2436 552 2470 educatus
576 2442 637 2479 est,
663 2437 779 2470 statim
801 2436 970 2482 parvulus
993 2436 1107 2469 sedem
1131 2447 1176 2469 ac
1199 2437 1403 2480 maqistram
1426 2436 1619 2469 studiorum

126 2500 259 2544 nactus·
280 2495 555 2530 Massiliensium
581 2496 766 2530 coloniam.
820 2496 939 2529 Prima
964 2497 1002 2528 in
1027 2497 1169 2529 iuventa
1197 2495 1346 2529 studium
1373 2494 1616 2541 philosophiae

125 2555 246 2589 acrius
271 2554 461 2589 hausurum
491 2556 646 2589 coercuit
666 2556 854 2601 prudentia
878 2556 1013 2596 mat-ris,
1040 2566 1120 2588 moz-
1143 2556 1314 2600 mitiqavit
1337 2556 1429 2588 ratio
1457 2561 1488 2588 et
1506 2561 1615 2596 aetas,

126 2615 188 2649 sed
211 2616 356 2648 retinuit
391 2627 434 2648 ex
469 2617 646 2660 sapientia
681 2615 818 2648 modum
850 2617 916 2661 (4).
969 2616 1086 2648 Prima
1118 2621 1310 2648 castrorum
1341 2615 1540 2648 rudimenta
1578 2614 1615 2645 in

130 2675 321 2708 Britannia
346 2675 512 2708 Suetonio
538 2674 685 2708 Paulino
711 2674 870 2719 diligenti
900 2686 945 2708 ac
980 2675 1158 2720 moderato
1195 2675 1275 2708 duci
1312 2673 1517 2718 approbavit
1535 2699 1543 2713 ‚
1577 2673 1615 2704 in

127 2733 239 2767 dubiis
266 2733 368 2766 rebus
398 2734 550 2767 intentus
584 2739 782 2778 cautusque.
836 2735 890 2768 Ibi
916 2736 1070 2768 animum
1095 2735 1240 2767 intrarit
1274 2733 1438 2766 militaris
1478 2732 1616 2775 qloriac

127 2793 250 2838 cupido
290 2795 357 2839 (5).
409 2793 451 2826 In
491 2792 610 2826 urbem
645 2804 824 2838 regressus
858 2794 1047 2827 Domitiam
1080 2792 1269 2837 splendidis
1303 2790 1478 2823 natalibus
1504 2796 1617 2823 ortam

125 2851 193 2885 sibi
217 2851 343 2885 iunxit.
394 2852 480 2885 Sors
512 2857 720 2895 quaesturae
751 2853 974 2898 provinciam
1000 2851 1142 2891 Asiam,
1178 2849 1422 2895 proconsulem
1459 2848 1616 2882 Salvium

132 2911 303 2945 Titianum
331 2911 435 2945 dedit.
481 2911 702 2945 Tribunatum
725 2911 836 2958 plebis
862 2917 894 2945 et
915 2915 1121 2957 praeturam
1147 2910 1257 2954 quiete
1283 2914 1316 2942 et
1341 2909 1408 2942 otio
1435 2908 1616 2953 transegit,

126 2982 261 3018 gnarus
289 2970 350 3005 sub
376 2971 518 3006 Nerone
544 2976 745 3018 temporum.
782 2971 869 3007 Mox
893 2982 917 3005 a
944 2969 1058 3006 Galba
1087 2969 1237 3005 delectus
1262 2969 1311 3003 ad
1333 2967 1619 3014 recognoscenda

209 3050 332 3081 Tacitus
353 3048 407 3080 ιν.
1248 3034 1275 3077 6
