1768 3216
136 189 221 235 QG,
248 192 307 232 79.
609 192 746 231 LIBER
769 196 828 232 IV.
881 197 969 233 cir.
995 200 1153 239 43-46.
1571 203 1644 237 38⁷

134 309 258 359 etiam
288 309 327 351 si
356 314 688 354 reverterentur:
720 318 1010 356 accusatorum
1040 316 1213 372 ingenia
1243 321 1285 360 et
1319 329 1421 372 opes
1453 322 1494 361 et
1513 331 1643 361 exer-

134 383 218 431 cita
241 384 361 426 malis
395 386 552 428 artibus
580 387 765 441 potentia
796 388 1060 430 timebantur.

2 493 11 501 ,
65 453 122 494 45
270 459 574 516 Reconciliavit
614 461 826 516 paulisper
865 463 1001 505 studia
1036 468 1198 518 patrum
1238 465 1379 508 habita
1421 466 1464 508 in
1493 454 1642 510 senatu

137 533 325 588 cognitio
353 534 587 576 secundum
617 540 803 578 veterem
835 549 1008 579 morem.
1067 538 1245 581 Manlius
1276 540 1480 583 Patruitus
1510 555 1641 584 sena-

130 611 198 650 tor
225 607 430 662 pulsatum
461 622 508 651 se
537 610 578 651 in
610 610 776 652 colonia
793 612 987 654 Seniensi
1018 617 1142 655 coetu
1161 614 1434 657 multitudinis
1462 621 1503 659 et
1523 617 1639 660 iussu

130 683 444 737 magistratuum
484 685 735 738 querebatur
748 699 760 736 3
801 698 881 727 nec
929 686 1052 729 finem
1097 688 1277 731 iniuriae
1325 690 1396 732 hic
1441 692 1635 733 stetisse:

75 788 82 791 s
129 756 339 811 planctum
375 763 416 800 et
446 759 625 802 lamenta
654 764 695 802 et
724 762 1278 832 Qmaginem
1310 766 1524 818 praesenti
1554 766 1636 808 sibi

129 833 384 879 circumdata
412 847 504 876 cum
533 836 795 878 contumeliis
826 849 877 878 ac
906 837 1072 890 probris
1104 850 1210 892 quae
1235 832 1284 879 'in
1314 844 1503 882 senatum
1535 841 1636 882 uni-

129 921 295 952 versum
326 909 578 970 iacffirgntur.
640 911 787 952 Vocati
819 911 888 965 qui
918 901 1214 966 arguebant-ur,
1248 917 1288 955 et
1321 915 1489 969 cognita
1509 927 1635 956 causa

130 984 180 1027 in
203 983 421 1027 convictos
454 984 723 1027 vindicatum.
773 985 1056 1040 Additumque
1085 991 1256 1030 senatus
1288 988 1521 1030 consultum
1553 1001 1689 1042 quoio

129 1058 395 1102 Seniensium
436 1059 582 1113 plebes
633 1060 870 1123 modestiae
903 1060 1227 1113 admoneretur.
1297 1061 1435 1104 Isdem
1489 1062 1635 1105 diebus
1660 1054 1721 1120 5¹22
1766 1120 1768 1124 ,

0 1123 108 1204 »sy
128 1133 335 1177 Antonius
367 1133 548 1176 Flamma
579 1115 899 1211 Cyrenensibus
920 1136 1138 1201 damnatur
1166 1135 1263 1191 lege
1296 1136 1666 1190 repetundarum,
1650 1134 1768 1240 ,Q

0 1220 70 1235 Λ
133 1213 176 1250 et
205 1209 332 1251 exilio
366 1209 420 1250 ob
451 1210 686 1251 saevitiam.

60 1289 118 1329 46
266 1283 378 1325 Inter
408 1295 515 1338 quae
546 1284 737 1326 militaris
769 1284 923 1326 seditio
957 1296 1088 1339 prope
1107 1285 1279 1327 exarsit.
1324 1285 1635 1327 Praetorianam
1658 1304 1755 1354 ιρι,

118 1358 319 1412 'militiam
346 1359 590 1414 repetebant
619 1373 643 1401 a
674 1359 840 1401 Vitellio
880 1359 1066 1412 dimissi,
1113 1372 1189 1414 pro
1227 1360 1486 1414 Vespasiano
1528 1373 1687 1404 con-1⁵
1713 1369 1759 1378 “

126 1434 314 1490 gregati3
346 1427 387 1475 et
414 1434 547 1476 lectus
578 1434 620 1476 in
652 1433 828 1476 eandem
847 1447 963 1488 spem
982 1448 1005 1476 e
1026 1434 1265 1490 legionibus
1285 1435 1405 1477 miles
1428 1435 1635 1489 promissa

127 1508 332 1563 stipendia
361 1508 602 1564 flagitabat:
647 1521 701 1550 ne
744 1508 953 1550 Vitelliani
987 1509 1155 1563 quidem
1186 1509 1280 1551 sine
1310 1509 1392 1551 ulla
1438 1510 1635 1568 mercede

152 1592 155 1594 ‚
1209 1596 1230 1636 ῧ
1240 1609 1267 1637 22
1283 1576 1567 1640 saiz-{widuk
1598 1587 1669 1637 &9
1680 1574 1722 1629 ἓ

266 1659 297 1691 1.
336 1662 526 1690 reverterte
554 1657 609 1700 (in
637 1667 762 1691 versus
788 1656 877 1703 fine)
908 1662 1033 1690 rentur
1058 1655 1124 1690 Ma.
1226 1657 1259 1691 5.
1294 1657 1459 1690 Seniensi
1486 1661 1521 1690 et
1550 1667 1633 1691 mox

126 1706 349 1740 Seniensium
387 1703 461 1748 Ma,
502 1705 675 1739 semhensi
712 1708 741 1751 (ἰ
766 1716 873 1750 super
898 1717 932 1738 m
969 1707 1177 1751 ascriptum)
1220 1710 1256 1739 et
1282 1715 1364 1738 mox
1389 1705 1564 1739 senesiam
1591 1705 1629 1739 G.

127 1759 230 1788 caetu
256 1754 319 1788 Ma.
417 1754 449 1788 7.
488 1765 696 1809 supmormn
730 1753 792 1787 ma.
896 1755 930 1788 8.
965 1765 1010 1787 ac
1036 1753 1140 1788 Gna:
1184 1760 1215 1788 et
1243 1754 1474 1788 Puteolanus.
1575 1755 1630 1788 12.

127 1803 328 1848 eyn-ensibus
358 1800 414 1836 w
451 1806 486 1836 et
521 1802 548 1836 G
584 1802 653 1847 (ibi
681 1803 717 1836 in
744 1807 904 1836 extremo
931 1814 1037 1837 versu
1076 1814 1139 1847 cy,
1187 1803 1222 1836 iu
1261 1803 1413 1847 proximi
1454 1802 1631 1846 principio

126 1851 320 1896 rensibusJ:
347 1851 456 1885 tacite
483 1851 639 1885 correxit
665 1851 870 1886 Rhenanus,
949 1853 1005 1886 13.
1032 1852 1132 1885 seuit.
1159 1849 1224 1885 Ma.
1291 1852 1345 1886 17.
1373 1850 1448 1884 ulla
1472 1851 1632 1885 mercede

128 1899 264 1936 editor:
291 1900 437 1934 codices
461 1899 570 1934 ηιιιὶια
596 1899 716 1934 caede.

1659 742 1768 775 m<

1678 795 1768 843 cum

1727 1254 1747 1273 ζ

127 2039 217 2074 quae
261 2027 530 2073 coquominatur
584 2027 841 2070 Etruscorum,
912 2027 1013 2073 gitur
1038 2027 1115 2061 sine
1142 2025 1252 2060 multa
1279 2025 1398 2059 caede.
1430 2025 1554 2059 Sermo
1578 2030 1633 2059 est

127 2077 244 2111 Lucus
274 2075 459 2119 Feroniae,
488 2075 705 2118 Rusellana,
733 2076 841 2110 Sem‘-

127 2125 220 2160 ensis
244 2125 318 2170 (sic
346 2124 427 2159 libri
453 2125 656 2171 meliores),
679 2125 840 2158 Sutrium.

127 2173 295 2219 Umbriae
322 2174 503 2207 civitatem
532 2174 690 2207 nominat
711 2173 839 2208 Strabo

127 2223 156 2258 V
180 2223 204 2258 2
229 2223 267 2264 δ.
298 2222 341 2258 10
368 2233 403 2266 p.
422 2223 504 2258 227.

197 2280 286 2314 quae
309 2271 349 2304 in
376 2278 534 2305 senatum
556 2273 757 2305 universum
784 2272 842 2305 ia-

129 2323 314 2354 cerentur:
348 2319 600 2353 coniunctivns
626 2321 840 2354 sententiam

128 2367 306 2402 senatoris
332 2367 376 2401 de
403 2368 438 2401 vi
466 2373 501 2401 et
535 2372 661 2401 natura
688 2367 838 2412 probro-

127 2426 203 2451 rum
230 2417 267 2450 in
296 2427 336 2450 se
362 2417 534 2450 iactorum
564 2418 781 2461 pronuntiat.

218 2463 303 2509 Cap.
337 2464 396 2500 46.
450 2477 473 2499 a
514 2464 649 2499 Vitellio
684 2466 840 2506 dimissi,

123 2524 192 2559 pro
225 2512 438 2558 Vespasiano
464 2514 691 2558 conyreqati:
738 2513 778 2548 ll.
813 2513 840 2547 ll

126 2561 172 2596 67
201 2565 236 2594 et
261 2562 310 2597 82
337 2567 372 2596 et
398 2562 458 2604 96,
485 2562 533 2596 ltl
558 2564 604 2597 23
631 2567 665 2596 et
693 2564 751 2598 24.

198 2609 307 2644 lectus
331 2611 368 2643 in
393 2611 539 2644 eandem
565 2623 659 2657 spem
686 2624 702 2644 e
729 2611 841 2656 legio-

127 2657 229 2691 nibus
254 2658 371 2693 miles.-
415 2664 497 2692 sunt
535 2659 715 2693 vexillarii
741 2669 841 2692 com-

129 2705 315 2740 memorati
342 2706 384 2740 11.
412 2706 442 2740 11
465 2707 525 2741 83.
565 2706 723 2741 Ernestii
751 2717 841 2741 con-

131 2755 268 2788 iectura
293 2753 428 2788 illectus
455 2755 544 2789 falsa
572 2760 638 2789 est.
755 2767 842 2800 pro-

129 2803 237 2836 missa
262 2803 459 2849 stipendia.-
498 2803 586 2836 duos
613 2803 779 2839 denarios
807 2805 841 2837 in

132 2850 247 2894 diem3
278 2862 312 2886 v.
340 2851 353 2885 l
385 2853 438 2887 17.

203 2910 246 2933 voe
283 2900 460 2934 Vitelliani
495 2899 631 2944 quidem
669 2902 744 2934 siue
769 2899 843 2934 ulla

132 2948 291 2983 mercede
317 2948 404 2996 peut
422 2954 611 2996 poterant:
649 2948 759 2995 vulgo
786 2947 843 2982 lc-

914 2075 958 2109 de
986 2075 1191 2109 Vitellianis
1208 2101 1218 2118 ,
1248 2084 1397 2120 quorum
1424 2073 1560 2108 deditio
1587 2073 1629 2107 H.

911 2123 960 2158 lv
987 2126 1010 2159 2
1036 2129 1219 2166 narratur,
1262 2128 1335 2156 tum
1361 2124 1421 2168 qui
1448 2133 1492 2156 ex
1519 2133 1626 2167 prae-

912 2172 1210 2206 tonianisVitellii
1237 2171 1446 2205 cohortibus
1474 2181 1537 2214 per
1566 2181 1629 2203 ur-

911 2221 993 2256 bem
1026 2222 1178 2269 dispersi
1217 2219 1397 2262 latebant,
1451 2220 1557 2252 etiam
1586 2219 1630 2252 iis

913 2271 973 2315 qui
1002 2270 1155 2304 Narniae
1195 2273 1232 2302 et
1260 2268 1483 2301 Interamnae
1509 2266 1631 2300 subsi-

913 2323 1007 2351 stere
1036 2318 1122 2351 iussi
1164 2316 1304 2360 (11.111
1330 2316 1396 2361 63)
1439 2319 1533 2348 sunt.
1587 2315 1630 2348 Hi

915 2369 1070 2400 inermes
1098 2365 1291 2410 pavidique
1319 2364 1407 2408 pelli
1423 2364 1502 2397 sine
1519 2363 1630 2397 caede

916 2415 1008 2448 haud
1052 2414 1160 2448 dubie
1204 2417 1390 2457 poterant,
1434 2411 1498 2445 sed
1536 2411 1630 2455 pulsi

916 2468 1097 2497 extremae
1136 2463 1344 2496 necessitati
1387 2459 1628 2502 tradebantur,

915 2511 1008 2557 qnod
1049 2511 1278 2546 inhumanum
1317 2514 1392 2543 erat
1420 2514 1454 2542 et
1483 2510 1629 2552 pericu-

916 2561 1043 2594 losum.
1094 2559 1218 2604 Neque
1256 2569 1342 2592 vero
1378 2557 1421 2591 de
1458 2556 1567 2590 caede
1595 2562 1630 2589 et

914 2610 1090 2654 sanguine
1116 2619 1212 2641 nunc
1238 2606 1409 2652 loquendi
1433 2605 1534 2638 locus
1562 2610 1628 2644 est,

914 2658 977 2692 sed
1005 2657 1048 2691 de
1067 2657 1218 2702 pecunia
1234 2655 1507 2699 stipendiisque
1537 2652 1629 2693 Quid

915 2706 1055 2740 multa?
1089 2705 1300 2738 Litterarum
1328 2701 1455 2736 similis
1482 2700 1630 2734 aberra-

916 2756 965 2787 tio
997 2759 1030 2787 et
1058 2753 1278 2797 perturbatio
1301 2750 1335 2783 h.
1359 2750 1381 2783 1.
1403 2749 1533 2782 accidit
1560 2748 1627 2791 illi,

916 2813 1019 2847 quam
1049 2807 1083 2834 et
1110 2800 1194 2834 alibi
1223 2801 1258 2832 in
1284 2797 1335 2832 ³1²¹
1362 2802 1400 2830 et
1427 2808 1457 2830 c.
1485 2796 1532 2831 42
1561 2796 1629 2830 ob-

916 2850 1138 2883 serv-minius
1166 2847 1234 2890 (ibi
1263 2846 1469 2881 anscalutem
1485 2855 1548 2889 pro
1569 2851 1630 2878 ant

916 2898 1092 2941 salutem).
1146 2897 1204 2929 Sic
1241 2896 1275 2929 in
1312 2894 1366 2928 his
1405 2893 1524 2928 verbis
1549 2906 1583 2927 m
1608 2904 1629 2927 a

917 2945 1023 2981 caede
1050 2943 1108 2980 vel
1136 2943 1218 2979 cede
1244 2943 1425 2979 aberravit
1447 2941 1491 2978 ad
1507 2940 1627 2985 multa,
