1768 3216
754 226 1064 268 fflsroutAthu

163 239 235 277 394
1456 238 1489 263 a.
1516 236 1552 266 ιι.
1577 225 1665 265 822.

165 354 331 400 Rhenus
359 349 490 392 amnis
521 351 680 400 ter-gum
712 357 762 387 ac
792 345 925 387 latera
955 343 1220 396 circumluit3
1265 356 1346 388 nec
1389 344 1536 400 opibus
1576 345 1666 392 Ro-

166 427 311 475 manis,
344 422 545 464 societate
575 419 837 472 validiorum,
871 419 997 462 attriti
1024 419 1141 460 viros
1171 422 1328 460 tantum
1354 431 1552 473 armaque
1580 419 1665 468 im-

164 499 278 555 perio
310 496 570 547 ministrant,
615 494 685 543 diu
717 494 977 539 Germanicis
1009 494 1130 536 bellis
1163 493 1367 546 exerciti,
1417 505 1516 536 mox
1545 498 1666 538 aucta

161 570 235 626 per
271 562 526 617 Britanniam
556 569 711 624 gloria,
745 568 1002 615 transmissis
1033 568 1131 610 illuc
1164 568 1421 621 cohortibuS,
1456 580 1560 623 quas
1588 581 1668 611 ve-

63 695 65 699 r
131 635 251 689 stere
283 646 467 687 instituto
502 644 753 690 nobilissimi
783 643 1041 698 popularium
1074 643 1294 698 regebant.
1352 644 1453 687 Erat
1483 647 1524 685 et
1553 643 1666 687 domi

57 705 67 737 7
104 720 350 767 *delectus
385 731 529 774 eques,
567 719 795 773 praecipuo
828 718 955 761 nandi
987 718 1139 771 studio,
1174 731 1287 761 arma
1320 730 1534 774 equosque
1562 720 1669 763 reti-

48 780 55 791 ’
162 809 265 838 nens
308 795 483 849 integris
508 794 671 841 'turmis
710 794 899 842 Rhenum
940 805 1223 858 perr-iungere.
1286 794 1410 836 lulius
1438 794 1587 839 Paulus
1629 799 1737 838 et13

162 871 286 912 Iulius
315 869 482 920 Civilis,
527 868 647 922 regia
679 868 830 922 stirpe,
865 869 992 911 multo
1027 873 1191 910 ceteros
1218 868 1442 910 anteibant.
1501 869 1666 911 Paulum

162 944 356 986 Fonteius
388 942 531 996 Capito
564 942 671 987 salso
703 942 948 986 rebellionis
981 943 1156 985 crimine
1196 943 1419 986 interfecit.
1481 944 1664 988 Iniectae

113 1031 149 1058 ιο
162 1018 281 1060 Civili
311 1021 483 1059 catenae
502 1048 513 1068 ,
558 1017 794 1070 missusque
833 1017 886 1061 ad
917 1018 1127 1060 Neronem
1165 1022 1205 1058 et
1236 1030 1259 1059 a
1292 1018 1422 1061 Galba
1452 1018 1667 1061 absolutus

164 1093 240 1133 sub
271 1091 436 1134 Vitellio
467 1103 610 1132 rursus
643 1090 871 1133 discrimen
904 1091 1011 1143 adit,
1060 1091 1274 1146 flagitante
1300 1091 1544 1146 supplicium
1577 1093 1666 1135 eius

163 1166 363 1208 exercitu.
413 1165 513 1207 Inde
544 1177 695 1210 causae
726 1166 894 1218 irarum,
928 1178 1108 1219 spesque
1139 1178 1192 1207 ex
1224 1166 1342 1208 malis
1369 1167 1538 1211 nostris.
1582 1167 1666 1209 Sed

163 1240 303 1281 Civilis
335 1239 439 1280 ultra
472 1252 592 1292 quam
622 1239 813 1281 barbaris
844 1239 1010 1281 solitum
1043 1239 1216 1294 ingenio
1250 1240 1417 1302 sollers,
1449 1244 1491 1282 et
1518 1240 1668 1287 Serto·
1743 1287 1747 1290 ,

160 1314 263 1355 rium
296 1326 343 1355 se
374 1318 442 1358 aut
472 1313 721 1355 Annibalem
751 1314 892 1355 serens
924 1313 1049 1355 simili
1081 1304 1167 1356 oris
1198 1302 1589 1368 dehonestamento,
1611 1327 1665 1358 ne
1688 1293 1768 1371 9¹⁴1·

112 1392 204 1430 istit
233 1388 344 1429 hosti
371 1388 533 1428 obviam
567 1388 710 1440 iretur,
742 1388 776 1430 si
809 1401 832 1430 a
862 1388 1011 1442 populo
1037 1390 1225 1431 Romano
1244 1388 1379 1443 palam
1402 1389 1665 1443 descivisset,
1691 1368 1768 1393 ’Μ

161 1462 407 1515 Vespasiani
440 1462 661 1503 amicitiam
693 1462 957 1516 studiumque
998 1464 1172 1516 partium
1219 1464 1480 1517 praetendit,
1528 1464 1667 1507 missis

160 1548 262 1577 sane
293 1536 343 1578 ad
378 1549 469 1578 eum
513 1536 637 1577 Primi
682 1537 856 1578 Antonii
897 1537 1060 1590 litteris,
1109 1538 1256 1592 quibus
1300 1543 1492 1582 avertere
1533 1540 1667 1582 accita

159 1609 324 1650 Vitellio
357 1609 510 1651 auxilia
543 1613 582 1651 et
609 1610 803 1652 tumultus
837 1611 1077 1653 Germanici
1111 1613 1253 1666 specie
1283 1617 1495 1656 retentare
1525 1613 1667 1670 legio-

302 1746 336 1779 2.
364 1745 487 1778 adtriti
513 1744 578 1788 Ma,
609 1748 743 1781 atteriti
770 1747 827 1782 G.'

158 1791 266 1827 Gttla:
295 1798 493 1827 correctum
521 1795 615 1828 inest
646 1795 740 1830 Harl.
771 1796 861 1843 Reg.
944 1797 978 1832 6.
1007 1809 1131 1831 armac
1158 1809 1307 1843 quosque
1334 1797 1400 1833 Ma.

157 1841 293 1875 editor:
320 1841 373 1876 Ma
399 1841 579 1884 claudius,
610 1843 636 1877 G
663 1843 810 1878 eladius.
928 1845 1054 1880 mullos
1081 1844 1153 1880 Ma:
1191 1846 1219 1880 G
1244 1847 1362 1882 multo.
1492 1849 1547 1882 11.
1576 1848 1665 1883 adiit

155 1889 196 1922 Β.
275 1891 328 1924 14.
355 1890 451 1923 haud
474 1892 677 1926 annibalem
703 1891 769 1935 Ma,
798 1899 858 1927 aut
885 1893 1087 1928 hanibalem
1113 1895 1165 1941 (in
1191 1895 1300 1929 litura
1328 1900 1362 1930 et
1389 1906 1409 1930 a
1437 1905 1511 1931 sec.
1539 1899 1663 1943 manu)

158 1937 196 1971 G.
249 1938 295 1972 cf.
327 1937 368 1971 H.
396 1939 418 1973 3
445 1938 504 1973 34.
564 1940 615 1974 17.
647 1946 825 1976 auerteret
849 1940 927 1975 Ma:
955 1948 1118 1977 auertere
1146 1953 1188 1987 pr
1215 1943 1254 1977 G.
1289 1977 1293 1980 .

884 1752 920 1784 4.
952 1748 1045 1783 brice.
1076 1748 1141 1783 Ma.
1215 1749 1334 1795 qlorici
1358 1748 1424 1785 Ma.
1501 1752 1535 1787 5.
1564 1757 1668 1787 orant

1488 1799 1524 1835 8.
1555 1799 1666 1835 lulius

158 2067 236 2091 cum
254 2062 380 2092 natura
400 2057 498 2092 illius
517 2059 668 2103 insulae,
690 2072 782 2105 quae
805 2072 874 2095 non

155 2105 255 2139 vadis
282 2106 399 2140 cincta
427 2112 492 2150 est,
519 2108 582 2142 sed
609 2109 689 2143 altis
716 2110 875 2145 flumini-

156 2154 222 2188 bus
252 2154 471 2189 circumflua.

247 2214 346 2237 mare
386 2203 612 2251 [Oceanmssx
657 2205 874 2252 simulatque

157 2251 303 2299 antiqua
336 2256 371 2285 et
406 2262 492 2286 vera
529 2254 705 2298 scriptura
740 2265 784 2288 ex
821 2255 873 2289 Ma

156 2301 322 2333 restituta
347 2305 412 2343 est,
440 2301 560 2346 glossa
575 2302 728 2346 peritum
743 2302 873 2338 fallere

156 2358 227 2381 non
254 2353 384 2392 potest.
426 2349 533 2382 Suum
561 2350 738 2384 Oceanum
766 2353 872 2386 etiam

156 2406 239 2429 mox
288 2398 348 2441 (c.
390 2397 460 2443 15)
512 2397 645 2432 addidit
681 2399 870 2446 glossator.

157 2443 261 2477 Mare
289 2444 478 2488 Oceanum,
508 2451 546 2479 ut
574 2447 609 2479 in
637 2446 738 2481 libris
768 2449 872 2483 dete-

155 2491 322 2534 rioribuS‚
349 2492 546 2527 'l'acitinum
573 2504 644 2528 non
672 2500 752 2529 est:
791 2508 871 2531 nani

155 2541 191 2572 in
219 2540 338 2585 verbis
367 2540 421 2574 19
446 2543 540 2575 mari
554 2542 694 2577 Oceano
721 2544 871 2579 alterum

154 2598 286 2622 nomen
312 2593 366 2622 est
401 2590 437 2622 in
465 2592 693 2634 appositione
732 2598 767 2626 et
792 2604 872 2627 ser-

155 2637 207 2670 vit
236 2636 482 2681 explicationi.
529 2638 630 2674 Nunc
654 2640 748 2685 quod
774 2652 871 2676 mare

155 2684 304 2727 dicatur,
333 2696 377 2719 ex
404 2686 580 2721 adiunctis
606 2689 692 2723 satis
717 2688 843 2734 liquet.

233 2733 376 2767 Rhenus
418 2735 532 2768 martis
567 2757 611 2763 --
652 2737 870 2773 circinatae.-

153 2780 316 2815 Rhenum
347 2781 415 2815 hoe
442 2782 522 2817 loco
549 2785 637 2820 dicit
669 2796 739 2819 non
766 2787 870 2821 modo

154 2839 235 2862 eum
271 2831 330 2874 qui
367 2833 511 2876 proprie
548 2833 771 2878 appellatur,
807 2832 870 2870 se'd

153 2876 273 2918 simul*
297 2877 488 2922 vahalem,
533 2883 594 2926 qui
630 2893 709 2917 cum
743 2883 869 2919 Rheno
906 2890 909 2893 '

152 2923 305 2959 insulam
330 2925 543 2962 Batavorum
561 2931 776 2967 circumluit.
814 2931 868 2967 Of.

154 2970 273 3008 annot.
301 2972 345 3008 ad
370 2973 401 3010 11
425 2975 448 3011 6
476 2980 511 3010 et
538 2977 580 3013 H.
611 2978 641 3013 V
671 2979 726 3015 19.

1019 2074 1085 2096 nec
1118 2063 1237 2109 opibus
1263 2065 1434 2099 Romanis
1452 2090 1462 2106 ‚
1498 2066 1665 2103 societate

946 2110 1178 2153 validiorum,
1204 2113 1338 2146 attriti.-
1382 2114 1416 2146 in
1444 2113 1570 2149 libello
1599 2126 1665 2151 eo-

946 2159 1026 2194 dem
1055 2171 1134 2194 cum
1161 2160 1330 2201 Historiis
1366 2166 1527 2207 tempore
1555 2163 1664 2208 edito,

947 2206 1062 2243 Germ.
1081 2209 1152 2244 29:
1179 2220 1245 2243 nec
1270 2209 1407 2245 tributis
1433 2217 1666 2246 contemnun-

948 2261 1030 2299 tur,
1063 2268 1130 2291 nec
1151 2257 1362 2303 publicanus
1394 2260 1526 2294 atterit.
1579 2260 1663 2296 Ple-

944 2314 1093 2350 rumque
1109 2310 1310 2340 atteruntur
1323 2307 1474 2342 invalidi
1497 2319 1575 2342 cum
1596 2319 1664 2344 va-

944 2352 1025 2386 lidis
1064 2354 1239 2389 societate
1278 2355 1422 2389 iuncti:
1458 2355 1602 2392 Batavis
1628 2357 1665 2391 id

941 2410 1013 2434 non
1041 2402 1183 2437 accidit.

1015 2450 1074 2484 diu
1107 2451 1327 2485 Germanicis
1360 2452 1458 2486 bellis
1493 2455 1664 2490 exerciti:

943 2497 1127 2544 intelligas
1153 2509 1196 2533 ea
1232 2510 1323 2544 quae
1349 2499 1485 2535 Drusus
1501 2528 1510 2544 ,
1555 2502 1663 2538 Tibe-

943 2546 1037 2588 rius,
1087 2546 1316 2581 Germanicus
1359 2559 1535 2594 gessere3
1583 2562 1664 2585 mox

943 2594 1091 2638 respicit
1133 2600 1293 2640 tempora
1330 2595 1468 2631 Claudii
1497 2596 1661 2634 Caesaris

943 2646 979 2675 et
1006 2642 1273 2686 expeditionem
1299 2645 1553 2681 Britannicam.

1033 2697 1111 2725 erat
1147 2698 1179 2725 et
1213 2692 1306 2727 domi
1338 2693 1491 2728 delectus
1533 2706 1660 2741 eques:

943 2750 1043 2784 eques
1080 2741 1273 2784 opponitur
1311 2741 1546 2777 cohortibus:
1580 2755 1659 2779 nam

942 2789 978 2821 iu
1005 2788 1212 2823 cohortibus
1238 2799 1308 2825 non
1334 2791 1404 2824 nisi
1430 2791 1554 2836 pedes.

1025 2838 1216 2884 praecipuo
1254 2838 1367 2872 nandi
1398 2840 1532 2873 studio.-
1567 2841 1659 2876 effe-

944 2889 1037 2918 ctum
1065 2884 1171 2920 huius
1207 2886 1315 2920 studii
1350 2887 1574 2933 subsequens
1600 2889 1660 2922 in-

941 2932 1101 2967 finitivus
1126 2945 1353 2980 perrumpere
1379 2935 1552 2971 describit
1586 2937 1658 2984 (die

941 2981 1001 3016 mit
1025 2981 1282 3030 vormqlichem
1293 2982 1400 3029 Eifer
1413 2984 1477 3020 das
1490 2984 1660 3031 Schmin-2
