1768 3216
148 237 220 270 398
727 229 1040 268 utsTORlARVM
1425 242 1457 267 a.
1486 241 1522 267 u.
1550 231 1636 268 823.

148 356 192 393 ut
222 351 433 402 elicerent,
463 348 777 391 lacessentibus,
841 348 1082 403 Absumptis
1115 360 1219 403 quae
1250 347 1474 400 iaciuntur,
1504 352 1546 390 et
1574 351 1720 393 sir—18

151 427 348 467 ‹lescente
391 436 540 478 pugna,
591 435 838 477 procursum
880 423 931 465 ab
986 423 1106 466 hoste
1155 424 1359 466 infestius.
1432 423 1649 466 Immensis

150 499 395 553 corporibus
428 503 469 540 et
497 498 739 553 praelongis
771 498 902 541 hastis
928 498 1155 540 fluitantem
1174 498 1461 559 labantemque
1480 498 1651 540 militem

149 574 306 615 eminus
341 573 579 625 fodiebant3
621 573 741 615 simul
784 587 806 615 e
844 551 1435 628 moleffluctarnssn
1461 572 1649 616 Rhenum

118 648 402 701 srettulimus‚
442 647 741 691 Bructerorum
781 661 937 691 cuneus
970 649 1205 691 tranatavit.
1266 649 1444 691 Turbata
1475 647 1533 689 ibi
1563 654 1648 700 res,

150 727 189 764 et
219 723 452 777 pellebatur
483 724 694 765 sociarum
729 724 962 765 cohortium
985 724 1114 776 acies,
1151 735 1243 765 cum
1262 723 1452 778 legiones
1470 733 1649 777 pugnam

153 798 393 852 excipiunt,
437 810 742 853 suppressaque
781 799 960 840 hostium
1004 799 1164 841 ferocia
1196 798 1398 852 proelium
1439 800 1651 851 aequatur.

148 875 258 915 Inter
302 886 408 927 quae
449 874 624 928 perfuga
669 874 848 916 Batavus
890 874 989 916 adiit
1038 873 1266 922 Cerialem,
1308 876 1459 949 terga
1472 871 1652 931 hostium

146 949 403 1008 promittenS,
435 948 471 990 si
502 953 688 990 extremo
721 949 882 1003 paludis
916 961 1044 1003 eques
1077 949 1331 991 mitteretur:
1339 934 1649 1010 sfflirffinrilla,

96 1027 189 1067 ioet
227 1022 471 1078 Gugernos,
513 1008 664 1076 quibus
711 1011 900 1065 custodia
940 1023 1210 1075 obvenisset,
1258 1004 1644 1077 patrumm—tentos,

148 1097 263 1138 Duae
295 1097 384 1139 alae
418 1109 509 1138 cum
536 1097 712 1153 perfuga
739 1098 892 1140 missae
924 1097 1089 1139 incauto
1120 1097 1230 1139 hosti
1249 1096 1648 1139 circumfunduntur.

150 1171 268 1220 Quod
307 1172 377 1212 ubi
419 1172 602 1214 clamore
644 1173 885 1227 cognitum,
932 1172 1122 1226 legiones
1165 1183 1187 1212 a
1229 1172 1367 1214 sronte
1406 1171 1649 1222 incubuere,

148 1245 335 1300 pulsique
367 1246 563 1289 Germani
593 1247 780 1290 Rhenum
813 1247 911 1302 suga
941 1246 1151 1300 petebant.
1211 1245 1470 1288 Debellatum
1501 1257 1552 1287 eo
1583 1244 1651 1287 die

1574 1328 1596 1346 Ι

289 1414 319 1447 1.
349 1411 600 1448 lacescentibus
629 1411 704 1447 Ma:
733 1414 760 1447 G
787 1413 1049 1447 lacessentibus.
1134 1412 1389 1458 absumptisque
1413 1410 1479 1455 Ma,
1506 1411 1648 1446 absum-

146 1463 214 1507 ptis
241 1473 303 1506 que
330 1461 368 1496 G.
470 1464 502 1497 2.
533 1463 616 1495 inm.
646 1461 709 1496 Ma.
810 1464 845 1497 3.
880 1463 965 1496 ustis
991 1460 1070 1495 Ma:
1100 1461 1126 1495 G
1153 1461 1275 1495 hastis.
1360 1462 1394 1496 5.
1420 1460 1523 1495 retul.
1555 1459 1650 1495 Gltla.

149 1510 182 1544 7.
213 1522 263 1555 eq.
296 1510 359 1544 Ma.
447 1511 501 1545 10.
532 1511 712 1556 Guyernos
739 1510 773 1545 h.
802 1510 825 1545 l.
855 1509 950 1545 Gilia.
1045 1511 1100 1544 11.
1132 1510 1195 1544 due
1225 1509 1282 1543 ale
1311 1507 1375 1543 Ma.
1459 1509 1560 1543 misse
1586 1506 1650 1543 Ma.

149 1670 281 1698 vestros
310 1670 341 1699 et
367 1671 524 1711 posteros
561 1667 725 1711 coqitate.
768 1666 867 1702 Inter

149 1714 301 1747 maiores
330 1713 489 1748 breviter
515 1716 671 1758 positum
703 1725 766 1760 pro
792 1717 865 1749 ‘iu-

151 1767 205 1795 ter
242 1761 318 1795 dies
351 1773 371 1796 a
411 1763 604 1796 maioribus
642 1766 781 1809 magnis
810 1765 866 1798 fa-

153 1810 333 1844 cinoribus
360 1811 588 1845 celebratos?
633 1812 768 1846 Posteri
800 1824 866 1846 au-

154 1864 223 1892 tem
251 1870 269 1892 a
298 1859 398 1894 clade
417 1859 522 1894 huius
550 1860 621 1894 diei
646 1862 867 1907 ignominiae

154 1908 369 1952 principium
395 1909 645 1943 numerabunt.

226 1955 310 1999 Cap.
344 1955 397 1989 18.
451 1958 644 2001 fluitantem
670 1958 867 1992 labantem-

154 2014 216 2046 que
243 2003 404 2037 militem:
440 2004 474 2038 h.
501 2016 533 2039 e.
570 2006 689 2039 stabili
718 2006 798 2040 loco
833 2011 867 2040 et

153 2051 268 2085 solido
289 2053 323 2085 in
347 2054 479 2096 campis
498 2053 727 2088 humentibus
752 2066 867 2100 egen-

154 2104 236 2133 tem.
294 2100 396 2134 Miles
422 2106 539 2135 autem
565 2102 670 2135 modo
696 2103 866 2146 fluitabat,

156 2147 216 2180 ubi
245 2147 348 2181 undis
373 2148 534 2183 sublatus
566 2156 652 2193 erat,
678 2151 782 2184 modo
811 2151 868 2184 la-

154 2196 268 2239 babat,
302 2197 361 2230 ubi
388 2197 425 2230 in
456 2197 632 2232 lubricum
655 2200 840 2234 inciderat.

225 2245 445 2281 rettulimus:
473 2258 502 2279 c.
538 2249 592 2282 14.
722 2247 869 2282 solidum

154 2292 242 2327 ilta:
270 2294 321 2327 sic
348 2293 379 2327 ΙΙ
414 2295 480 2328 17:
506 2295 570 2329 itta
595 2302 771 2341 rupturus.

226 2341 386 2376 Rhenum
423 2344 510 2388 fuya
544 2345 743 2389 petebant:
788 2344 869 2378 loca

156 2391 316 2433 proxime
343 2390 505 2424 Rhenum
530 2391 729 2426 humidiora
755 2399 866 2437 eraut,

157 2448 259 2482 quam
300 2443 338 2470 ut
372 2439 520 2473 Romani
558 2442 659 2485 sequi
701 2447 867 2485 possent3

156 2486 287 2519 ibidem
309 2487 416 2520 etiam
435 2488 566 2522 Vetera
590 2489 771 2532 oppidum,
799 2501 868 2534 quo

158 2533 284 2568 Civilis
314 2546 392 2568 cum
420 2537 493 2569 suis
518 2547 556 2570 se
583 2538 732 2580 iecepit.

232 2581 317 2627 Cap.
347 2583 402 2618 19.
454 2584 599 2618 decuma
626 2597 668 2618 ez
695 2586 870 2630 Hispania

156 2630 269 2685 leqio:
311 2641 388 2665 eam
416 2632 568 2667 excitam
610 2643 688 2666 esse
715 2635 751 2666 in
779 2634 868 2667 Ger-

155 2672 307 2712 maniam
335 2690 440 2724 supra
468 2692 584 2715 rerum
611 2682 762 2726 scriptor
781 2682 870 2715 dixit

156 2727 285 2772 (H.1V
312 2728 391 2775 68).

227 2787 298 2808 non
325 2783 441 2810 tamen
468 2789 572 2811 ausus
600 2777 761 2823 oppidum
778 2778 870 2824 [Ba-

158 2827 330 2871 tauorum]
373 2828 481 2859 armis
522 2827 644 2860 tueri:
702 2825 870 2870 oppidum

158 2872 250 2916 quod
278 2873 312 2906 h.
340 2873 364 2907 l.
393 2875 595 2907 nominatur
614 2874 737 2909 Vetera
759 2874 871 2908 fuisse

158 2925 295 2954 attente
330 2921 466 2967 legenti
515 2922 689 2968 liquebit,
739 2927 774 2956 et
811 2924 871 2968 qui

157 2967 384 3014 dubitaverit,
410 2972 440 3005 is
469 2981 513 3005 ex
538 2972 770 3006 annotatione
791 2982 871 3008 mea

937 1665 1049 1700 altera
1084 1666 1127 1700 ad
1155 1677 1184 1700 c.
1218 1667 1260 1700 15
1301 1670 1336 1700 et
1365 1670 1523 1700 extrema
1548 1665 1592 1700 ad
1619 1678 1649 1701 c.

940 1715 982 1749 18
1023 1715 1296 1749 haesitationem
1334 1716 1442 1749 animi
1482 1725 1650 1750 remove-

937 1763 1000 1797 bit.
1061 1763 1197 1797 Graece
1225 1773 1294 1796 non
1323 1765 1445 1811 ἔρυμα
1471 1764 1650 1809 simplici-

938 1817 1003 1854 ter,
1033 1812 1094 1846 sed
1123 1806 1162 1848 τὸ
1195 1813 1320 1858 ἔρυμα
1349 1813 1421 1858 (die
1448 1813 1545 1846 Feste
1572 1813 1650 1846 sive

939 1862 1002 1894 das
1041 1863 1128 1905 feste
1167 1860 1299 1908 Laqer)
1348 1860 1536 1895 dicendum
1584 1865 1650 1895 est.

939 1908 1094 1954 Opponit
1121 1907 1277 1943 Orellius
1306 1911 1432 1943 castris
1461 1909 1652 1943 Veteiibus

938 1958 1036 1991 faces
1065 1958 1215 1991 iniectas
1244 1968 1324 1991 esse
1352 1968 1371 1991 a
1390 1957 1508 1992 Civile
1528 1957 1589 2002 (ll.
1607 1957 1652 1991 lv

935 2005 1025 2051 60):
1053 2005 1116 2039 sed
1143 2005 1241 2039 faces
1266 2007 1494 2040 munimenta
1513 2011 1548 2041 et
1571 2017 1653 2040 mu-

938 2064 996 2086 ros
1023 2053 1169 2087 abolere
1195 2064 1265 2086 non
1293 2059 1498 2098 potuerunt,
1525 2059 1563 2088 ut
1589 2064 1650 2088 sn-

939 2103 984 2135 tis
1012 2101 1126 2146 liquet
1153 2113 1197 2135 ex
1227 2102 1331 2135 huius
1358 2102 1438 2135 libri
1467 2103 1584 2147 capite
1609 2104 1654 2136 14

941 2155 976 2184 et
1006 2151 1060 2184 15.
1127 2150 1198 2183 lam
1228 2150 1442 2184 Batavorum
1469 2151 1512 2185 ab
1541 2152 1653 2195 ipsius

939 2199 1050 2232 'l'aciti
1078 2209 1181 2231 manu
1212 2209 1291 2232 esse
1318 2200 1455 2244 nequit.
1501 2199 1654 2232 Primum

941 2248 1034 2281 cuim
1084 2246 1245 2292 oppidum
1286 2247 1499 2281 Batavorum
1552 2247 1653 2293 iungi

939 2306 1009 2329 non
1038 2299 1177 2339 potest,
1220 2295 1313 2340 quod
1343 2296 1474 2330 Vetera
1500 2306 1571 2330 non
1601 2300 1656 2330 est

941 2344 1108 2388 oppidum
1136 2343 1364 2387 Batavorum,
1393 2345 1454 2379 sed
1474 2345 1656 2378 inferioris

941 2393 1148 2437 provinciae
1175 2392 1375 2436 Romanae3
1410 2398 1445 2427 et
1481 2391 1654 2438 quidquid
1703 2407 1705 2409 ·

940 2440 1139 2486 geographi
1191 2441 1234 2474 de
1278 2441 1400 2496 oppido
1444 2442 1656 2475 Batavorum

941 2489 1091 2533 quodam
1122 2489 1209 2523 καθ’
1237 2491 1336 2534 ἐξοχ
1328 2502 1372 2529 ην
1399 2490 1451 2522 sic
1478 2489 1573 2523 dicto
1597 2489 1655 2523 fa-

939 2536 1052 2570 bulati
1079 2540 1178 2578 sunt,
1223 2535 1257 2568 id
1284 2502 1376 2570 ιιχίὴίἰ
1417 2542 1470 2570 est
1498 2538 1568 2570 nisi
1595 2537 1654 2571 lu-

940 2584 1090 2618 dibrium
1132 2584 1236 2617 huius
1278 2584 1349 2618 loci
1384 2587 1496 2629 gratia
1540 2595 1653 2619 exco-

941 2634 1102 2678 gitatum.
1157 2633 1282 2677 Neque
1315 2642 1402 2667 vero
1441 2634 1654 2668 Batavorum

941 2683 1061 2724 armis,
1087 2686 1125 2715 ut
1151 2681 1267 2715 voluit
1291 2681 1496 2718 Waltherus
1512 2709 1521 2726 ,
1552 2683 1652 2728 iungi

941 2735 1084 2773 potest:
1124 2729 1250 2763 Civilis
1282 2731 1377 2764 enim
1403 2732 1583 2765 exercitus
1610 2741 1655 2764 ex

942 2779 1096 2820 Batavis,
1126 2779 1298 2824 Guyernis
1325 2781 1376 2823 (c.
1403 2780 1479 2826 16),
1506 2780 1654 2814 Bructe-

941 2828 991 2860 ris
1020 2830 1069 2871 (c.
1103 2826 1177 2869 18),
1209 2826 1360 2860 Chaucis
1389 2830 1439 2872 (c.
1463 2827 1523 2872 19)
1550 2828 1653 2862 aliis..

941 2885 1010 2920 que
1037 2874 1304 2908 transrhenanis
1332 2876 1551 2919 compositus
1577 2879 1654 2910 erat

942 2928 977 2956 et
1002 2923 1128 2957 Batavi
1171 2924 1313 2957 minima
1359 2925 1436 2957 eius
1470 2934 1551 2968 pars
1585 2924 1654 2958 fuit

942 2974 993 3017 (c.
1023 2974 1099 3019 14),
1145 2972 1332 3008 Sententia
1357 2972 1469 3019 igitur
1494 2971 1654 3018 postulat
