1768 3216
792 245 879 281 CAr.
909 247 1014 285 1-2.
1626 253 1651 285 ὅ

153 357 284 413 pluris
312 359 490 414 populos
519 360 605 403 adit
620 392 633 414 ,

677 362 813 405 donec
853 363 895 404 in
933 364 1147 407 Ponticum
1187 378 1302 408 mare
1331 377 1410 409 sex
1448 367 1650 410 meatibus

107 459 111 461 —
154 438 364 489 erumpat:
394 435 614 489 septimum
643 448 692 478 os
722 437 942 491 paludibus
973 439 1172 481 hauritur.

288 509 406 563 Ipsos
438 510 670 553 Germanos
702 512 925 567 indigenas
957 514 1232 568 crediderim,
1264 515 1518 570 minimeque
1542 516 1651 559 alia—

155 594 248 625 rum
276 584 463 638 gentium
493 585 741 628 adventibus
773 591 814 628 et
843 587 1035 642 hospitiis
1067 589 1244 642 mixtos,
1294 587 1390 644 quia
1420 602 1500 632 nec
1538 595 1651 634 terra

289 740 320 773 1.
344 738 460 784 pluris
484 740 521 773 P.

149 785 361 822 Marcianus.

147 927 239 962 edito
262 929 387 963 montis
406 927 575 962 Abnobae
599 930 700 974 iuqo·
729 919 858 974 quem-

146 975 335 1011 admodum
375 976 487 1011 verba
529 977 717 1012 clementer
767 977 858 1011 edito

145 1025 228 1070 iuqo
255 1025 407 1060 adversa
435 1025 656 1070 respondent
681 1026 859 1070 piioribus

144 1074 327 1108 inaccesso
365 1075 522 1118 vertice,
567 1075 621 1108 sic
658 1084 730 1108 vox
762 1074 860 1108 molli

146 1123 259 1168 (sanft
283 1123 505 1169 ansteiyend)
544 1123 715 1157 convenit
750 1133 860 1166 prae-

146 1180 272 1216 gresso
283 1172 474 1217 praecipiti
487 1171 584 1218 (sclu-
586 1171 640 1217 off
647 1170 858 1218 absallencl).

146 1217 227 1253 ΧΙΙΙ
251 1218 321 1254 38:
366 1219 472 1253 colles
505 1219 695 1254 clementer
728 1219 859 1253 adsur-

144 1272 276 1311 gentes.
303 1267 346 1301 Η.
376 1267 423 1301 ΙΙΙ
446 1269 509 1305 52:
540 1269 572 1302 si
596 1279 665 1311 qua
681 1268 860 1314 Apennini

145 1316 231 1360 iuga
255 1314 458 1350 clementius
485 1316 682 1350 adirentur.
735 1316 858 1361 Longe

145 1364 336 1407 repetitum
363 1369 419 1398 est
452 1369 488 1398 et
513 1365 704 1398 obscurum
743 1364 859 1397 reddit

144 1410 324 1455 Tacitum,
359 1412 454 1458 quod
482 1412 735 1447 Doederlinius
762 1411 860 1446 molli

145 1470 272 1494 vocem
310 1460 355 1494 ad
395 1466 555 1495 naturam
591 1461 661 1495 soli
697 1466 732 1494 et
758 1465 858 1506 prata

145 1507 266 1542 herbis
292 1510 465 1543 tumentia
491 1509 613 1544 refert.
641 1509 769 1543 Forma
789 1519 858 1542 no-

146 1557 251 1590 minis
284 1555 452 1591 Arbonae
487 1569 532 1592 ex
567 1568 654 1591 vera
690 1557 858 1591 Abnobae

145 1609 229 1639 nata
252 1609 325 1647 est,
368 1605 450 1639 dum
476 1607 506 1640 R
532 1604 596 1650 pro
626 1606 650 1638 Β
677 1606 856 1648 scribitur,

142 1659 230 1687 mox
263 1654 371 1688 etiam
409 1654 515 1689 sedes
548 1654 747 1688 litterarum
772 1665 796 1686 n
823 1659 859 1688 et

145 1701 164 1734 b
190 1706 367 1744 mutatur3
406 1703 460 1736 sic
485 1714 530 1737 ex
553 1702 772 1737 ABNOBAE
799 1702 857 1736 ra-

146 1754 240 1783 ctum
265 1749 482 1785 ARNOBAE
517 1756 553 1785 et
590 1761 683 1784 nova
710 1750 857 1784 aberra-

146 1798 244 1832 tione
263 1798 494 1833 ARBONAE.
513 1799 697 1844 Scriptura
709 1798 859 1832 Abnoba

144 1846 349 1880 vindicatur
385 1846 524 1881 duobus
572 1848 687 1881 titulis
724 1847 761 1880 in
795 1857 857 1880 re-

145 1895 255 1940 gione
281 1896 359 1929 eius
377 1897 521 1938 montis,
551 1897 609 1930 cui
634 1897 703 1929 iam
730 1897 857 1940 niqrae

142 1941 255 1977 siloae
284 1953 415 1978 nomen
450 1949 522 1987 est,
565 1945 717 1987 repertis
765 1942 855 1990 (vid.

145 1989 271 2025 Orellii
298 1991 408 2026 lnscr.
424 1991 500 2027 Lat.
528 2003 563 2026 n.
585 1992 711 2039 1986),
738 1991 857 2026 verbis

145 2039 275 2073 Avieni
301 2039 398 2074 docti
424 2041 610 2084 scriptoris
638 2045 674 2075 et
696 2039 856 2086 diligen-

145 2088 190 2121 tis
224 2087 422 2133 (Descript.
456 2089 532 2122 orb.
558 2089 676 2135 437J:
707 2088 857 2122 Abnoba

143 2146 241 2169 mons
262 2136 363 2170 ¹Istro
395 2143 500 2182 pater
533 2143 604 2179 est3
649 2137 744 2170 cadit
781 2136 855 2170 Ab·

143 2183 256 2218 niobae
281 2184 382 2218 biatu
397 2186 536 2229 flumen.
564 2185 753 2219 Consentit
770 2184 857 2218 Pto-

145 2231 305 2266 lemaeus
330 2232 361 2266 11
391 2235 433 2267 11
460 2239 497 2280 §.
531 2234 565 2275 7,
599 2233 684 2266 item
721 2233 857 2267 Plinius

144 2279 192 2313 IV
221 2281 292 2314 24:
330 2285 425 2314 ortus
454 2281 514 2319 bic
540 2281 669 2326 (Ister)
697 2282 736 2314 in
764 2281 856 2314 Ger-

145 2328 287 2361 maniae
303 2329 395 2373 iuqis
409 2329 533 2362 montis
553 2328 732 2362 Abnobae.
762 2328 857 2361 Mar-

145 2376 263 2408 tianus
289 2374 437 2420 Capella
468 2376 513 2409 vl
539 2377 576 2418 §.
608 2375 701 2410 662:
738 2376 857 2409 Hister

143 2424 279 2468 fluvius,
309 2430 405 2458 ortus
429 2424 468 2457 in
495 2425 689 2458 Germania
714 2424 756 2457 de
791 2434 856 2456 ca-

145 2472 282 2505 cumine
308 2472 434 2506 montis
461 2472 675 2518 (Salmasius
709 2471 752 2506 ad
788 2472 856 2505 So-

675 2519 855 2562 Abnobae,

146 2520 256 2554 linum
303 2531 337 2565 p.
388 2520 456 2555 186
504 2521 630 2555 inserit

144 2567 331 2604 admodum
358 2568 626 2615 probabiliter),
654 2569 701 2602 ad
736 2579 858 2602 novem
894 2580 899 2584 ⁴

143 2617 332 2661 seoeaqinta
371 2628 491 2650 amnes
532 2628 712 2650 assumens
753 2617 858 2649 etiam

147 2665 330 2698 Danubius
354 2666 539 2699 vocitatur.
583 2665 746 2698 Formam
779 2664 856 2697 Da-

145 2713 244 2745 nuvii
265 2711 309 2745 ad
336 2714 585 2746 auctoritatem
623 2711 785 2745 codicum
826 2712 855 2746 M

147 2765 183 2794 et
228 2758 280 2793 Ma
323 2760 498 2803 praetuli:
552 2760 600 2793 cf.
638 2759 681 2793 ad
719 2759 748 2793 ll
796 2760 856 2795 63.

147 2807 189 2841 ll.
215 2807 264 2842 ΙΙΙ
292 2809 351 2843 46.

219 2878 330 2912 donec
357 2899 400 2906 -
426 2884 609 2924 erumpat.-
638 2878 758 2922 plures
787 2888 857 2923 po-

147 2926 222 2971 puli
242 2927 405 2961 Danubio
432 2927 567 2960 flumini
583 2925 736 2960 adeundi
761 2932 856 2969 sunt,

146 2980 335 3021 antequam
376 2976 481 3019 finem
520 2975 587 3009 sibi
635 2976 857 3020 propositum

625 743 659 775 2.
687 747 845 787 erumpat
873 741 897 775 P
923 753 1001 776 cum
1029 742 1232 788 plerisque·
1262 745 1410 790 erumpit
1433 744 1648 790 Turicensis,

466 789 501 823 4.
528 789 662 835 ospitiis
687 792 885 835 (superscr.
915 790 960 824 ab
985 791 1057 826 alia
1082 802 1188 826 manu
1213 792 1255 839 b)
1281 794 1399 828 mistos
1425 793 1462 828 P.

929 935 1179 975 consequatur.
1220 931 1320 965 Finis
1359 933 1458 966 notio
1503 932 1647 967 modum

928 979 1196 1013 coniunctivum
1214 981 1366 1024 peperit,
1386 991 1536 1026 eamque
1550 992 1647 1015 sem-

928 1037 992 1071 per
1017 1026 1159 1061 Tacitus
1180 1030 1362 1072 spectavit
1390 1033 1426 1062 et
1455 1030 1645 1073 expressit,

928 1075 1095 1120 quotiens
1122 1081 1204 1120 post
1231 1076 1343 1110 donec
1368 1081 1508 1121 tempus
1536 1088 1645 1121 prae-

927 1133 1011 1157 sens
1038 1124 1210 1169 subsequi
1237 1124 1343 1168 fecit,
1371 1125 1487 1160 veluti
1513 1135 1544 1160 c.
1573 1127 1643 1162 20:

927 1172 966 1205 in
993 1172 1115 1205 eadem
1140 1173 1242 1206 humo
1268 1172 1418 1218 degunt,
1444 1173 1555 1207 donec
1580 1185 1645 1207 ae-

928 1226 983 1253 tas
1007 1226 1149 1265 separet
1172 1221 1365 1266 inqenuos,·
1408 1222 1480 1256 31:
1518 1222 1644 1265 sortis-

928 1270 1033 1302 simus
1051 1269 1191 1313 quisque
1206 1271 1363 1313 ferreum
1385 1271 1529 1315 insuper
1548 1281 1644 1303 anu-

928 1316 998 1350 lum
1025 1337 1070 1343 —
1096 1322 1220 1361 gestat,
1249 1317 1359 1351 donec
1387 1329 1422 1351 se
1449 1317 1557 1351 caede
1576 1317 1642 1351 Ιιο-

927 1366 989 1398 stis
1014 1364 1191 1407 absolvat3
1217 1366 1283 1399 35:
1309 1365 1533 1399 Chaucorum
1556 1377 1643 1411 qens

934 1431 970 1437 --
1009 1413 1161 1447 omnium
1195 1424 1281 1457 quas
1314 1415 1459 1459 exposui
1490 1415 1644 1459 gentium

928 1459 1096 1494 lateribus
1112 1460 1321 1504 obtenditur,
1349 1462 1460 1495 donec
1474 1462 1513 1495 in
1529 1462 1642 1496 Chat-

928 1514 980 1542 tos
1005 1520 1111 1554 usque
1135 1511 1305 1544 sinuetur.
1355 1509 1387 1543 11
1414 1511 1455 1545 6:
1498 1510 1643 1545 Rhenus

929 1578 975 1583 —
1000 1558 1039 1590 in
1066 1557 1150 1591 duos
1175 1569 1296 1591 amnes
1329 1557 1497 1591 dividit-ur
1516 1584 1525 1600 ,
1562 1569 1642 1592 ser-

927 1611 1052 1650 vatque
1078 1617 1204 1639 nomen
1230 1611 1262 1639 et
1286 1605 1490 1639 violentiam
1507 1618 1641 1649 cursus,

928 1665 997 1697 qua
1018 1654 1245 1688 Germaniam
1265 1654 1505 1699 praeuehitur,
1532 1655 1644 1688 donec

929 1702 1070 1735 Oceano
1101 1703 1302 1736 misceatur.
1353 1702 1454 1736 Adde
1480 1702 1522 1736 H.
1548 1702 1580 1736 11
1609 1705 1641 1745 1,

926 1749 972 1782 Ν
997 1750 1044 1785 58
1071 1755 1106 1783 et
1131 1751 1192 1793 65,
1223 1751 1251 1783 V
1278 1751 1313 1785 6.
1356 1750 1514 1784 Danubii
1539 1761 1641 1784 mea-

928 1803 983 1831 tus
1017 1799 1166 1843 qm‘nque
1203 1798 1314 1832 refert
1349 1792 1550 1832 Herodotus
1591 1798 1641 1832 lv

926 1845 986 1888 47,
1016 1846 1296 1891 etiamEphorus
1325 1858 1346 1880 a
1372 1846 1548 1881 Strabone
1572 1857 1641 1880 no-

927 1895 1080 1928 minatus
1097 1921 1106 1937 ,
1143 1907 1206 1928 sea:
1227 1894 1367 1934 ,Plinius
1396 1895 1446 1929 lV
1475 1895 1523 1930 24
1550 1900 1638 1929 extr.

927 1948 963 1976 et
986 1942 1214 1977 Ptolemaeus
1238 1943 1288 1977 ΙΙΙ
1320 1944 1363 1978 10
1390 1945 1426 1985 §.
1446 1943 1554 1984 2-6,
1580 1955 1639 1978 se-

923 1997 1016 2036 ptem
1042 1991 1168 2025 Strabo
1198 1991 1260 2025 vlt
1285 1992 1309 2026 3
1334 1992 1371 2032 §.
1401 1992 1445 2025 15
1469 2001 1503 2034 p.
1529 1991 1613 2026 305.

1015 2063 1195 2107 septimum
1226 2073 1264 2095 os
1294 2061 1481 2108 paludibus
1512 2062 1641 2096 hauri·
1674 2071 1680 2073 ‘

930 2115 1012 2143 tur.-
1052 2111 1205 2154 septima
1231 2110 1386 2144 Danubii
1420 2120 1501 2153 pars
1527 2121 1641 2155 aqua-

929 2169 1005 2191 rum
1034 2158 1224 2202 paludibus
1251 2158 1377 2192 hausta
1404 2169 1484 2191 cum
1509 2164 1642 2192 meatus

930 2207 1023 2240 iuste
1051 2207 1175 2240 vocari
1210 2216 1283 2239 non
1317 2207 1450 2250 possit,
1488 2208 1642 2249 scriptor

931 2256 1048 2299 pergit
1080 2256 1260 2299 septimum
1294 2265 1332 2287 os
1367 2254 1462 2299 (eine
1487 2254 1640 2287 siebente

931 2301 1143 2348 Meindrtny).
1200 2301 1379 2334 Particula
1413 2302 1526 2343 enim,
1560 2306 1641 2344 post

928 2349 1107 2394 septimum
1151 2350 1364 2393 interposita
1399 2349 1436 2382 in
1476 2348 1637 2382 editione

930 2397 1090 2440 Spirensi
1117 2401 1154 2430 et
1178 2396 1263 2430 hinc
1289 2396 1458 2430 translata
1484 2397 1520 2429 in
1538 2396 1638 2439 alias,

930 2445 1074 2478 minime
1100 2454 1189 2488 opus
1212 2450 1277 2479 est.

977 2540 1062 2585 Gap.
1091 2543 1126 2575 2.
1165 2541 1258 2586 ipsos
1274 2540 1466 2574 Germanos
1483 2562 1528 2567 —
1545 2542 1639 2574 mit-

930 2594 1007 2622 tos.-
1054 2588 1163 2622 simili
1212 2590 1363 2622 transitu
1396 2601 1417 2622 a
1454 2594 1547 2622 terrn
1595 2589 1639 2622 ad

931 2637 1068 2670 incolas
1096 2639 1194 2670 venit
1221 2637 1263 2670 A.
1294 2638 1355 2671 13:
1382 2637 1448 2681 ipsi
1474 2638 1639 2670 Britanni

931 2685 1098 2719 detectum
1150 2697 1194 2718 ac
1234 2685 1364 2718 tributa
1406 2704 1450 2710 -ω
1492 2685 1638 2728 impigre

930 2733 1065 2766 obeunt.
1094 2733 1314 2766 Sententiam
1342 2742 1464 2771 suam,
1493 2731 1638 2777 indige-

929 2791 991 2813 nas
1027 2791 1106 2814 esse
1133 2781 1348 2821 Germanos,
1385 2778 1496 2812 tribus
1527 2789 1637 2824 argu-

932 2829 1059 2861 mentis
1095 2829 1249 2869 astruit,
1299 2836 1447 2871 quorum
1487 2828 1638 2871 primum

930 2876 998 2910 hoe
1017 2901 1027 2918 ,
1066 2875 1240 2909 classibus
1274 2875 1446 2909 advectos
1473 2885 1553 2908 esse
1578 2876 1638 2920 qui

929 2929 1065 2958 mutare
1090 2924 1194 2958 sedes
1209 2922 1358 2965 vellent,
1381 2923 1444 2957 sed
1456 2922 1638 2957 Oceanum

927 2982 1005 3006 raro
1032 2971 1076 3005 ab
1104 2972 1192 3006 orbe
1230 2976 1351 3007 cetero
1378 2971 1530 3005 navibus
1558 2969 1637 3005 adi-
