1768 3216
182 207 262 244 2126

776 214 778 217 ’
811 205 1075 242 AGRICOLAE

186 323 347 367 auxilio
371 323 624 364 viderentur.
658 322 779 372 Quod
801 324 883 366 nisi
904 324 1080 379 paludes
1103 328 1143 367 et
1168 324 1298 367 silvae
1315 323 1524 379 fugientes
1548 324 1683 367 texis-

188 402 296 450 sent,
323 397 570 439 debellatum
601 398 674 440 illa
694 398 872 441 victoria
905 399 1026 442 soret.
1060 399 1184 442 Cuius
1218 400 1476 442 conscientia
1498 412 1549 442 ac
1572 394 1752 443 fama'w

186 473 308 514 ferox
357 473 566 515 exercitus
608 473 711 515 nihil
754 474 894 516 virtuti
945 487 1045 517 suae
1098 475 1255 517 invium
1296 479 1337 518 et
1385 474 1683 529 penetrandam

188 546 459 589 Caledoniam
490 548 867 603 inveniendumque
886 550 1053 591 tandem
1075 550 1314 592 Britanniae
1336 551 1556 592 terminum
1575 561 1682 592 con-

153 632 171 662 ⁵
191 621 306 663 tinuo
337 623 594 676 proeliorum
626 635 751 666 cursu
780 624 1025 666 fremebant.
1077 625 1213 679 Atque
1245 625 1303 666 illi
1335 625 1462 667 modo
1492 625 1602 667 cauti
1633 636 1683 666 ac

187 697 398 750 sapientes
429 698 606 752 prompti
635 703 729 752 post
761 703 952 741 eventum
999 713 1048 741 ac
1089 699 1346 755 magniloqui
1386 703 1517 742 erant.

1594 698 1683 740 Ini-

186 770 384 824 quissima
423 771 527 814 haec
568 773 771 815 bellorum
811 773 995 815 conditio
1037 778 1126 817 est:
1174 786 1374 828 prospera
1415 786 1561 816 omnes
1603 773 1684 815 sibi

186 845 424 900 vindicant,
470 847 647 889 adversa
676 849 747 889 uni
776 848 1038 902 imputantur.

1098 849 1154 891 At
1184 848 1368 891 Britanni
1400 860 1485 891 non
1514 849 1680 901 virtute,

184 920 261 962 sed
291 921 519 963 occasione
564 926 604 964 et
646 927 735 964 arte
771 922 889 965 ducis
930 924 1138 978 superati,
1195 911 1297 965 niliil
1344 936 1397 965 ex
1435 923 1682 979 adrogantia

130 1008 172 1040 10
184 995 411 1050 remittere,
445 1007 526 1049 quo
554 996 688 1039 minus
720 997 973 1040 iuventutem
1006 1003 1227 1051 armarent,
1259 999 1462 1053 coniuges
1493 1010 1543 1040 ac
1572 997 1682 1040 libe·-

281 1126 312 1160 1.
345 1126 519 1161 rexissent
543 1130 586 1163 A.

188 1171 302 1207 lanus.

182 1222 362 1256 teolanus.

185 1269 352 1306 Gruterus
379 1273 482 1306 strati
508 1272 568 1307 vel
595 1275 760 1319 superati.

130 1392 132 1394 ’
182 1391 277 1427 thius
316 1398 351 1428 ct
378 1393 631 1429 Doederlinius
658 1395 816 1430 intulisse
843 1401 900 1431 te-

183 1447 339 1476 nuerunt
373 1448 481 1489 alque
516 1445 588 1477 vim
623 1445 821 1488 particulae
864 1451 902 1479 ut

183 1501 227 1524 ex
252 1496 427 1536 sequente
462 1503 506 1526 ne
532 1493 766 1537 supplendam
792 1504 900 1538 prae-

183 1540 333 1583 cipiunt.
362 1540 432 1574 Sed
461 1545 596 1575 tantum
622 1541 723 1575 abest
749 1547 787 1575 ut
812 1542 900 1576 haec

183 1598 228 1621 ex
251 1590 418 1634 sequenti
445 1600 488 1622 ne
515 1590 605 1623 sumi
636 1591 761 1633 possit,
789 1596 828 1624 nt
854 1590 899 1624 ob

182 1636 218 1669 id
259 1637 375 1681 ipsum
407 1638 444 1670 in
477 1638 676 1672 affirmante
715 1640 899 1672 enuntiato

181 1690 218 1718 ut
256 1686 468 1731 requiratur.
522 1687 647 1732 Neque
681 1687 797 1721 adhuc
841 1688 900 1720 in-

182 1738 311 1767 ventus
350 1739 403 1768 est
436 1736 495 1780 qui
522 1736 658 1780 inferre
685 1747 782 1781 opem
807 1737 899 1769 scri-

182 1783 305 1826 pserit.

272 1878 357 1924 Cap.
385 1880 443 1915 27.
496 1880 715 1924 iniquissima
741 1881 830 1915 haec
853 1903 898 1910 -

181 1928 419 1973 imputantur.-
449 1928 639 1963 Sallustius
655 1930 733 1975 lug.
763 1931 832 1964 53:
860 1931 899 1964 in

182 1976 333 2009 victoria
359 1975 414 2009 vel
441 1977 580 2021 ignavis
606 1978 758 2022 9loriari
794 1977 898 2011 licet:

183 2023 357 2058 adversae
375 2035 431 2058 res
448 2025 551 2058 eliam
568 2025 673 2059 bonos
690 2026 895 2060 detrectant.

254 2127 327 2151 non
364 2117 510 2161 virtute,
547 2117 608 2151 sed
644 2119 829 2152 occasione
867 2124 898 2152 ec

184 2170 260 2199 arte
299 2165 396 2199 ducis
430 2167 614 2212 superati.-
663 2166 752 2200 haec
788 2166 898 2200 verba

185 2224 228 2246 ex
263 2223 326 2247 ore
357 2215 532 2248 narrantis
572 2215 714 2259 posita,
748 2225 819 2257 non
854 2214 899 2248 ad

182 2266 338 2296 mentem
363 2261 612 2296 Britannorum
639 2263 744 2305 dicta,
773 2263 898 2297 decla-

183 2315 261 2343 rant
288 2321 351 2344 cur
375 2310 536 2345 Britanni
564 2312 718 2345 animum
741 2322 811 2344 non
831 2311 897 2345 de-

183 2358 421 2402 sponderent,
449 2359 511 2394 sed
540 2359 584 2393 de
611 2361 752 2405 integro
780 2359 897 2393 hosti-

183 2406 233 2440 lia
273 2412 491 2451 coeptarent.
543 2407 584 2441 ln
619 2407 720 2442 libris
755 2410 896 2453 scriptis

176 2456 256 2488 *rati
283 2460 484 2500 corruptum
513 2461 584 2498 est,
626 2456 708 2489 dum
741 2458 898 2502 superati

183 2513 247 2546 per
274 2505 520 2548 compendium
557 2504 701 2537 effertur
734 2505 836 2538 §rati
865 2510 900 2538 ct

183 2563 200 2584 s
242 2556 323 2596 post
359 2552 505 2586 verbum
541 2552 896 2596 susos-absorbetur.

183 2599 372 2634 Ablativus
414 2603 540 2634 virtute
581 2604 645 2645 (an
685 2601 897 2648 Tapserkeit)

183 2657 256 2682 non
284 2654 337 2683 est
362 2648 575 2692 simpliciter
601 2649 896 2692 instrumentalis,

183 2701 222 2729 ut
239 2698 424 2742 sequentis
443 2698 628 2730 occasione
647 2703 678 2730 et
693 2703 770 2730 arte
788 2698 897 2740 ducis,

183 2745 246 2778 sed
273 2746 548 2790 comparationis
574 2746 756 2779 notionem
775 2746 896 2779 conti-

183 2798 267 2836 net,
309 2794 404 2839 quod
446 2800 484 2828 ut
530 2793 724 2828 indicarem
761 2804 898 2828 comma

184 2843 290 2884 posui
318 2847 398 2886 post
423 2843 560 2877 virtute.
621 2842 731 2886 Lipsii
760 2843 851 2876 ratio
877 2853 897 2876 a

185 2890 394 2924 Gruteriana
423 2891 473 2924 ita
503 2890 632 2934 differt,
670 2895 710 2924 ut
736 2890 826 2925 haec
852 2890 896 2925 ad

177 2943 339 2975 -mentem
365 2939 615 2975 Britannorum
653 2938 892 2985 proferantur.

685 1130 718 1164 2.
748 1130 907 1165 conscita
933 1132 971 1172 Γ,
1003 1131 1219 1164 conscientia
1243 1132 1295 1166 A:
1324 1130 1522 1164 constantia
1549 1128 1684 1174 Puteo..

380 1176 414 1210 3.
447 1181 479 1209 et
500 1182 636 1221 penetr.
665 1179 746 1212 TA:
770 1184 906 1222 penelr.
936 1177 1124 1213 Puteolani
1153 1180 1291 1212 vitium.

426 1223 462 1257 8.
488 1225 567 1270 veni]
596 1221 683 1258 cum'
697 1226 822 1259 vitium
850 1226 1049 1261 Puteolani.

1357 1180 1390 1214 5.
1415 1177 1588 1224 proelium
1612 1176 1685 1211 Pu-

1144 1227 1177 1261 9.
1205 1228 1362 1272 superati
1387 1229 1402 1273 ]
1432 1224 1575 1261 codices
1600 1226 1683 1270 mli,

825 1286 896 1308 non
920 1281 958 1310 ut
984 1276 1110 1310 virtute
1137 1296 1181 1302 —
1207 1276 1366 1322 superati
1389 1275 1542 1320 Lipsius.

968 1397 1059 1431 Hinc
1093 1397 1234 1441 Lipsius
1269 1396 1479 1442 particulam
1523 1403 1562 1432 ut
1598 1402 1682 1432 ante

967 1446 1094 1480 virtute
1133 1446 1358 1480 inserendam
1397 1447 1548 1480 censuit.
1608 1446 1681 1480 Alii

967 1493 1060 1528 haec
1110 1499 1311 1528 tentarunt:
1367 1494 1554 1529 Ernestius
1605 1499 1682 1528 arte

967 1543 1090 1576 vicisse
1116 1543 1333 1589 (Romanos)
1362 1544 1435 1576 rati
1443 1555 1456 1586 ‚-
1494 1541 1681 1576 Walchius

967 1602 1039 1624 non
1064 1592 1190 1625 virtute
1215 1603 1270 1635 se,
1302 1591 1363 1624 sed
1382 1612 1428 1617 -—
1455 1591 1552 1625 ducis
1571 1589 1683 1625 elusos

967 1640 1064 1682 raei3
1084 1639 1242 1674 Halmius
1258 1645 1334 1674 arte
1352 1639 1573 1674 succubuisse
1587 1641 1681 1683 rati,-

968 1698 1037 1733 ego
1063 1687 1147 1721 olim
1173 1690 1268 1733 susos
1295 1689 1379 1722 rati.

1033 1758 1191 1792 inritatis
1236 1759 1405 1803 utrimque
1441 1759 1568 1793 animis
1606 1759 1680 1792 dis-

968 1818 1119 1840 cessum.-
1160 1807 1333 1852 Agricola
1366 1806 1526 1841 militem·
1554 1808 1590 1840 in
1622 1806 1681 1842 hi-

968 1854 1080 1889 berna
1109 1854 1250 1889 reduxit
1276 1861 1371 1889 trans
1398 1855 1682 1900 p1·aesidiainter

968 1901 1105 1938 Clotam
1135 1909 1170 1937 et
1193 1904 1400 1938 Bodotriam
1422 1904 1619 1939 immunita.

1042 1999 1126 2044 Cap.
1159 2000 1218 2036 28.
1263 2013 1329 2047 per
1356 2001 1566 2036 Germanias
1594 2011 1682 2035 con-

966 2049 1122 2093 scripta:
1159 2048 1379 2082 Germaniam
1417 2049 1538 2095 cogita
1570 2059 1681 2093 supe-

965 2097 1096 2129 riorem
1125 2101 1159 2129 et
1189 2097 1411 2130 inferiorem.
1477 2096 1531 2131 cf.
1559 2101 1679 2132 annot.

967 2144 1010 2178 ad
1040 2144 1082 2178 ll.
1109 2144 1157 2178 lv
1189 2146 1243 2179 17.
1316 2145 1441 2189 Itaque
1479 2144 1594 2190 Usipii
1637 2156 1682 2179 ex

966 2193 1117 2238 regione
1137 2203 1199 2226 sua
1218 2192 1475 2227 transrhenana
1489 2194 1526 2227 in
1541 2193 1681 2228 laevam

965 2242 1078 2284 ripam
1106 2246 1301 2284 venerant,
1341 2241 1521 2286 stipendia
1553 2242 1590 2276 in
1618 2251 1681 2276 co-

966 2289 1070 2322 horte
1097 2290 1223 2324 sociali
1250 2290 1423 2325 merituri.

1034 2372 1102 2394 ano
1127 2362 1321 2406 remigante
1349 2383 1390 2389 —
1411 2360 1682 2406 praecelleban-

968 2414 1045 2444 tur:
1079 2414 1119 2442 ut
1150 2410 1368 2444 Puteolanus
1395 2421 1426 2444 c.
1457 2410 1502 2444 10
1525 2419 1590 2453 pro
1619 2419 1682 2443 re-

967 2457 1178 2501 migantibus
1215 2459 1309 2501 typis
1353 2458 1525 2501 excripsit
1572 2458 1682 2491 remi—

967 2506 1171 2548 9rancibus‚
1210 2507 1260 2539 ita
1286 2517 1381 2539 nunc
1405 2515 1547 2550 quoque
1584 2516 1605 2538 r
1638 2504 1682 2538 de

969 2562 1032 2586 suo
1062 2553 1304 2597 imprudenter
1328 2554 1546 2596 immiscuit,
1573 2552 1682 2586 indu-

970 2605 1047 2634 ctus
1089 2601 1257 2636 Italorum
1293 2601 1336 2636 ad
1375 2613 1396 2634 r
1431 2600 1680 2635 inclinantinm

969 2651 1271 2692 pronuntiatione.
1313 2646 1419 2684 Certe
1444 2649 1574 2684 salsum
1600 2659 1681 2683 esse

966 2699 1182 2743 renziyrante
1206 2698 1290 2732 inde
1311 2698 1437 2743 liquet,
1466 2698 1560 2743 quod
1575 2706 1680 2731 nemo

966 2745 1112 2781 Latinus
1142 2748 1339 2792 remigrare
1366 2747 1486 2790 posuit
1517 2755 1580 2790 pro
1617 2757 1680 2779 re-

964 2796 1087 2839 fugere
1114 2796 1173 2829 vel
1203 2795 1295 2829 elabi
1318 2795 1378 2828 vel
1413 2794 1504 2828 clam
1527 2806 1564 2828 se
1597 2793 1680 2828 sub-

966 2842 1104 2886 ducere,
1135 2854 1254 2889 neque
1280 2852 1400 2877 rursus
1427 2843 1577 2888 cogitari
1602 2843 1679 2875 iure

965 2896 1084 2934 potest
1118 2891 1343 2938 remigrandi
1382 2891 1524 2925 veniam
1571 2890 1678 2924 tertio

972 2940 1205 2988 gubernatori
1231 2941 1274 2976 ab
1302 2939 1434 2986 Usipiis
1463 2938 1557 2975 ultro
1585 2937 1690 2974 obla-
