1768 3216
174 214 246 254 1¹4
790 208 1050 251 AGchLAE

177 347 309 391 eoque
340 335 456 377 initio
488 336 627 376 erecta
659 333 877 388 provincia
910 337 951 375 et
971 330 1118 387 quibus
1138 331 1290 375 bellum
1312 332 1547 376 'volentibus
1565 337 1669 388 erat,

173 411 352 466 probare
385 409 643 463 exemplum,
677 421 726 451 ac
752 410 936 452 recentis
966 408 1096 463 legati
1127 407 1307 451 animum
1337 407 1546 463 opperiri,
1576 418 1670 452 eum

174 485 393 539 Agricola,
426 495 669 538 quamquam
700 488 938 526 transvecta
966 479 1118 537 aestas,
1151 484 1285 538 sparsi
1311 495 1387 550 pqr
1414 480 1673 544 provinciam

170 560 361 613 numeri,
404 563 668 614 praesumpta
700 559 807 614 apud
838 559 1009 600 militem
1040 559 1149 601 illius
1177 559 1275 601 anni
1305 559 1450 613 quies,
1483 558 1600 602 tarda
1622 562 1674 600 -et

136 635 380 681 scontraria
410 634 564 676 bellum
600 634 867 687 inchoaturo,
913 638 954 675 et
989 633 1203 688 plerisque
1244 634 1448 677 custodiri
1478 638 1672 688 suspecta

169 709 306 764 potius
337 708 580 763 videbatur,
611 710 674 750 ire
705 709 871 751 obviam
904 708 1135 750 discrimini
1167 709 1332 762 statuit3
1360 709 1670 763 contractisque

169 784 384 839 legionum
415 785 580 827 vexillis
614 789 655 826 et
685 784 851 826 modica
883 783 1130 826 auxiliorum
1148 795 1287 837 manu,
1321 784 1416 838 quia
1432 784 1476 825 in
1493 794 1669 838 aequum

171 859 350 915 degredi
378 859 615 902 Ordovices
646 872 731 901 non
761 859 990 913 audebant,
1027 860 1114 914 ipse
1144 863 1239 903 ante
1271 871 1446 915 agmen,
1480 871 1561 914 quo
1592 871 1669 902 ce·-

167 935 270 976 teris
303 947 379 989 par
410 935 570 977 animus
603 935 727 977 simili
756 934 944 989 periculo
962 938 1102 1008 ‘essen
1136 935 1270 977 erexit
1300 934 1446 977 aciem.
1509 934 1669 977 Caesa—

116 1022 155 1056 ιο
168 1021 248 1064 que
272 1022 404 1064 prope
433 1010 631 1052 universa
660 1014 810 1064 gente,
859 1022 943 1052 non
975 1009 1146 1064 ignarus
1175 1009 1411 1052 instandum
1451 1009 1587 1052 famae
1617 1016 1667 1051 ac

165 1089 288 1138 prout
316 1084 447 1139 prima
467 1085 709 1137 cessissent,
742 1089 946 1127 terrorem
966 1084 1117 1127 ceteris
1138 1085 1245 1137 fore,
1279 1085 1445 1126 Monam
1473 1083 1666 1137 insulam,

170 1159 287 1201 cuius
316 1160 587 1213 possessione
618 1164 860 1201 revocatum
891 1159 1102 1201 Paulmum
1133 1159 1364 1202 rebellione
1403 1159 1530 1201 totius
1571 1158 1668 1200 Bri-

168 1233 336 1276 tanniae
359 1245 483 1288 supra
503 1234 746 1286 memoravi,
774 1234 973 1289 redigere
993 1234 1035 1275 in
1053 1237 1298 1288 potestatem
1320 1234 1458 1276 animo
1478 1232 1666 1276 intendit.

165 1309 264 1363 Sed,
295 1313 340 1350 ut
369 1309 411 1350 in
442 1308 578 1350 dubiis
611 1309 814 1362 consiliis,
847 1321 976 1352 naves
1009 1308 1204 1351 deerant:
1233 1309 1341 1351 ratio
1373 1313 1414 1351 et
1430 1307 1664 1351 constantia

113 1391 152 1421 1⁵
166 1383 284 1426 ducis
316 1384 557 1426 transvexit.
619 1384 828 1438 Depositis
861 1384 1051 1426 omnibus
1083 1385 1260 1427 sarcinis
1290 1384 1543 1427 lectissimos
1584 1394 1663 1426 au-

162 1459 384 1514 xiliarium,
419 1459 564 1513 quibus
596 1463 695 1501 nota
725 1459 834 1502 vada
865 1464 905 1502 et
936 1460 1093 1514 patrius
1124 1459 1251 1502 nandi
1281 1471 1396 1513 usus,
1429 1471 1510 1513 quo
1541 1457 1663 1501 simul

299 1607 331 1641 1.
361 1612 393 1640 et
420 1606 539 1651 quihus
568 1609 648 1643 TA:
674 1612 710 1641 ut
740 1607 860 1651 quibus
885 1606 1113 1642 Puteolanus.
1263 1607 1298 1641 2.
1326 1618 1370 1641 ae
1393 1617 1464 1640 rec.
1495 1606 1581 1642 TA:
1605 1610 1666 1641 aut

159 1664 232 1690 rec.
259 1655 488 1689 Puteolanus.
598 1656 764 1701 opperiri,
790 1667 867 1690 cum
893 1658 974 1693 TA:
1003 1656 1169 1702 opperiri.
1200 1657 1280 1691 Tum
1300 1655 1530 1690 Puteolanus.
1629 1654 1663 1689 3.

160 1710 361 1739 transvecta
384 1705 416 1739 Γ
414 1705 448 1739 Δ
462 1715 471 1736 z
498 1709 683 1738 transacta
706 1704 911 1739 Rhenanus.
980 1705 1015 1740 8.
1044 1704 1181 1750 diqredi
1206 1709 1238 1742 Γ
1260 1709 1296 1739 et
1321 1703 1555 1746 Puteolanus3
1582 1711 1666 1736 cor-

160 1753 255 1787 rexit
281 1751 465 1788 Acidalius
496 1757 531 1786 et
561 1752 702 1798 eleqrecli
727 1754 861 1797 primus
891 1752 1001 1787 edidit
1027 1753 1197 1791 Pichena.
1322 1755 1377 1788 11.
1406 1759 1579 1787 terrorem
1604 1762 1666 1786 ce-

161 1802 246 1836 teris
269 1803 348 1847 fore
374 1801 553 1843 universa,
581 1802 736 1846 repetito
766 1813 800 1836 v.
828 1803 995 1836 wziversa
1022 1813 1067 1836 ex
1093 1813 1200 1837 versu
1228 1802 1389 1847 proxime
1414 1801 1558 1846 prior,e
1586 1803 1667 1837 Γ4·

160 1852 238 1894 fore
262 1852 430 1884 universa
456 1849 686 1884 Puteolanus.
763 1850 912 1884 Nomam
935 1852 979 1886 Δ.

159 1899 252 1932 ratio
279 1900 322 1934 A.
455 1899 508 1933 15.
537 1899 748 1946 transveaeit]
777 1904 924 1934 tranare
950 1905 1053 1934 extra
1075 1902 1120 1944 Δ,
1148 1899 1299 1936 ιναηυεῶ
1325 1903 1364 1935 Γ.

160 1948 242 1982 TA:
266 1947 405 1992 patrius
431 1946 660 1981 Puteolanus.

1082 1851 1138 1886 14.
1167 1851 1323 1886 consiliis
1353 1852 1476 1899 (naves
1501 1849 1664 1896 deerant)

1484 1898 1540 1934 16.
1562 1899 1665 1946 prius

161 2082 292 2118 docent
330 2093 420 2129 quae
447 2089 646 2129 sequuntur
685 2089 719 2119 et
744 2084 874 2120 Ptole-

160 2131 389 2167 maeus113
423 2132 556 2174 §.182
604 2132 678 2170 ὑπό
718 2135 757 2170 δὲ
791 2137 880 2170 τού-

161 2193 249 2219 τους
276 2184 518 2227 (Παρίσους)
556 2184 621 2216 καὶ
661 2180 752 2223 τούς
785 2187 880 2230 Βρί-

160 2242 307 2276 γαντας
327 2230 479 2265 οἰκοῦσι
505 2230 550 2266 δι
544 2243 790 2279 σιιικωτατοι
808 2234 880 2280 ιιὲν

157 2277 381 2326 Ὅρδούικες.

236 2355 268 2383 et
294 2350 413 2394 quibus
428 2350 553 2385 bellum
566 2352 758 2387 volentibus
775 2358 876 2387 erat':

163 2407 198 2432 v·.
229 2403 349 2433 annot.
381 2398 425 2432 ad
453 2399 568 2434 11.111
596 2401 654 2435 43.

233 2470 387 2514 probare
415 2470 630 2516 exemplum,
659 2483 703 2505 ac
728 2469 880 2505 recentis

165 2513 273 2561 legati
301 2518 454 2551 animum
481 2520 658 2564 opperiri:
693 2531 737 2553 ac
762 2521 878 2563 parli-

162 2564 298 2599 ticula·
313 2566 455 2600 diversa
486 2577 582 2600 nunc
621 2568 760 2612 iungit,
800 2567 879 2601 utI

162 2612 232 2647 36.
262 2612 432 2658 placitum
458 2621 495 2649 ut
531 2615 700 2660 epistulae
738 2617 878 2649 nomine

160 2663 332 2708 principis
358 2663 607 2706 scriberentur,
635 2684 680 2690 --
707 2669 877 2697 exaucto-

160 2711 240 2743 rari
285 2712 343 2755 qui
386 2723 472 2745 sena
517 2712 609 2745 dena
659 2711 875 2756 (stipendia)

159 2759 348 2802 fecissent,
389 2771 433 2793 ac
458 2761 608 2794 retineri
634 2761 695 2794 sub
734 2759 874 2794 vexillo.

160 2805 324 2840 Rhenani
353 2810 562 2842 coniectura
583 2814 644 2842 aut
659 2829 705 2835 --
721 2808 878 2854 opperiri

160 2864 277 2899 neque
311 2858 516 2891 necessaria
552 2862 605 2891 est
639 2867 757 2902 neque
785 2866 876 2890 con-

160 2903 311 2936 veniens
338 2904 451 2938 Taciti
481 2905 744 2939 consuetudini.
786 2904 874 2939 Nam

161 2949 359 2988 infinitivos
387 2951 580 2990 historicos
605 2963 677 2989 non
703 2952 798 2991 solet
822 2954 874 2992 ita

950 2085 1137 2120 admittere
1161 2090 1200 2119 ut
1217 2086 1307 2121 alter
1334 2085 1436 2121 alteri
1453 2097 1496 2121 ex
1511 2086 1661 2122 adverso

951 2140 1114 2179 ponatur.

1020 2206 1137 2252 sparsi
1162 2217 1228 2252 per
1248 2207 1471 2252 provinciam
1504 2207 1663 2244 numeri:

950 2256 1089 2288 numeri
1115 2260 1197 2288 sunt
1217 2255 1385 2290 cohortes
1400 2255 1598 2302 legionum,
1622 2259 1662 2289 ut

950 2303 991 2336 Π.
1020 2302 1035 2336 I
1061 2303 1083 2338 6
1109 2308 1144 2337 et
1168 2303 1227 2339 87.
1300 2305 1475 2350 legionum
1499 2303 1659 2344 vexillis.-

954 2362 989 2386 ν.
1011 2357 1140 2387 annot.
1169 2351 1211 2386 ad
1241 2351 1256 2386 I
1281 2352 1340 2388 38.

1022 2429 1193 2458 terrorem
1215 2424 1340 2458 ceteris
1355 2425 1455 2469 fore.-
1483 2423 1522 2457 in
1536 2431 1661 2457 exem-

949 2471 1061 2515 plari,
1103 2472 1197 2506 unde
1237 2472 1436 2516 descriptus
1476 2475 1531 2504 est
1569 2470 1662 2505 liber

951 2521 1010 2564 qui
1038 2520 1118 2553 fons
1147 2519 1310 2554 codicum
1339 2522 1371 2554 Γ
1394 2524 1429 2553 et
1453 2520 1486 2553 Δ
1509 2518 1596 2561 suit,
1628 2519 1659 2552 is

949 2577 1118 2601 versuum
1133 2568 1232 2612 ordo,
1259 2572 1359 2612 puto,
1386 2567 1539 2601 obtinuit
1557 2571 1596 2600 ut
1621 2566 1659 2599 in

949 2617 1068 2659 priore
1094 2627 1201 2650 versu
1232 2618 1398 2663 universa
1433 2617 1587 2661 (yeme),
1621 2614 1659 2648 in

949 2665 1062 2698 altero
1108 2667 1186 2710 sore
1234 2664 1360 2699 eodem
1403 2663 1485 2698 loco
1525 2667 1658 2706 essent,

949 2713 1043 2746 unde
1065 2715 1247 2757 proximus
1268 2713 1383 2747 scriba
1396 2714 1475 2757 sore
1492 2713 1660 2747 universa

949 2761 1057 2795 dedit.
1086 2761 1219 2796 Similis
1246 2762 1425 2795 sententia
1448 2760 1490 2795 fl.
1524 2761 1555 2795 11
1587 2760 1658 2796 202

947 2820 1092 2865 quar-us,
1119 2815 1156 2843 ut
1178 2810 1296 2855 prima
1317 2809 1571 2855 provenissent,
1595 2809 1658 2852 [ιι-

948 2869 1041 2891 mam
1068 2858 1106 2891 in
1133 2863 1252 2892 cetera
1275 2861 1365 2903 lore.
1395 2856 1460 2891 XII
1492 2857 1561 2891 31.
1596 2855 1657 2890 ille

946 2915 1080 2950 9narus
1102 2907 1235 2963 primis·
1253 2905 1428 2941 eventibus
1453 2910 1580 2964 mentm
1596 2908 1658 2940 aut

943 2954 1110 3000 fiduciam
1136 2955 1246 3003 yiqni.
