1768 3216
717 268 805 304 Gn.
833 269 989 304 32—34.
1552 268 1601 302 53

95 368 247 444 maros
276 390 316 428 et
344 387 624 442 Angrivarios
661 386 925 440 immigrasse
964 389 1178 438 narratur,
1219 385 1349 440 pulsis
1387 385 1600 428 Bructeris

101 475 153 504 nc
180 447 348 516 penitus
379 462 535 504 excisis
566 462 798 502 vicinarum
830 472 1041 502 consensu
1071 461 1313 513 nationum,
1343 471 1420 503 seu
1449 473 1601 516 super-

100 535 197 579 biae
223 535 323 578 odio
339 552 362 588 ,·
397 548 475 577 seu
503 535 686 589 praedae
717 534 964 587 dulcedine,
1008 547 1085 577 seu
1113 535 1260 577 favore
1290 535 1470 589 quodam
1499 547 1603 591 erga

101 621 181 652 nos
211 609 398 652 deorum.
460 610 563 652 Nam
601 622 655 650 ne
699 609 939 664 spectaculo
986 609 1152 663 quidem
1200 609 1351 664 proelii
1393 609 1598 652 invidere.

100 674 235 738 super
263 685 484 739 sexaginta
514 684 626 726 milia
657 696 742 726 non
773 685 899 726 armis
930 684 1107 739 telisque
1135 685 1348 737 Romanis,
1379 685 1456 726 sed
1487 685 1631 740 quod5

101 757 436 813 magnificentius
468 757 845 811 est,'oblectationi
877 758 1092 813 oculisque
1120 759 1378 800 ceciderunt.
1419 759 1598 811 Maneat,

102 821 294 886 quaeso,
337 831 539 886 duretque
574 832 797 887 gentibus,
846 833 882 874 si
917 845 1002 874 non
1042 844 1160 874 amor
1190 834 1350 886 nostri,
1399 837 1440 875 at
1483 837 1598 875 certe

101 906 242 948 odium
271 907 351 959 sui,
384 907 549 961 quando
580 907 826 961 urgentibus
857 907 1019 960 imperii
1049 907 1145 949 fatis
1164 907 1268 949 nihil
1283 908 1365 949 iam
1382 911 1599 962 praestare

28 1051 89 1093 :34

101 980 267 1023 fortuna
292 981 425 1023 maius
456 985 593 1035 potest
623 993 745 1035 quam
775 981 955 1023 hostium
982 981 1252 1024 discordiam.

234 1055 513 1110 Angrivarios
545 1060 587 1097 et
619 1055 852 1097 Chamavos
884 1068 907 1097 a
938 1060 1060 1110 tergo
1090 1055 1305 1110 Dulgibini
1322 1061 1363 1097 et
1381 1057 1598 1099 Chasuarii
1614 1069 1651 1100 ιο

238 1195 269 1228 1.
296 1194 527 1238 angrinari'os
551 1203 729 1237 supet-scr.
757 1193 801 1226 ab
828 1193 874 1227 al.
904 1204 949 1226 m.
975 1205 1006 1227 t.
1130 1195 1165 1228 4.

97 1252 276 1287 superscr.
306 1241 420 1276 altero
446 1241 460 1274 l
484 1241 521 1275 P.

102 1292 159 1374 lg.
184 1291 416 1348 apyriuan’os
442 1296 475 1324 et
500 1290 691 1324 ckamanos
718 1290 756 1324 P.

99 1351 120 1374 c
155 1350 227 1374 om.

99 1461 243 1497 dentem
265 1470 392 1496 versus
420 1462 456 1494 in
485 1460 590 1495 sedes
615 1461 812 1495 Bructero-

98 1521 175 1545 rum
202 1510 509 1556 immigraverant.

195 1591 281 1615 nam
329 1591 374 1614 ne
427 1580 627 1627 spectaculo
675 1579 814 1623 quidem

93 1629 226 1676 proclii
255 1629 438 1663 invidere.-
477 1629 521 1663 de
567 1628 717 1662 ablativi
753 1638 813 1661 ra-

97 1680 198 1712 tione
225 1676 299 1711 dixi
325 1677 370 1712 ad
397 1677 412 1712 1
438 1679 498 1713 22.
548 1677 620 1711 Res
644 1687 665 1710 a
691 1675 812 1709 Tacito

78 1730 305 1768 'memorab-1,
333 1737 452 1772 neque
479 1727 624 1771 cognita
652 1724 811 1766 aliunde,

97 1780 179 1820 post
202 1785 333 1809 aunum
362 1786 383 1809 a
408 1773 492 1808 Chr.
522 1775 569 1809 70
596 1778 631 1807 et
668 1778 752 1806 ante
776 1783 811 1806 a.

97 1823 145 1859 98
181 1822 287 1857 huius
332 1822 415 1857 libri
460 1822 615 1856 natalem
667 1820 811 1855 accidit.

97 1871 186 1906 Nam
214 1871 280 1905 sub
306 1872 447 1906 initium
484 1871 707 1915 principatus
736 1869 813 1903 Ve-

98 1920 257 1965 spasiani
296 1919 549 1954 Bructerorum
581 1917 736 1963 populus
778 1922 813 1951 ot

100 1967 230 2003 civitas
254 1967 371 2003 adhuc
399 1967 591 2002 incolumis
617 1967 749 2008 extitit,
775 1971 813 1999 ut

99 2017 214 2063 liquet
251 2027 296 2051 ex
330 2017 372 2051 H.
400 2016 450 2051 1v
475 2017 519 2052 21
555 2020 591 2050 et
616 2015 662 2051 61
691 2020 727 2049 et
754 2015 812 2058 77,

154 2134 383 2177 oblectationi
397 2134 573 2179 oculisque
590 2135 814 2169 ceciderunt:

99 2182 170 2218 hoc
193 2183 448 2218 delectationis
474 2184 642 2218 evenisse
671 2184 814 2217 Vestri-

98 2231 156 2266 'cio
181 2232 382 2276 Spurinnae
410 2237 445 2266 et
464 2233 638 2266 exercitui
667 2234 703 2266 in
730 2232 812 2264 fini-

98 2280 166 2314 hus
192 2280 443 2314 Bructerorum
470 2285 556 2313 tunc
579 2280 808 2314 tendentibus

100 2329 256 2362 coniicio
282 2329 328 2362 ob
354 2339 398 2362 ea
423 2339 516 2373 quae
543 2328 678 2361 Plinius
692 2327 807 2371 Epist.

99 2375 131 2410 ll
157 2377 177 2411 7
205 2377 384 2416 narravit:
404 2377 587 2421 Spurinna
610 2376 815 2409 Bructerum

99 2436 218 2471 regem
227 2425 261 2458 vi
274 2430 306 2459 et
321 2425 429 2458 armis
444 2424 584 2458 induxit
600 2425 639 2457 in
655 2434 812 2469 regnum,

100 2479 337 2518 ostentatoque
355 2473 443 2507 bello
459 2474 715 2517 ferocissimam
723 2483 813 2516 yen-

100 2527 169 2556 tem
195 2544 240 2550 --
266 2528 404 2556 terrore
426 2521 637 2567 perdomuit.
665 2520 814 2554 Scilicet

100 2572 346 2605 conterminae
370 2574 512 2616 gentes,
539 2569 625 2604 belli
647 2568 815 2603 occasio-

100 2630 182 2653 nem
218 2624 418 2653 nactae·et
445 2629 465 2652 a
489 2623 590 2662 parte
619 2617 815 2651 Bructero-

100 2678 177 2700 rum
205 2669 343 2701 accitae
358 2666 401 2700 ad
416 2665 675 2700 exturbandum
693 2675 814 2711 regem

102 2714 280 2757 invisum,
307 2719 392 2748 tunc
422 2714 616 2748 Bructeros
644 2713 816 2747 videntur

102 2763 282 2797 devicisse
321 2768 357 2796 et
383 2762 519 2797 fudisse
547 2772 661 2806 paene
687 2761 730 2795 ad
757 2762 816 2795 in-

102 2812 348 2846 ternecionem
376 2813 510 2856 gentis.
562 2810 728 2844 Ceterum
771 2821 815 2843 ex

99 2861 159 2894 his
208 2859 327 2894 verbis
382 2864 417 2893 et
464 2869 556 2905 quae
605 2863 815 2903 sequuntur,

104 2908 231 2942 falsam
267 2909 487 2942 sententiam
518 2908 701 2953 corrigere
728 2917 816 2951 pos·

104 2961 186 2991 sunt
209 2958 271 3001 qui
296 2958 499 3000 opinantur,
515 2955 672 2989 Tacitum
697 2965 817 2988 amore

105 3005 257 3052 quodam
294 3009 331 3040 ct
362 3004 597 3041 admiratione
621 3003 818 3039 Germano-

1208 1192 1277 1239 ᾔῑίὶ
1302 1194 1340 1227 Ρ.
1439 1195 1472 1228 5.
1498 1194 1599 1228 milia

588 1241 623 1276 8.
651 1241 789 1286 quando
814 1242 1017 1286 uryentibus
1043 1242 1082 1275 id
1107 1242 1247 1286 imperii
1269 1242 1355 1286 fatis
1377 1241 1469 1275 nituit
1491 1243 1536 1276 ia‘
1559 1242 1596 1276 Ρ.

834 1290 1045 1334 ctnlyitubini
1068 1289 1113 1322 P:
1141 1290 1202 1323 alii
1229 1289 1401 1335 daelqibini
1426 1295 1487 1323 aut
1514 1291 1596 1325 dut-

303 1338 487 1373 chomatis·
511 1339 544 1372 Δ
567 1343 603 1373 et
626 1338 713 1372 alii:
740 1339 891 1373 tasuarii
918 1338 956 1373 P.

884 1470 961 1494 rum
1003 1463 1201 1504 permotum
1242 1459 1286 1493 ad
1329 1459 1424 1494 hunc
1470 1459 1598 1494 librum

883 1508 1175 1553 perscribendum
1200 1508 1410 1542 accessisse.
1464 1507 1518 1542 cf.
1561 1521 1592 1543 c.

883 1557 931 1592 20
963 1562 999 1590 et
1041 1558 1087 1592 23
1130 1567 1295 1602 quaeque
1335 1556 1387 1590 ibi
1428 1562 1598 1591 annotata

883 1610 975 1640 sunt

956 1676 1094 1720 quando
1127 1675 1331 1720 arqentilms
1369 1695 1415 1702 —-
1455 1676 1595 1709 discor-

883 1725 1002 1759 diam.-
1039 1735 1169 1769 uryerc
1192 1723 1299 1758 solita
1329 1723 1595 1770 significatione

883 1773 1035 1814 dictum,
1077 1771 1111 1806 h.
1142 1783 1173 1805 e.
1209 1772 1404 1815 premendo
1442 1777 1479 1807 et
1516 1777 1596 1806 tru-

882 1821 999 1855 dendo
1033 1820 1234 1854 molestiam
1262 1820 1447 1855 exhibere.
1498 1822 1597 1855 Haec

882 1869 1044 1904 scribens
1073 1869 1248 1915 cogitavit
1274 1868 1318 1902 de
1344 1868 1506 1903 cladibus
1520 1869 1597 1904 Ro-

883 1928 1065 1952 manorum
1106 1928 1137 1950 a.
1165 1917 1214 1952 69
1239 1922 1275 1950 et
1302 1917 1348 1952 70
1369 1928 1390 1951 a
1417 1917 1536 1952 Civile
1561 1922 1598 1952 et

882 1967 991 2000 sociis
1017 1965 1150 2007 illam,
1183 1966 1292 1999 etiam
1317 1965 1362 2000 de
1387 1965 1492 2000 malis
1513 1965 1597 2000 bel..

883 2015 998 2049 lorum
1039 2013 1221 2056 civilium,
1263 2018 1335 2047 tum
1374 2013 1420 2048 de
1458 2013 1596 2048 damnis

882 2064 1045 2108 principe
1092 2062 1300 2096 Domitiano
1349 2063 1510 2107 acceptis
1561 2067 1597 2097 et

882 2111 1036 2146 nondum
1065 2121 1086 2144 a
1116 2110 1265 2144 Traiano
1292 2110 1439 2154 punitis.
1489 2110 1595 2146 Falso

883 2162 1137 2204 interpretatur
1162 2157 1343 2192 Orellius:
1366 2161 1461 2193 ‘cnm
1478 2159 1597 2194 fatalis

883 2208 1055 2255 quaedam
1091 2207 1288 2241 necessitas
1332 2212 1439 2252 cogat
1478 2209 1597 2251 impe..

884 2260 974 2292 rium
1004 2257 1199 2290 Romanum
1235 2254 1325 2288 fines
1364 2265 1448 2288 suos
1489 2255 1596 2288 latins

882 2315 1025 2348 semper
1063 2302 1285 2344 extendere3
1323 2302 1358 2335 id
1387 2302 1483 2347 quod
1518 2304 1597 2346 ipse

883 2364 962 2387 cum
993 2353 1146 2384 maxime
1172 2351 1265 2383 hanc
1301 2360 1420 2384 curam
1455 2351 1491 2384 in
1518 2361 1597 2384 ma-

883 2401 987 2435 nibus
1015 2399 1150 2433 habens
1183 2398 1260 2432 fleri
1295 2397 1385 2431 vidit
1418 2398 1484 2432 sub
1509 2398 1596 2432 Tra-

884 2451 989 2490 iano,
1023 2447 1088 2481 sub
1128 2457 1199 2492 quo
1230 2458 1274 2481 ex
1308 2448 1486 2480 communi
1513 2448 1597 2491 opi-

883 2499 991 2531 nione
1035 2496 1144 2542 longe
1186 2494 1474 2529 florentissimum
1521 2500 1598 2529 erat

884 2537 1072 2590 imperium
1116 2545 1312 2578 Romanum
1360 2554 1479 2589 neque
1530 2543 1596 2577 ulli

885 2593 1080 2628 discrimini
1129 2593 1236 2627 etiam
1274 2592 1395 2626 futuro
1435 2597 1594 2635 tempore

886 2643 1088 2687 expositum
1118 2641 1307 2674 videbatur
1348 2645 1594 2684 praeterquam

884 2693 944 2725 uni
982 2691 1135 2724 fortasse
1167 2688 1312 2722 Tacito’.
1368 2689 1478 2721 Immo
1517 2698 1594 2720 cum

884 2739 1026 2773 Tacitus
1078 2738 1167 2771 haec
1214 2737 1378 2780 scripsit,
1426 2735 1596 2769 Traianus

885 2798 1002 2832 neque
1059 2786 1199 2830 imperii
1254 2784 1341 2817 lines
1385 2783 1594 2827 protulerat,

887 2846 1004 2880 neque
1033 2834 1076 2867 de
1103 2838 1207 2866 aucto
1237 2832 1295 2866 vel
1322 2832 1487 2876 augendo
1527 2833 1596 2865 im-

887 2885 975 2928 perii
1002 2881 1136 2916 ambitu
1163 2880 1353 2925 quidquam
1382 2881 1417 2913 in
1443 2880 1497 2914 his
1512 2890 1596 2913 ver-

888 2933 942 2966 bis
970 2932 1073 2964 inest.

962 3000 1046 3046 Cap.
1074 2999 1133 3036 34.
1186 3011 1207 3034 a
1235 3005 1331 3045 tet-90
1358 2998 1540 3046 Dulqtbini
1566 3004 1598 3033 et
