1768 3216
119 215 296 273 ἣδε).

581 214 716 250 LlBER
741 214 801 250 ln.
855 214 943 250 Cn.
972 216 1128 251 27—30.

120 334 278 381 ‹at-dux
305 334 513 377 Antonius
545 346 639 376 cum
667 333 843 375 delectis
877 334 1149 376 auxiliaribus
1180 333 1331 375 eodem
1362 333 1623 375 incubuerat.

120 410 363 454 Obstinatos
394 410 503 451 inter
532 422 581 452 se
610 421 703 450 cum
731 410 943 451 sustinere
979 409 1191 450 Vitelliani
1231 409 1455 462 nequirent
1482 412 1524 450 et
1550 419 1626 451 su-
1634 414 1726 489 BG
1751 467 1759 475 .

117 464 668 538 mmmmm
699 484 940 525 laberentur

733 530 910 545 ...a-‘—

119 558 164 600 in
179 559 407 601 subcuntes
424 558 662 612 propulere,
694 570 800 611 quae
830 562 874 598 ut
899 557 952 598 ad
980 569 1182 610 praesens
1213 557 1382 598 disiecit
1409 557 1629 611 obruitque

120 644 226 750 2:³08
264 633 496 685 inciderat,
543 634 597 675 ita
633 634 782 687 pinnas
821 646 871 674 ac
908 644 1067 674 summa
1105 610 1204 673 valli
1232 633 1352 673 ruina
1386 644 1461 673 sua
1490 632 1628 674 traxit.
1643 620 1733 682 5αῇ
1738 638 1768 703 [ι

121 707 164 751 Si
207 707 251 749 ul
287 702 441 750 iuncta
467 708 594 749 turris
634 707 784 749 ictibus
828 718 1026 749 saxorum
1070 706 1211 748 cessit.
1274 707 1363 755 Qua
1409 706 1629 761 septimani
1661 738 1683 747 κ.
1712 726 1732 752 η

121 783 218 826 dum
268 783 668 842 chuneis,
712 783 915 824 tertianus
957 781 1177 823 securibus
1203 781 1452 847 gladiisque
1469 785 1632 847 an
1656 767 1733 834 [ἦ

117 857 339 974 Ψ.
400 857 579 898 Primum
607 857 817 910 inrupisse
847 856 994 898 Gaium
1061 855 1238 896 olusium
1277 856 1423 897 tertiae
1448 844 1631 910 legionis
1670 876 1746 912 J

121 932 251 975 m'te

951 514 963 534 ,
1010 483 1141 536 ipsam
1180 487 1394 536 postremo
1422 483 1627 525 ballistam
1672 502 1768 562 s&

1654 834 1691 851 ν’)
1712 828 1768 857 ,2224

253 944 293 973 m
321 932 430 972 inter
459 943 605 973 omnes
627 935 832 973 auctores
869 935 1045 972 constat.
1097 931 1135 972 Is
1166 931 1208 971 in
1234 930 1387 971 vallum
1415 942 1630 985 egressus,

123 1006 354 1049 deturbatis
396 1007 465 1060 qui
509 1007 777 1058 restiterant,
826 1006 1080 1059 conspicuus
1119 1017 1243 1046 manu
1283 1017 1482 1047 ac-voce
1513 1009 1633 1058 capta
1648 994 1715 1051 ios.
1738 1023 1768 1051 ².

126 1085 270 1124 (τείνει
316 1080 609 1123 conclamavit.
670 1081 810 1122 Ceteri
849 1080 1024 1134 trepidis
1071 1080 1152 1121 iam
1179 1080 1413 1122 Vitellianis
1448 1091 1579 1133 seque
1610 1092 1635 1121 e

123 1155 235 1199 vallo
273 1142 646 1211 praecipitant-ibus
694 1167 938 1209 perrupere.
1001 1155 1240 1209 Completur
1280 1155 1412 1197 caede
1440 1159 1635 1209 quantum

53 1233 234 1275 30inter
261 1236 399 1274 castra
429 1243 655 1285 murosque
683 1231 806 1272 vacui
839 1231 927 1272 suit.
988 1230 1052 1271 Ac
1100 1242 1247 1272 rursus
1291 1242 1400 1285 nova
1446 1229 1636 1289 laborum

1318 1284 1474 1302 &baffi-7

124 1307 287 1360 facies,
321 1306 451 1348 ardua
481 1306 599 1348 urbis
626 1307 818 1358 moenia,
852 1318 1008 1348 saxeae
1042 1310 1205 1358 turres,
1247 1305 1393 1347 ferrati
1421 1291 1636 1359 portarum

124 1364 294 1434 o‘b-i‘c’es,
334 1382 507 1423 vibrans
535 1382 617 1423 tela
648 1382 793 1434 miles,
832 1381 1032 1435 frequens
1063 1381 1371 1434 obstrictusque
1403 1380 1688 1425 Vitellianisis

123 1456 312 1511 partibus
354 1457 654 1499 Creme-nensis
690 1457 894 1511 populuS,
937 1469 1089 1511 magna
1126 1469 1225 1510 pars
1270 1455 1413 1497 ltaliae
1453 1459 1562 1496 stato
1593 1455 1636 1495 in

125 1531 300 1573 eosdem
327 1532 419 1575 dies
438 1536 627 1574 mercatu
644 1536 935 1588 congregata3
967 1532 1077 1586 quod
1110 1531 1407 1573 defensoribus
1431 1530 1635 1597 ‚attritum

264 1699 300 1735 3.
340 1699 424 1734 aaa.
454 1698 528 1734 Ma:
555 1699 624 1734 bal.
652 1699 691 1734 G.

125 1760 191 1795 que
217 1748 257 1783 G.
350 1748 386 1783 8.
415 1748 456 1783 G.
484 1747 550 1783 Ma.

127 1803 163 1832 et
188 1796 289 1832 Bodl.
318 1796 415 1831 Harl.
542 1798 597 1832 12.
622 1808 719 1843 pree.
747 1795 812 1830 Ma.

198 1962 303 1996 varia
324 1962 546 2008 pereuntium
565 1963 682 2007 forma
700 1967 731 1995 et
755 1962 851 1995 omm‘

127 2012 283 2056 imaqtne
295 2011 457 2044 mortium
469 2022 482 2044 .·
506 2015 757 2055 comparantur
766 2011 850 2044 Vir-

131 2059 211 2106 gilii
237 2060 329 2095 Aen.
358 2058 390 2093 ll
414 2059 487 2095 369
519 2059 644 2104 ubique
675 2071 788 2105 pavor
819 2065 850 2092 et

125 2107 283 2154 plurima
306 2108 429 2142 mortis
451 2109 568 2153 imago
584 2134 593 2151 ,
633 2107 850 2152 Thucydidis

128 2155 176 2191 Ill
200 2156 246 2191 81
277 2158 389 2193 πᾶσα
417 2156 502 2193 ἰδέα
528 2160 690 2201 κατέστη
718 2156 849 2192 θανά-

129 2217 217 2248 του,
259 2205 307 2241 98
332 2206 441 2242 πῆσα
477 2205 561 2241 ἰδέα
592 2211 752 2249 κατέστη
789 2208 850 2249 τῆς

159 2267 188 2288 νυ
206 2266 271 2296 ‘'19-

133 2267 158 2300 (l
191 2267 289 2346 7Cap.
319 2301 379 2337 29.
436 2302 628 2336 obstinatos
660 2304 755 2336 inter
791 2314 851 2335 se:

132 2349 255 2395 cogita
284 2349 500 2383 testudinem
530 2350 662 2384 firmam
692 2355 727 2384 et
753 2350 853 2384 nulla

68 2422 73 2451 ἲ
130 2402 233 2442 parte
259 2396 458 2432 fluitantem
486 2398 715 2433 labantemve
741 2400 852 2432 susti-

11 2461 17 2464 ’
68 2453 74 2484 3
131 2451 271 2481 nentes.

201 2495 406 2540 superiacta
436 2495 507 2530 tela
543 2496 712 2530 testudine
752 2495 851 2529 labe-

133 2549 279 2577 rentur:
309 2544 425 2578 forma
449 2546 664 2590 superiacta,
694 2544 853 2579 Sallustii

134 2591 299 2636 exemplo
330 2598 366 2626 et
393 2604 438 2627 ex
463 2604 529 2626 usu
556 2594 703 2639 antiquo
730 2595 853 2636 ascita,

134 2641 289 2673 recurrit
315 2641 355 2674 H.
386 2641 416 2674 V
442 2641 477 2675 6.
542 2641 765 2675 Laberentur
791 2652 854 2686 pro

135 2686 384 2721 delaberentur
419 2690 574 2732 positum
603 2690 649 2723 ob
678 2700 754 2723 eam
782 2692 854 2723 vim

134 2735 230 2769 nudo
274 2734 433 2770 ablativo
483 2739 683 2771 consociari
725 2739 853 2781 potuit.

137 2783 365 2828 Comparavit
410 2784 665 2819 Doederlinius
709 2786 854 2832 Virgilii

135 2832 227 2866 Aen.
265 2831 311 2866 x!
355 2832 427 2868 588
459 2832 579 2867 labere
622 2834 852 2881 (descende),

135 2880 300 2927 nympha,
323 2881 405 2926 polo
419 2894 432 2924 ‚·
461 2881 591 2928 Georg.
619 2881 635 2915 l
661 2881 733 2918 366
754 2883 854 2916 vide-

138 2929 188 2964 bis
210 2930 426 2976 praecipites
452 2930 548 2964 coelo
578 2929 662 2964 labi.

211 2975 391 3014 securibus
413 2977 629 3025 ytadiisque:
655 2977 853 3026 gladiorum

797 1700 832 1734 4.
881 1699 1024 1733 disiecto
1051 1697 1209 1742 bruitque
1236 1695 1318 1731 Ma:
1359 1696 1494 1730 disiecit
1521 1695 1634 1730 obruit

646 1749 702 1783 10.
729 1748 938 1782 resisterunt
962 1745 1027 1789 Ma,
1056 1747 1259 1780 resisterent
1287 1745 1340 1779 G:
1373 1746 1578 1779 restiterant
1608 1743 1636 1778 G

940 1797 995 1831 13.
1036 1806 1080 1829 ac
1107 1806 1231 1829 rursus
1258 1792 1353 1837 GMa,
1382 1799 1419 1828 at
1444 1805 1567 1829 rursus
1594 1791 1634 1828 C.

920 1962 956 1994 in
982 1959 1241 2005 perfringenda
1271 1963 1372 2003 porta
1392 1957 1512 1992 nullus
1537 1967 1636 2000 usus,

920 2009 983 2043 sed
1009 2009 1141 2042 milites
1168 2007 1351 2041 Vitelliani
1386 2008 1445 2053 qui
1474 2018 1551 2041 eam
1578 2007 1638 2040 in-

921 2063 976 2091 tus
1003 2057 1260 2100 defenderent,
1287 2056 1399 2090 fracta
1425 2060 1528 2100 porta
1555 2055 1638 2101 gla-

921 2106 989 2140 diis
1017 2105 1249 2140 confodiendi
1279 2110 1379 2139 erant
1397 2132 1406 2148 ,
1442 2110 1481 2137 ut
1517 2105 1577 2138 via
1603 2104 1639 2137 in

922 2160 1038 2189 castra
1086 2154 1395 2200 oppugnatoribus
1439 2152 1639 2197 patefieret.

922 2203 959 2237 ld
975 2204 1135 2238 breviter
1152 2203 1331 2237 securibus
1346 2202 1540 2248 yladiisque
1555 2212 1642 2246 per-

920 2254 1079 2297 fringere
1109 2257 1249 2297 portam
1289 2251 1348 2285 bic
1380 2256 1504 2284 noster
1540 2250 1641 2284 dixit.

922 2300 1051 2344 Ryckii
1079 2301 1215 2333 amicus
1234 2298 1332 2343 (Nic.
1351 2299 1540 2344 Heinsius)
1559 2308 1643 2331 cor-

923 2348 1065 2394 rigebat
1093 2348 1326 2392 dolabrisque.

990 2398 1020 2430 is
1044 2398 1082 2429 in
1107 2395 1239 2430 vallum
1267 2407 1446 2441 egressus:
1474 2405 1540 2439 per
1557 2403 1643 2439 por-

923 2450 992 2478 tam
1042 2444 1357 2491 (Bedriacensem)
1398 2443 1567 2478 Volusius
1606 2444 1643 2477 in

926 2499 1040 2528 castra
1053 2495 1214 2538 prorupit
1227 2498 1263 2527 et
1283 2493 1328 2527 ab
1346 2494 1520 2527 interiore
1544 2496 1644 2537 parte

927 2544 962 2576 in
990 2542 1124 2576 vallum
1151 2554 1310 2587 cyressus
1336 2547 1401 2589 est.

926 2598 1046 2625 castra
1073 2591 1335 2637 conclamavit:
1361 2591 1396 2624 id
1423 2589 1566 2623 videtur
1586 2589 1644 2622 fe-

926 2641 1018 2674 cisse
1045 2645 1083 2672 ut
1109 2641 1286 2684 potiretur
1313 2649 1443 2672 corona
1472 2637 1644 2671 castrensi

925 2690 1002 2723 sive
1028 2689 1175 2731 vallari,
1217 2688 1362 2721 militari
1402 2687 1561 2730 praemio
1599 2683 1644 2717 ob

926 2738 1102 2771 eiusmodi
1132 2737 1272 2770 facinus
1299 2736 1405 2768 tribui
1434 2733 1555 2767 solito.

1539 2549 1645 2586 capta

1000 2785 1158 2829 Cap.30.
1203 2795 1295 2817 nota
1321 2783 1480 2817 laborum
1505 2782 1644 2827 facies:

927 2834 1068 2867 confert
1121 2831 1306 2866 Acidalius
1363 2829 1508 2876 Virgilii
1553 2831 1644 2864 Aen.

929 2882 974 2915 vt
1007 2882 1100 2916 104:
1126 2891 1198 2913 non
1223 2879 1299 2912 ulla
1324 2879 1495 2922 taborum,
1524 2891 1543 2912 ο
1567 2880 1646 2913 τὺ·-

925 2942 980 2976 90,
1007 2940 1098 2962 nova
1113 2929 1160 2962 mi
1177 2929 1290 2973 facies
1310 2928 1500 2974 inopinave
1519 2928 1644 2974 surgit.

1000 2977 1172 3012 auxilium
1198 2976 1238 3011 ob
1262 2976 1535 3015 multitudinem:
1561 2976 1646 3024 qui-
