1768 3216
660 210 795 246 LIBER
820 210 879 245 IV.
931 209 1019 246 CAr.
1050 210 1203 247 18—19.
1576 213 1648 247 ³⁰1

1196 237 1407 315 Χζιμ-’ῒε
1430 277 1461 305 ι,

147 323 348 379 effugium
379 324 619 380 legionibus
672 327 714 366 in
765 331 903 368 castra
947 327 1100 380 quibus
1141 327 1336 368 Veterum
1376 338 1530 369 nomen
1574 332 1650 369 est.

143 399 384 442 Praefectus
415 398 507 443 alae
528 399 778 443 Batavorum
798 401 993 443 Claudius
1015 402 1171 454 LabeO,
1195 402 1404 456 oppidano
1424 394 1654 444 certamine

146 474 334 516 aemulus
365 475 501 527 Civili,
534 487 590 516 ne
620 476 866 518 interfectus
893 476 1091 518 invidiam
1123 476 1228 531 apud
1258 476 1482 532 populares
1502 476 1586 529 vel,
1614 476 1655 518 si

143 548 411 601 retineretur,
441 549 604 591 semina
631 549 872 592 discordiae
902 551 1152 604 praeberet,
1185 551 1227 591 in
1258 551 1415 593 Frisios
1447 550 1651 593 avehitur.

283 622 420 665 Isdem
461 623 608 665 diebus
651 623 900 666 Batavorum
942 629 1000 676 [et
1043 625 1395 678 Canninefatium]
1438 616 1683 678 cohortes,5

145 709 238 738 cum
268 697 385 739 iussu
404 697 559 740 Vitellii
585 699 628 739 in
657 699 800 740 urbem
831 703 1071 753 pergerent,
1104 699 1256 742 missus
1279 712 1303 741 a
1325 699 1456 741 Civile
1485 700 1652 741 nuntius

144 771 401 826 adsequitur.
463 771 700 814 Intumuere
729 773 868 814 statim
900 773 1095 827 superbia
1125 773 1384 827 ferociaque,
1414 778 1456 815 et
1475 774 1654 828 pretium

142 845 304 887 itineris
332 845 589 898 donativum,
620 847 774 900 duplex
802 847 1077 900 stipendium,
1110 849 1257 912 augeri
1289 860 1312 889 e
1371 848 1470 889 itum
1499 860 1652 905 uume-

140 930 255 972 rum,
286 921 494 974 promissa
519 933 623 962 sane
654 934 679 962 a
707 921 903 974 Vitellio,
933 921 1221 975 postulabant,
1250 934 1336 963 non
1367 927 1411 964 ut
1440 922 1654 976 adseque-

143 975 317 1046 reffiur,
345 994 422 1036 sed
454 1007 624 1036 causam
654 995 869 1037 seditioni.
931 996 981 1037 Et
1011 997 1187 1038 Flaccus
1215 996 1341 1037 multa
1373 987 1711 1039 concedend'oto

143 1068 248 1111 nihil
278 1068 389 1110 aliud
421 1068 623 1110 effecerat
653 1082 775 1123 quam
803 1074 846 1110 ut
867 1070 1007 1112 acrius
1034 1075 1316 1124 exposcerent
1335 1083 1442 1125 quae
1462 1071 1655 1113 sciebant

141 1147 403 1198 negaturum.
468 1143 617 1197 Spreto
661 1144 813 1186 Flacco
853 1145 1097 1187 inferiorem
1139 1146 1404 1188 Germaniam
1450 1146 1654 1200 petivere,

141 1221 187 1259 ut
209 1217 331 1259 Civili
357 1218 646 1272 iungerentur.
697 1218 964 1261 Hordeonius
996 1220 1191 1261 adhibitis
1223 1220 1401 1261 tribunis
1433 1221 1653 1261 centurio-

141 1292 350 1346 nibusque
381 1292 631 1334 consultavit
661 1305 756 1334 num
789 1293 1033 1347 obsequium
1067 1280 1299 1336 abnuentes
1339 1294 1381 1335 vi
1414 1297 1648 1336 coerceret.

139 1365 240 1417 Mox
267 1366 392 1408 insita
422 1366 591 1421 ignavia
624 1371 663 1408 et
693 1367 867 1421 trepidis
895 1368 1112 1420 ministris,
1143 1380 1248 1422 quos
1275 1368 1494 1423 ambiguus
1525 1369 1651 1410 auxi-
1664 1381 1708 1416 ’,ς’

141 1439 292 1482 liorum
321 1441 484 1482 animus
517 1445 556 1482 et
586 1440 724 1482 subito
756 1441 925 1483 delectu
954 1441 1168 1496 suppletae
1196 1442 1390 1496 legiones
1422 1442 1648 1497 angebant,

138 1516 281 1558 statuit
321 1516 542 1557 continere
579 1516 687 1558 intra
718 1521 855 1558 castra
895 1517 1094 1558 militem:
1146 1517 1244 1558 dein
1280 1518 1562 1571 paenitentia,
1610 1521 1652 1558 et

140 1589 410 1644 arguentibus
441 1590 642 1644 ipsis‘qui
668 1596 911 1643 suaserant,
959 1596 1163 1645 tamquam
1195 1596 1435 1644 secuturus,
1481 1591 1651 1645 scripsit

138 1663 354 1705 Herennio
385 1663 503 1706 Gallo
533 1664 716 1719 legionis
739 1666 899 1719 primae
930 1666 1086 1720 legato,
1119 1666 1188 1719 qui
1210 1666 1398 1715 Bonnam
1417 1666 1646 1718 obtinebat,
1681 1651 1768 1703 ΙΞ-η·

1250 1713 1364 1726 φ

138 1743 184 1780 ut
213 1743 383 1781 arceret
411 1739 588 1781 transitu
617 1738 824 1781 Batavos:
872 1753 919 1781 se
968 1752 1061 1781 cum
1109 1741 1296 1782 exercitu
1336 1741 1470 1795 tergis
1501 1752 1703 1787 eorumao

153 207 247 244 ιῦ.
273 208 335 246 60.

77 629 134 668 19

239 1926 242 1928 Α
282 1895 317 1929 2.
341 1895 434 1939 pref.
459 1892 523 1927 Ma.
600 1895 635 1928 3.
663 1895 795 1928 emulus
820 1891 884 1928 Ma.
959 1894 1096 1928 invidia
1124 1893 1191 1928 Ma:
1221 1894 1249 1928 G
1274 1895 1427 1928 inuidia.
1497 1897 1533 1929 4.
1560 1906 1649 1929 ave-

138 1940 347 1976 luftau-Gna:
373 1942 558 1976 advehitur
570 1943 660 1987 Reg.
710 1944 744 1977 5.
772 1943 928 1976 Cannin.
949 1942 1022 1976 Ma:
1050 1945 1170 1976 canin.
1185 1943 1224 1977 G.
1301 1949 1333 1977 et
1354 1943 1646 1987 Canninefatium

140 1990 290 2025 seclusit
315 1990 443 2025 editor.
543 1992 577 2026 7.
605 1992 731 2037 fitium.
763 1990 828 2025 Ma.
931 1991 967 2026 8.
994 1991 1218 2034 donativum,
1245 2002 1315 2025 non
1343 1992 1555 2032 donatiam,
1580 1991 1644 2026 Ma.

142 2040 198 2073 11.
228 2039 328 2073 aliud
354 2038 450 2083 Gma,
478 2039 610 2073 omittit
637 2039 675 2074 Β.
731 2041 786 2074 15.
814 2040 1030 2074 auxiliorum
1055 2040 1272 2074 auxit-'orum
1297 2039 1363 2075 Ma.
1434 2039 1488 2074 16.
1517 2039 1646 2074 dilectu

135 2086 213 2121 Ma:
240 2086 268 2122 G
293 2087 439 2122 delectu.
540 2089 718 2134 angebant
743 2087 848 2122 GM³:
876 2089 1052 2134 augebant
1079 2089 1271 2133 Spirensis.
1372 2090 1426 2123 17.
1449 2090 1648 2134 penitentia

123 2133 202 2170 Ma.
289 2135 345 2171 19.
374 2137 566 2171 taen-ennio
593 2135 677 2171 Ma:
703 2137 731 2171 G
756 2137 940 2171 herennio.
1015 2138 1141 2172 bonam
1180 2137 1275 2172 Gilia.

136 2279 339 2327 cohortes),
382 2280 425 2315 Η.
459 2281 504 2316 lv
541 2282 583 2316 15
629 2283 858 2326 (Batavorum

137 2329 326 2374 cohortes).
374 2329 491 2363 Etiam
522 2329 591 2363 hoc
624 2332 703 2374 ipso
740 2333 858 2374 capite

137 2377 286 2421 Batavi,
322 2379 407 2411 item
435 2388 512 2422 cap.
543 2379 591 2413 20
617 2378 855 2423 appellantur.

136 2425 331 2472 Nusquam,
347 2427 509 2471 exceptis
524 2425 579 2461 his
597 2427 730 2470 verbis,
741 2429 858 2461 vesti-

138 2475 236 2520 gium
264 2474 366 2509 adest
390 2485 461 2520 quo
487 2484 695 2509 moneamur
720 2477 756 2508 in
782 2476 856 2509 illis

137 2523 345 2558 cohortibus
364 2524 472 2557 etiam
490 2523 745 2558 Canninefates
763 2524 855 2557 fuis-

135 2582 186 2605 se.
244 2572 470 2616 Quapropter
506 2578 537 2606 et
566 2572 857 2618 Canninefatium

136 2619 180 2654 ab
215 2620 335 2654 aliena
375 2631 482 2653 mauu
524 2619 740 2665 adscriptum
775 2632 855 2655 esse

135 2666 269 2709 iudico,
299 2673 335 2701 et
360 2669 438 2701 eius
466 2668 743 2702 additamentum
774 2680 855 2703 esse

135 2719 234 2759 puto,
262 2717 322 2760 qui
348 2714 503 2749 Batavos
530 2721 566 2749 et
594 2715 853 2752 Canninefates

136 2763 381 2797 communibus
408 2765 514 2797 armis
541 2765 577 2797 in
595 2764 774 2799 Romanos
793 2767 850 2799 in-

134 2812 272 2846 vasisse
298 2811 402 2845 modo
427 2811 567 2857 legerat
592 2815 643 2857 (c.
673 2814 716 2848 15
731 2819 765 2847 et
785 2814 847 2860 16)

928 2283 1068 2326 quitur.-
1106 2282 1230 2315 Batavi
1258 2285 1337 2325 post
1363 2280 1500 2314 cladem
1528 2281 1645 2315 Otho-

926 2332 982 2363 nis
1009 2331 1142 2376 agmini
1171 2329 1310 2363 Vitellii
1337 2329 1494 2362 adiuncti
1522 2329 1585 2373 (Η.
1614 2329 1646 2363 11

926 2378 1018 2424 66),
1061 2379 1143 2412 dein
1179 2379 1215 2411 in
1243 2377 1465 2411 Germaniam
1503 2379 1644 2411 remissi

927 2432 1027 2460 erant
1055 2429 1106 2471 (c.
1134 2426 1214 2472 69).
1275 2425 1345 2459 Sed
1378 2425 1499 2459 audita
1537 2426 1643 2460 defe-

926 2476 1048 2509 ctione
1086 2474 1340 2508 Flavianorum
1386 2484 1464 2507 cnm
1509 2474 1645 2508 auxilia

929 2524 1096 2557 Vitellius
1132 2535 1151 2557 e
1185 2522 1375 2557 Germania
1415 2523 1549 2556 excivit
1580 2523 1641 2567 (ll.

924 2572 955 2606 lt
983 2573 1074 2617 97),
1102 2571 1269 2606 cohortes
1296 2570 1510 2604 Batavorum
1537 2581 1642 2604 verso

923 2621 1052 2654 itinere
1082 2621 1117 2653 in
1155 2620 1278 2654 urbem
1319 2618 1538 2652 contendere
1565 2620 1642 2651 ius-

923 2680 985 2703 sae
1004 2674 1097 2702 sunt.
1125 2668 1163 2702 ln
1182 2679 1224 2702 eo
1251 2669 1380 2700 itinere
1394 2665 1521 2699 Civilis
1545 2677 1641 2700 nun-

922 2719 993 2750 tius
1020 2716 1211 2761 populares
1250 2725 1334 2749 suos
1364 2719 1549 2747 assecutus
1586 2719 1641 2748 est

923 2766 1154 2810 Mogontiaci,
1171 2764 1231 2797 nbi
1248 2763 1472 2796 Hordeonius
1488 2761 1639 2796 Flaccus

919 2813 1061 2859 legatus
1088 2811 1286 2845 consularis
1326 2811 1522 2853 superioris
1548 2810 1638 2845 Ger-

135 2870 252 2906 eoque
305 2866 474 2905 utrosque
526 2860 660 2905 ubique
707 2862 849 2896 iunctos
918 2862 1079 2901 maniae3
1120 2870 1155 2893 v.
1185 2871 1215 2893 c.
1247 2860 1315 2902 15,
1352 2858 1397 2892 de
1431 2859 1637 2893 Hordeonio

133 2909 247 2943 ruisse
270 2909 339 2943 sibi
363 2913 600 2953 persuaserat.

215 2958 339 2993 missus
373 2969 398 2991 a
430 2957 536 2992 Civica·
567 2958 710 2992 nuntius
743 2959 848 2993 adse-

920 2909 960 2943 Η·
981 2908 1106 3003 :ts-32⁸2·
1131 2955 1282 3001 equitum
1307 2965 1510 2989 numerum:
1536 2961 1576 2990 ut
1590 2966 1636 2991 ex
