1768 3216
215 88 421 152 aas.)
481 64 590 141 st..
662 67 1004 188 testeam...
1035 82 1130 178 ſs.
1162 73 1309 132 lust„
1339 63 1426 117 f
1469 52 1586 120 7
1603 33 1705 113 Aa]

143 228 146 229 ⁷
319 151 431 236 flu
451 152 488 209 k
514 159 699 257 astam
709 151 786 234 (67
836 183 857 191 ·-

116 243 139 269 ι
163 231 203 269 G.
232 233 281 270 69
621 233 759 270 LlBER
783 227 845 269 111'.
899 233 986 270 Gn.
1014 235 1123 270 2-5.
1552 236 1623 271 19⁵7

114 351 232 394 Hanc
262 353 327 394 sui
360 352 510 395 samam
542 365 592 395 ea
623 353 758 395 statim
790 354 990 395 contione
1021 357 1320 406 commoverat,
1352 365 1432 408 qua
1462 353 1622 395 recita-

115 428 169 470 tis
198 429 448 482 Vespasiani
479 428 665 483 epistulis
697 441 781 470 non
810 433 856 470 ut
885 429 1072 483 plerique
1104 421 1265 471 incerta
1297 429 1509 482 disseruit,
1541 429 1622 471 huc

115 501 214 544 illuc
244 506 450 545 tracturus
485 503 851 557 interpretatione,
883 508 1004 557 prout
1036 503 1329 545 conduxisset:
1369 507 1511 558 aperte
1542 503 1623 544 de-

115 559 410 619 scendisse‘in
441 590 610 619 causam
641 577 883 630 videbatur,
918 589 1053 632 eoque
1080 579 1255 632 gravior
1285 578 1482 619 militibus
1515 582 1619 630 erat,

74 651 265 707 4culpae
294 652 363 694 vel
392 653 567 708 gloriae>
586 653 743 694 socius.
803 653 995 696 Proxima
1033 653 1220 722 Cornelii
1259 653 1382 725 ἷξε-ε]
1412 666 1654 708 procura-s

113 728 219 770 toris
258 728 499 770 auctoritas.
560 728 599 769 ls
643 739 808 783 quoque
849 729 1125 770 inclementer
1168 729 1211 769 in
1241 728 1448 770 Vitellium
1479 728 1620 770 invehi

112 801 260 845 solitus
296 802 400 845 nihil
439 803 531 857 spei
569 803 650 844 sibi
701 803 811 852 inter
856 803 1035 845 adversa
1080 803 1319 857 reliquerat.
1382 803 1621 857 Tamphilus

112 875 348 928 Flavianus,
380 880 526 918 natura
558 889 608 918 ac
636 881 810 918 senecta
841 877 1119 929 cunctantior,
1152 877 1416 931 suspiciones
1448 877 1620 918 militum

113 951 322 1004 inritabat,
355 955 564 1006 tamquam
594 951 818 994 adfinitatis
849 964 942 993 cum
974 951 1143 994 Vitellio
1172 952 1430 994 meminisset
1440 966 1452 1003 3
1483 952 1623 993 idem-

113 1037 195 1081 que
225 1027 335 1081 quod
368 1031 586 1093 coeptante
611 1027 823 1082 legionum
856 1031 968 1069 motu
997 1027 1199 1083 profugus
1240 1027 1336 1069 dein
1369 1031 1517 1082 sponte
1546 1040 1669 1069 re-=:›

113 1105 349 1154 meaverat,
388 1101 590 1156 perfidiae
629 1101 767 1143 locum
809 1103 1027 1156 quaesisse
1068 1102 1331 1144 credebatur.
1391 1103 1495 1144 Nam
1526 1102 1624 1143 Fla-

113 1176 281 1219 vianum
326 1162 502 1219 omissa*v
521 1177 734 1218 Pannonia
776 1177 1013 1232 ingressum
1062 1177 1245 1229 Italiam,
1298 1181 1338 1219 et
1390 1177 1623 1218 discrimini

116 1255 366 1306 exemptum,
398 1264 539 1302 rerum
570 1264 772 1293 novarum
804 1251 956 1306 cupido
989 1251 1118 1307 legati
1150 1264 1306 1293 nomen
1336 1264 1552 1293 resumere
1582 1256 1624 1293 et

114 1326 283 1369 misceri
314 1326 507 1369 civilibus
539 1328 665 1369 armis
704 1326 947 1381 impulerat,
990 1326 1193 1369 suadente
1234 1327 1432 1368 Cornelio
1472 1327 1622 1378 Fusco,

114 1413 201 1443 non
230 1402 326 1457 quia
358 1401 561 1456 industria
591 1401 778 1444 Flaviani
812 1402 991 1457 egebat,
1033 1402 1107 1443 sed
1138 1405 1182 1442 ut
1217 1401 1440 1443 consulare
1471 1372 1768 1451 nomenisssssz

113 1477 382 1532 surgentibus
398 1463 508 1518 “ffim
539 1477 717 1519 maxime
745 1477 932 1531 partibus
965 1476 1141 1518 honesta
1185 1477 1328 1531 specie
1368 1476 1624 1531 praetende-

73 1551 242 1593 5retur.
305 1552 496 1594 Ceterum
538 1556 582 1593 ut
629 1552 909 1594 transmittere
949 1552 991 1592 in
1031 1551 1188 1593 Italiam
1232 1552 1397 1606 impune
1444 1555 1482 1592 et
1530 1551 1624 1614 usui

117 1625 240 1687 Qt,
271 1626 469 1680 scriptum
500 1625 668 1680 Aponio
700 1626 948 1678 Saturnino,
982 1637 1076 1666 cum
1108 1625 1297 1666 exercitu
1326 1614 1518 1666 Moesico
1547 1637 1624 1665 ce-

252 1758 287 1792 2.
315 1756 402 1803 eplis
428 1768 508 1791 cum
534 1757 585 1791 lin
613 1755 678 1791 Ma.
782 1758 818 1792 3.
845 1756 1113 1803 ιἠιενῖιεαιίοηί
1138 1755 1212 1790 Ma:
1240 1756 1397 1789 correxit
1423 1755 1620 1789 Acidalius.

116 1806 151 1842 4.
178 1808 327 1853 grauior
353 1805 430 1841 Ma:
455 1807 594 1851 gratior
618 1805 678 1840 BG
705 1810 741 1839 et
767 1805 1007 1840 oxonienses.
1105 1804 1140 1839 6.
1175 1804 1399 1839 inclementer
1427 1803 1491 1837 Ma.
1588 1804 1621 1838 7.

117 1856 267 1901 lampius
292 1853 357 1898 Ma,
389 1855 470 1889 Tum
491 1857 572 1901 pius
597 1854 638 1889 G.
666 1854 713 1888 cf.
743 1854 788 1887 ad
813 1854 856 1888 fl.
884 1855 907 1889 2
931 1854 991 1889 86.
1058 1852 1094 1888 8.
1123 1855 1322 1888 cunctatior
1347 1851 1413 1895 Ma,
1442 1853 1619 1886 contacto»-

118 1915 160 1950 pr
185 1903 225 1938 G.
298 1904 333 1940 9.
361 1903 464 1947 idque
492 1903 570 1939 Ma:
597 1903 763 1947 isdemque
790 1902 829 1938 G.
913 1904 968 1939 10.
999 1907 1111 1947 caepe.
1142 1901 1208 1936 Ma.
1280 1901 1336 1936 16.
1364 1901 1528 1935 honestas
1555 1899 1621 1935 Ma.

122 1953 178 1989 17.
203 1952 339 1998 inpune‘
365 1951 432 1987 Ma.
529 1952 585 1988 ¹8.
612 1953 743 1998 aponio
769 1952 898 1986 salium
923 1956 959 1985 et
984 1951 1104 1985 statim
1127 1950 1282 1985 transilit
1308 1950 1351 1984 ad
1379 1962 1410 1984 c.
1439 1951 1458 1984 7
1485 1951 1623 1984 revire-

115 2013 218 2036 scere
243 2011 357 2048 usque
393 2000 437 2035 ad
462 2011 494 2035 c.
520 2001 544 2037 9
568 2007 606 2035 ut
631 2001 769 2034 inimici
796 2011 838 2034 ac
864 2005 937 2033 tum
963 1999 1056 2034 redit
1082 2000 1125 2034 ad
1152 2011 1183 2033 c.
1212 2001 1233 2034 5
1262 2000 1428 2032 ninocum
1465 1998 1624 2032 exercitii

120 2051 276 2095 Moesico
300 2050 486 2084 celeraret.
525 2051 638 2084 ceteri
663 2048 808 2083 codices
835 2050 871 2083 in
898 2050 1214 2093 transpositionem
1243 2049 1470 2092 conspirant,
1498 2057 1624 2081 corru-

119 2101 264 2144 ptiones
294 2098 501 2134 cumulant:
531 2109 656 2133 verum
682 2097 844 2132 ordinem
872 2098 1028 2132 restituit
1055 2097 1231 2140 Picbena‚
1269 2096 1526 2140 praeeuntibus
1554 2096 1624 2129 ali-

119 2152 297 2195 quatenus
322 2147 447 2193 Lipsio
473 2152 510 2182 et
533 2148 707 2182 illercero.

120 2282 161 2305 er
190 2270 290 2304 mehr
315 2271 355 2304 in
379 2270 446 2304 den
474 2270 600 2315 Augen
625 2270 688 2303 der
705 2269 837 2303 Sotda..

121 2320 207 2366 ten).
261 2318 362 2360 Quae
390 2317 502 2352 verba
537 2328 631 2352 nove
658 2319 775 2362 posita
801 2322 837 2351 et

102 2378 186 2412 *per
218 2366 488 2400 translationem
527 2377 698 2411 expressa
736 2365 837 2399 refe-

121 2421 204 2450 runt
227 2416 398 2450 maiorem
425 2415 518 2459 apud
533 2417 671 2449 animos
684 2414 837 2448 militum

121 2466 193 2500 vim
221 2469 258 2499 et
277 2465 526 2498 auctoritatem
539 2464 688 2498 Antonii
710 2463 835 2497 fuisse.

121 2513 219 2548 ldem
244 2514 422 2548 Antonius
446 2512 619 2558 paulatim
642 2512 754 2547 levior
780 2515 837 2546 vi-

122 2562 255 2608 liorque
264 2562 389 2596 haben·
400 2562 519 2606 coepit
528 2561 590 2606 (Η.
601 2561 645 2595 1v
656 2561 704 2596 80
714 2563 837 2603 extr.),

124 2621 203 2645 cum
231 2615 311 2655 post
344 2621 402 2645 res
432 2610 617 2654 praeclare
649 2614 769 2654 gestas
794 2609 839 2643 ad

126 2660 383 2703 Vespasianum
410 2658 593 2702 protectus
626 2659 737 2692 nimia
778 2668 838 2691 ar-

124 2708 289 2753 rogantia
323 2707 480 2740 offensas
513 2707 735 2750 provocavit.
785 2705 837 2739 lbi

127 2754 251 2791 eadem
287 2754 517 2799 metaphora,
561 2755 623 2788 sed
661 2755 838 2788 contraria

125 2804 316 2839 sententia.
638 2840 641 2843 ,

204 2850 289 2896 Cap.
306 2853 330 2887 4
364 2852 529 2897 proxima
557 2872 597 2878 --
627 2853 841 2886 auctoritas:

126 2911 161 2935 v.
189 2900 230 2935 ll.
258 2900 288 2935 ll
314 2900 373 2936 86.

200 2954 331 2983 natura
365 2955 397 2983 et
424 2954 566 2984 senecta
593 2947 841 2982 cunctantior.-

127 2997 280 3034 Medicei
312 2998 488 3045 scriptura
531 2995 759 3045 (cunctatior)
799 3007 844 3031 ex

907 2269 1110 2313 antiquiore
1150 2267 1349 2301 cunctatior
1384 2267 1539 2310 prodiit,
1577 2268 1625 2301 ti-

907 2316 1015 2350 neola
1041 2321 1101 2349 aut
1129 2315 1282 2349 evanida
1316 2320 1378 2348 aut
1410 2315 1579 2360 neglecta
1605 2327 1626 2349 a

907 2375 1002 2398 novo
1028 2365 1158 2398 scriba.
1227 2363 1418 2397 Cunctatus
1445 2365 1625 2408 participii

907 2415 1022 2448 forma
1056 2413 1359 2457 comparationem
1394 2412 1516 2446 subire
1558 2424 1627 2447 ne-

908 2464 997 2508 quit,
1023 2472 1095 2495 non
1120 2462 1233 2506 magis
1259 2471 1363 2506 quam
1383 2467 1544 2495 cunctane
1556 2461 1626 2495 La-

907 2514 982 2545 tine
1025 2510 1148 2544 dicere
1186 2510 1274 2544 licet
1307 2519 1371 2554 pro
1406 2516 1625 2544 cunctanter.

907 2561 1042 2595 Rursus
1069 2564 1107 2592 ut
1132 2570 1152 2593 a
1179 2564 1350 2592 (tranctans
1386 2559 1424 2591 fit
1452 2565 1626 2592 cunctan-

907 2615 962 2643 ter
988 2608 1050 2654 (H.
1078 2607 1109 2641 11
1136 2609 1222 2654 52),
1262 2609 1311 2641 ita
1340 2608 1564 2641 cunctantior
1589 2607 1625 2639 vi

907 2658 1062 2691 nominis
1089 2656 1258 2691 adiectivi
1292 2656 1506 2689 conformari
1542 2659 1626 2698 pot-

909 2711 974 2741 est.
999 2706 1097 2740 Haec
1125 2704 1384 2750 apud'l'acitum
1413 2703 1625 2748 diligentem

908 2756 1118 2799 scriptorem
1153 2752 1350 2786 valebunt:
1395 2756 1509 2783 utrum
1549 2750 1624 2792 alii,

911 2809 949 2837 ut
975 2803 1111 2836 Plinius
1138 2806 1172 2835 et
1200 2801 1392 2833 Suetonius
1429 2799 1496 2843 (cf.
1535 2798 1626 2831 For-

912 2851 993 2885 cell.
1031 2861 1060 2883 s,
1088 2860 1121 2882 v.
1157 2851 1383 2893 cunctatus),
1429 2848 1628 2881 cunctatior

912 2898 1140 2938 admiserint,
1167 2907 1211 2930 an
1238 2895 1326 2930 illuc
1353 2896 1457 2929 etiam
1488 2906 1508 2928 a
1534 2895 1628 2929 scri-

912 2948 967 2982 bis
994 2947 1175 2980 invectum
1203 2944 1262 2987 sit,
1288 2954 1367 2977 non-
1387 2944 1556 2978 decerno.

969 2995 1052 3040 Cap.
1078 2994 1112 3029 5.
1158 2992 1295 3041 Aponio
1320 2994 1539 3028 Saturnino.-
1565 2991 1627 3028 Pi-
