<?xml version="1.0" encoding="UTF-8"?>
<!DOCTYPE html PUBLIC "-//W3C//DTD XHTML 1.0 Transitional//EN"
    "http://www.w3.org/TR/xhtml1/DTD/xhtml1-transitional.dtd">
<html xmlns="http://www.w3.org/1999/xhtml" xml:lang="en" lang="en">
 <head>
  <title>
</title>
<meta http-equiv="Content-Type" content="text/html;charset=utf-8" />
  <meta name='ocr-system' content='tesseract 3.04.00' />
  <meta name='ocr-capabilities' content='ocr_page ocr_carea ocr_par ocr_line ocrx_word'/>
</head>
<body>
  <div class='ocr_page' id='page_1' title='image "./operaadcodicesan03taciuoft/operaadcodicesan03taciuoft_0147.png"; bbox 0 0 1768 3216; ppageno 0'>
   <div class='ocr_carea' id='block_1_1' title="bbox 132 216 1155 260">
    <p class='ocr_par' dir='ltr' id='par_1_1' title="bbox 132 216 1155 260">
     <span class='ocr_line' id='line_1_1' title="bbox 132 216 1155 260; baseline -0.009 0"><span class='ocrx_word' id='word_1_1' title='bbox 132 231 157 260; x_wconf 61' lang='lat'>0</span> <span class='ocrx_word' id='word_1_2' title='bbox 179 220 221 256; x_wconf 78' lang='lat' dir='ltr'><strong>G.</strong></span> <span class='ocrx_word' id='word_1_3' title='bbox 247 221 308 260; x_wconf 78' lang='lat'><strong>69.</strong></span> <span class='ocrx_word' id='word_1_4' title='bbox 624 220 762 255; x_wconf 84' lang='lat' dir='ltr'>LIBER</span> <span class='ocrx_word' id='word_1_5' title='bbox 787 219 829 256; x_wconf 86' lang='lat'><strong>11.</strong></span> <span class='ocrx_word' id='word_1_6' title='bbox 881 218 970 254; x_wconf 69' lang='lat' dir='ltr'><strong>Gn.</strong></span> <span class='ocrx_word' id='word_1_7' title='bbox 997 216 1155 254; x_wconf 75' lang='lat'><strong>40—42.</strong></span> 
     </span>
    </p>
   </div>
   <div class='ocr_carea' id='block_1_2' title="bbox 0 216 1711 1366">
    <p class='ocr_par' dir='ltr' id='par_1_2' title="bbox 133 216 1711 1219">
     <span class='ocr_line' id='line_1_2' title="bbox 1568 216 1641 252; baseline 0.014 -1"><span class='ocrx_word' id='word_1_8' title='bbox 1568 216 1641 252; x_wconf 64' lang='lat'><strong>1³7</strong></span> 
     </span>
     <span class='ocr_line' id='line_1_3' title="bbox 133 318 1641 392; baseline -0.003 -9"><span class='ocrx_word' id='word_1_9' title='bbox 133 352 230 383; x_wconf 86' lang='lat' dir='ltr'><strong>nem</strong></span> <span class='ocrx_word' id='word_1_10' title='bbox 259 339 326 380; x_wconf 91' lang='lat' dir='ltr'><strong>vel</strong></span> <span class='ocrx_word' id='word_1_11' title='bbox 365 339 534 392; x_wconf 77' lang='lat' dir='ltr'>aliquod</span> <span class='ocrx_word' id='word_1_12' title='bbox 578 339 795 381; x_wconf 87' lang='lat' dir='ltr'><strong>honestum</strong></span> <span class='ocrx_word' id='word_1_13' title='bbox 838 337 1059 379; x_wconf 88' lang='lat' dir='ltr'><strong>consilium</strong></span> <span class='ocrx_word' id='word_1_14' title='bbox 1097 335 1398 391; x_wconf 85' lang='lat' dir='ltr'><strong>coeptaverint.</strong></span> <span class='ocrx_word' id='word_1_15' title='bbox 1460 318 1641 379; x_wconf 86' lang='lat' dir='ltr'><strong>Caecina</strong></span> 
     </span>
     <span class='ocr_line' id='line_1_4' title="bbox 135 411 1641 464; baseline -0.005 -5"><span class='ocrx_word' id='word_1_16' title='bbox 135 415 319 459; x_wconf 83' lang='lat' dir='ltr'><strong>dimissis</strong></span> <span class='ocrx_word' id='word_1_17' title='bbox 351 415 528 458; x_wconf 87' lang='lat' dir='ltr'><strong>tribunis</strong></span> <span class='ocrx_word' id='word_1_18' title='bbox 557 418 752 457; x_wconf 88' lang='lat' dir='ltr'><strong>revectus</strong></span> <span class='ocrx_word' id='word_1_19' title='bbox 783 413 826 454; x_wconf 94' lang='lat' dir='ltr'><strong>in</strong></span> <span class='ocrx_word' id='word_1_20' title='bbox 844 416 998 464; x_wconf 89' lang='lat' dir='ltr'><strong>castra,</strong></span> <span class='ocrx_word' id='word_1_21' title='bbox 1031 413 1169 455; x_wconf 84' lang='lat' dir='ltr'><strong>datum</strong></span> <span class='ocrx_word' id='word_1_22' title='bbox 1191 412 1308 454; x_wconf 90' lang='lat' dir='ltr'><strong>iussu</strong></span> <span class='ocrx_word' id='word_1_23' title='bbox 1323 411 1440 453; x_wconf 89' lang='lat' dir='ltr'><strong>Fabii</strong></span> <span class='ocrx_word' id='word_1_24' title='bbox 1456 411 1641 454; x_wconf 89' lang='lat' dir='ltr'><strong>Valentis</strong></span> 
     </span>
     <span class='ocr_line' id='line_1_5' title="bbox 134 486 1644 546; baseline -0.003 -14"><span class='ocrx_word' id='word_1_25' title='bbox 134 501 302 546; x_wconf 78' lang='lat' dir='ltr'>pugnae</span> <span class='ocrx_word' id='word_1_26' title='bbox 338 490 506 545; x_wconf 89' lang='lat' dir='ltr'><strong>signum</strong></span> <span class='ocrx_word' id='word_1_27' title='bbox 549 494 591 531; x_wconf 88' lang='lat' dir='ltr'><strong>et</strong></span> <span class='ocrx_word' id='word_1_28' title='bbox 630 489 801 531; x_wconf 89' lang='lat' dir='ltr'><strong>militem</strong></span> <span class='ocrx_word' id='word_1_29' title='bbox 833 489 876 530; x_wconf 91' lang='lat' dir='ltr'><strong>in</strong></span> <span class='ocrx_word' id='word_1_30' title='bbox 914 488 1040 530; x_wconf 88' lang='lat' dir='ltr'><strong>armis</strong></span> <span class='ocrx_word' id='word_1_31' title='bbox 1085 488 1255 529; x_wconf 83' lang='lat' dir='ltr'><strong>invenit.</strong></span> <span class='ocrx_word' id='word_1_32' title='bbox 1314 487 1421 529; x_wconf 90' lang='lat' dir='ltr'><strong>Dum</strong></span> <span class='ocrx_word' id='word_1_33' title='bbox 1450 486 1644 541; x_wconf 87' lang='lat' dir='ltr'><strong>legiones</strong></span> 
     </span>
     <span class='ocr_line' id='line_1_6' title="bbox 137 562 1643 620; baseline -0.002 -13"><span class='ocrx_word' id='word_1_34' title='bbox 137 565 191 607; x_wconf 88' lang='lat' dir='ltr'><strong>de</strong></span> <span class='ocrx_word' id='word_1_35' title='bbox 220 565 372 607; x_wconf 85' lang='lat' dir='ltr'>ordine</span> <span class='ocrx_word' id='word_1_36' title='bbox 402 565 582 620; x_wconf 86' lang='lat' dir='ltr'><strong>agminis</strong></span> <span class='ocrx_word' id='word_1_37' title='bbox 613 564 865 616; x_wconf 86' lang='lat' dir='ltr'><strong>sortiuntur,</strong></span> <span class='ocrx_word' id='word_1_38' title='bbox 908 563 1069 617; x_wconf 84' lang='lat' dir='ltr'><strong>equites</strong></span> <span class='ocrx_word' id='word_1_39' title='bbox 1113 574 1365 616; x_wconf 83' lang='lat' dir='ltr'><strong>prorupere3</strong></span> <span class='ocrx_word' id='word_1_40' title='bbox 1409 566 1451 603; x_wconf 88' lang='lat' dir='ltr'><strong>et</strong></span> <span class='ocrx_word' id='word_1_41' title='bbox 1495 562 1643 604; x_wconf 90' lang='lat' dir='ltr'><strong>mirum</strong></span> 
     </span>
     <span class='ocr_line' id='line_1_7' title="bbox 138 636 1675 694; baseline -0.001 -12"><span class='ocrx_word' id='word_1_42' title='bbox 138 639 277 693; x_wconf 84' lang='lat' dir='ltr'><strong>dictu,</strong></span> <span class='ocrx_word' id='word_1_43' title='bbox 309 653 333 683; x_wconf 87' lang='lat' dir='ltr'><strong>a</strong></span> <span class='ocrx_word' id='word_1_44' title='bbox 362 639 632 694; x_wconf 79' lang='lat' dir='ltr'><strong>paucioribus</strong></span> <span class='ocrx_word' id='word_1_45' title='bbox 666 638 914 681; x_wconf 85' lang='lat' dir='ltr'><strong>Othonianis</strong></span> <span class='ocrx_word' id='word_1_46' title='bbox 946 649 1027 692; x_wconf 89' lang='lat' dir='ltr'><strong>quo</strong></span> <span class='ocrx_word' id='word_1_47' title='bbox 1059 637 1195 680; x_wconf 89' lang='lat' dir='ltr'><strong>minus</strong></span> <span class='ocrx_word' id='word_1_48' title='bbox 1228 637 1272 678; x_wconf 93' lang='lat' dir='ltr'><strong>in</strong></span> <span class='ocrx_word' id='word_1_49' title='bbox 1302 636 1458 679; x_wconf 86' lang='lat' dir='ltr'><strong>vallum</strong></span> <span class='ocrx_word' id='word_1_50' title='bbox 1487 637 1675 691; x_wconf 81' lang='lat' dir='ltr'><strong>impin-s</strong></span> 
     </span>
     <span class='ocr_line' id='line_1_8' title="bbox 136 712 1644 772; baseline -0.003 -14"><span class='ocrx_word' id='word_1_51' title='bbox 136 719 357 772; x_wconf 83' lang='lat' dir='ltr'><strong>gerentur,</strong></span> <span class='ocrx_word' id='word_1_52' title='bbox 398 715 568 758; x_wconf 84' lang='lat' dir='ltr'><strong>Italicae</strong></span> <span class='ocrx_word' id='word_1_53' title='bbox 598 715 781 769; x_wconf 85' lang='lat' dir='ltr'><strong>legionis</strong></span> <span class='ocrx_word' id='word_1_54' title='bbox 812 714 966 756; x_wconf 87' lang='lat' dir='ltr'><strong>virtute</strong></span> <span class='ocrx_word' id='word_1_55' title='bbox 996 713 1187 755; x_wconf 88' lang='lat' dir='ltr'><strong>deterriti</strong></span> <span class='ocrx_word' id='word_1_56' title='bbox 1217 716 1325 755; x_wconf 88' lang='lat' dir='ltr'><strong>sunt.</strong></span> <span class='ocrx_word' id='word_1_57' title='bbox 1387 712 1448 755; x_wconf 85' lang='lat' dir='ltr'><strong>Ea</strong></span> <span class='ocrx_word' id='word_1_58' title='bbox 1488 712 1644 754; x_wconf 90' lang='lat' dir='ltr'><strong>strictis</strong></span> 
     </span>
     <span class='ocr_line' id='line_1_9' title="bbox 138 788 1646 844; baseline -0.002 -11"><span class='ocrx_word' id='word_1_59' title='bbox 138 790 410 833; x_wconf 81' lang='lat' dir='ltr'><strong>mucronibus</strong></span> <span class='ocrx_word' id='word_1_60' title='bbox 439 790 755 844; x_wconf 83' lang='lat' dir='ltr'><strong>redirepulsos</strong></span> <span class='ocrx_word' id='word_1_61' title='bbox 787 794 827 831; x_wconf 90' lang='lat' dir='ltr'><strong>et</strong></span> <span class='ocrx_word' id='word_1_62' title='bbox 856 801 1037 843; x_wconf 86' lang='lat' dir='ltr'><strong>pugnam</strong></span> <span class='ocrx_word' id='word_1_63' title='bbox 1074 800 1290 830; x_wconf 87' lang='lat' dir='ltr'><strong>resumere</strong></span> <span class='ocrx_word' id='word_1_64' title='bbox 1329 788 1484 843; x_wconf 78' lang='lat' dir='ltr'><strong>coegit.</strong></span> <span class='ocrx_word' id='word_1_65' title='bbox 1543 788 1646 830; x_wconf 89' lang='lat' dir='ltr'><strong>Dis-</strong></span> 
     </span>
     <span class='ocr_line' id='line_1_10' title="bbox 137 847 1711 919; baseline -0.003 -12"><span class='ocrx_word' id='word_1_66' title='bbox 137 865 276 919; x_wconf 84' lang='lat' dir='ltr'><strong>posita</strong></span> <span class='ocrx_word' id='word_1_67' title='bbox 303 865 615 907; x_wconf 88' lang='lat' dir='ltr'><strong>Vitellianarum</strong></span> <span class='ocrx_word' id='word_1_68' title='bbox 639 864 856 918; x_wconf 88' lang='lat' dir='ltr'><strong>legionum</strong></span> <span class='ocrx_word' id='word_1_69' title='bbox 891 864 1005 905; x_wconf 88' lang='lat' dir='ltr'><strong>acies</strong></span> <span class='ocrx_word' id='word_1_70' title='bbox 1028 863 1119 904; x_wconf 92' lang='lat' dir='ltr'><strong>sine</strong></span> <span class='ocrx_word' id='word_1_71' title='bbox 1137 862 1439 916; x_wconf 83' lang='lat' dir='ltr'><strong>trepidatione:</strong></span> <span class='ocrx_word' id='word_1_72' title='bbox 1472 862 1642 913; x_wconf 86' lang='lat' dir='ltr'><strong>etenim,</strong></span> <span class='ocrx_word' id='word_1_73' title='bbox 1696 847 1711 863; x_wconf 27' lang='grc' dir='ltr'>ᾖ</span> 
     </span>
     <span class='ocr_line' id='line_1_11' title="bbox 138 937 1646 994; baseline -0.002 -13"><span class='ocrx_word' id='word_1_74' title='bbox 138 950 389 994; x_wconf 85' lang='lat' dir='ltr'><strong>quamquam</strong></span> <span class='ocrx_word' id='word_1_75' title='bbox 436 939 578 981; x_wconf 88' lang='lat' dir='ltr'><strong>vicino</strong></span> <span class='ocrx_word' id='word_1_76' title='bbox 626 939 771 990; x_wconf 90' lang='lat' dir='ltr'><strong>hoste,</strong></span> <span class='ocrx_word' id='word_1_77' title='bbox 815 942 1010 992; x_wconf 87' lang='lat' dir='ltr'><strong>aspectus</strong></span> <span class='ocrx_word' id='word_1_78' title='bbox 1042 949 1252 979; x_wconf 88' lang='lat' dir='ltr'><strong>armorum</strong></span> <span class='ocrx_word' id='word_1_79' title='bbox 1286 937 1430 979; x_wconf 89' lang='lat' dir='ltr'><strong>densis</strong></span> <span class='ocrx_word' id='word_1_80' title='bbox 1466 937 1646 978; x_wconf 80' lang='lat' dir='ltr'><strong>arbustis</strong></span> 
     </span>
     <span class='ocr_line' id='line_1_12' title="bbox 136 1011 1700 1068; baseline -0.001 -12"><span class='ocrx_word' id='word_1_81' title='bbox 136 1013 452 1068; x_wconf 81' lang='lat' dir='ltr'><strong>prohibebatur.</strong></span> <span class='ocrx_word' id='word_1_82' title='bbox 512 1013 635 1068; x_wconf 88' lang='lat' dir='ltr'><strong>Apud</strong></span> <span class='ocrx_word' id='word_1_83' title='bbox 665 1013 926 1055; x_wconf 89' lang='lat' dir='ltr'><strong>Othonianos</strong></span> <span class='ocrx_word' id='word_1_84' title='bbox 957 1012 1099 1066; x_wconf 83' lang='lat' dir='ltr'><strong>pavidi</strong></span> <span class='ocrx_word' id='word_1_85' title='bbox 1126 1012 1285 1065; x_wconf 85' lang='lat' dir='ltr'><strong>duces,</strong></span> <span class='ocrx_word' id='word_1_86' title='bbox 1317 1012 1436 1054; x_wconf 89' lang='lat' dir='ltr'><strong>miles</strong></span> <span class='ocrx_word' id='word_1_87' title='bbox 1469 1011 1646 1054; x_wconf 89' lang='lat' dir='ltr'><strong>ducibus</strong></span> <span class='ocrx_word' id='word_1_88' title='bbox 1662 1025 1700 1054; x_wconf 81' lang='lat' dir='ltr'><strong>io</strong></span> 
     </span>
     <span class='ocr_line' id='line_1_13' title="bbox 138 1087 1645 1160; baseline -0.002 -29"><span class='ocrx_word' id='word_1_89' title='bbox 138 1089 344 1141; x_wconf 80' lang='lat' dir='ltr'><strong>infensus,</strong></span> <span class='ocrx_word' id='word_1_90' title='bbox 376 1088 941 1160; x_wconf 46' lang='lat' dir='ltr'><strong>mQYffflfiussssffififfiffi</strong></span> <span class='ocrx_word' id='word_1_91' title='bbox 974 1092 1016 1130; x_wconf 86' lang='lat' dir='ltr'><strong>et</strong></span> <span class='ocrx_word' id='word_1_92' title='bbox 1033 1087 1267 1142; x_wconf 87' lang='lat' dir='ltr'><strong>praeruptis</strong></span> <span class='ocrx_word' id='word_1_93' title='bbox 1289 1088 1496 1141; x_wconf 86' lang='lat' dir='ltr'><strong>utrimque</strong></span> <span class='ocrx_word' id='word_1_94' title='bbox 1518 1087 1645 1129; x_wconf 87' lang='lat' dir='ltr'><strong>fossis</strong></span> 
     </span>
     <span class='ocr_line' id='line_1_14' title="bbox 137 1162 1648 1219; baseline -0.002 -12"><span class='ocrx_word' id='word_1_95' title='bbox 137 1164 207 1208; x_wconf 84' lang='lat' dir='ltr'><strong>via</strong></span> <span class='ocrx_word' id='word_1_96' title='bbox 237 1164 379 1218; x_wconf 86' lang='lat' dir='ltr'><strong>quieto</strong></span> <span class='ocrx_word' id='word_1_97' title='bbox 410 1175 576 1217; x_wconf 88' lang='lat' dir='ltr'><strong>quoque</strong></span> <span class='ocrx_word' id='word_1_98' title='bbox 608 1164 764 1219; x_wconf 87' lang='lat' dir='ltr'><strong>agmini</strong></span> <span class='ocrx_word' id='word_1_99' title='bbox 796 1168 986 1219; x_wconf 86' lang='lat' dir='ltr'><strong>angusta.</strong></span> <span class='ocrx_word' id='word_1_100' title='bbox 1049 1163 1369 1205; x_wconf 76' lang='lat' dir='ltr'><strong>circumsistere</strong></span> <span class='ocrx_word' id='word_1_101' title='bbox 1409 1162 1480 1204; x_wconf 88' lang='lat' dir='ltr'><strong>alii</strong></span> <span class='ocrx_word' id='word_1_102' title='bbox 1526 1163 1648 1217; x_wconf 86' lang='lat' dir='ltr'><strong>signa</strong></span> 
     </span>
    </p>

    <p class='ocr_par' dir='ltr' id='par_1_3' title="bbox 0 1220 1647 1308">
     <span class='ocr_line' id='line_1_15' title="bbox 0 1220 1647 1308; baseline -0.002 -28"><span class='ocrx_word' id='word_1_103' title='bbox 0 1245 245 1308; x_wconf 47' lang='lat' dir='ltr'><strong>{an-gfff,</strong></span> <span class='ocrx_word' id='word_1_104' title='bbox 286 1250 491 1292; x_wconf 84' lang='lat' dir='ltr'><strong>quaerere</strong></span> <span class='ocrx_word' id='word_1_105' title='bbox 531 1238 631 1289; x_wconf 84' lang='lat' dir='ltr'><strong>alii3</strong></span> <span class='ocrx_word' id='word_1_106' title='bbox 669 1238 855 1291; x_wconf 82' lang='lat' dir='ltr'><strong>incertus</strong></span> <span class='ocrx_word' id='word_1_107' title='bbox 895 1237 1080 1291; x_wconf 88' lang='lat' dir='ltr'><strong>undique</strong></span> <span class='ocrx_word' id='word_1_108' title='bbox 1119 1220 1279 1279; x_wconf 70' lang='lat' dir='ltr'><strong>clamor</strong></span> <span class='ocrx_word' id='word_1_109' title='bbox 1324 1237 1647 1288; x_wconf 87' lang='lat' dir='ltr'><strong>accurrentium,</strong></span> 
     </span>
    </p>

    <p class='ocr_par' dir='ltr' id='par_1_4' title="bbox 0 1308 1662 1366">
     <span class='ocr_line' id='line_1_16' title="bbox 0 1308 1662 1366; baseline -0.002 -10"><span class='ocrx_word' id='word_1_110' title='bbox 0 1352 3 1357; x_wconf 84' lang='lat'>.</span> <span class='ocrx_word' id='word_1_111' title='bbox 36 1355 52 1362; x_wconf 67' lang='grc'>,</span> <span class='ocrx_word' id='word_1_112' title='bbox 75 1312 388 1366; x_wconf 58' lang='grc' dir='ltr'><strong>ωρειίαῐιῑίιιιῐη</strong></span> <span class='ocrx_word' id='word_1_113' title='bbox 417 1316 462 1354; x_wconf 89' lang='lat' dir='ltr'><strong>ut</strong></span> <span class='ocrx_word' id='word_1_114' title='bbox 491 1312 644 1366; x_wconf 89' lang='lat' dir='ltr'><strong>cuique</strong></span> <span class='ocrx_word' id='word_1_115' title='bbox 673 1312 851 1354; x_wconf 88' lang='lat' dir='ltr'><strong>audacia</strong></span> <span class='ocrx_word' id='word_1_116' title='bbox 882 1312 949 1354; x_wconf 89' lang='lat' dir='ltr'><strong>vel</strong></span> <span class='ocrx_word' id='word_1_117' title='bbox 981 1311 1178 1363; x_wconf 84' lang='lat' dir='ltr'><strong>formido,</strong></span> <span class='ocrx_word' id='word_1_118' title='bbox 1209 1311 1251 1351; x_wconf 92' lang='lat' dir='ltr'><strong>in</strong></span> <span class='ocrx_word' id='word_1_119' title='bbox 1281 1311 1456 1365; x_wconf 89' lang='lat' dir='ltr'><strong>primam</strong></span> <span class='ocrx_word' id='word_1_120' title='bbox 1479 1308 1662 1364; x_wconf 48' lang='lat' dir='ltr'><strong>postrss</strong></span> 
     </span>
    </p>
   </div>
   <div class='ocr_carea' id='block_1_3' title="bbox 189 1359 349 1381">
    <p class='ocr_par' dir='ltr' id='par_1_5' title="bbox 189 1359 349 1381">
     <span class='ocr_line' id='line_1_17' title="bbox 189 1359 349 1381; baseline 0.006 -7"><span class='ocrx_word' id='word_1_121' title='bbox 189 1359 349 1381; x_wconf 54' lang='grc' dir='ltr'>Λ</span> 
     </span>
    </p>
   </div>
   <div class='ocr_carea' id='block_1_4' title="bbox 0 1348 1768 1456">
    <p class='ocr_par' dir='ltr' id='par_1_6' title="bbox 0 1348 1768 1456">
     <span class='ocr_line' id='line_1_18' title="bbox 0 1348 1768 1456; baseline -0.002 -27"><span class='ocrx_word' id='word_1_122' title='bbox 0 1399 128 1439; x_wconf 58' lang='grc' dir='ltr'><strong>μηη</strong></span> <span class='ocrx_word' id='word_1_123' title='bbox 140 1399 306 1430; x_wconf 85' lang='lat' dir='ltr'><strong>mamve</strong></span> <span class='ocrx_word' id='word_1_124' title='bbox 339 1387 475 1429; x_wconf 87' lang='lat' dir='ltr'><strong>aciem</strong></span> <span class='ocrx_word' id='word_1_125' title='bbox 505 1388 830 1442; x_wconf 85' lang='lat' dir='ltr'><strong>prorumpebant</strong></span> <span class='ocrx_word' id='word_1_126' title='bbox 851 1391 920 1428; x_wconf 90' lang='lat' dir='ltr'><strong>aut</strong></span> <span class='ocrx_word' id='word_1_127' title='bbox 941 1386 1250 1456; x_wconf 42' lang='lat' dir='ltr'><strong>tempe-bamur.</strong></span> <span class='ocrx_word' id='word_1_128' title='bbox 1283 1385 1493 1427; x_wconf 86' lang='lat' dir='ltr'><strong>Attonitas</strong></span> <span class='ocrx_word' id='word_1_129' title='bbox 1512 1348 1768 1450; x_wconf 51' lang='lat' dir='ltr'><strong>subitom</strong></span> 
     </span>
    </p>
   </div>
   <div class='ocr_carea' id='block_1_5' title="bbox 139 1439 1768 1592">
    <p class='ocr_par' dir='ltr' id='par_1_7' title="bbox 139 1439 1768 1592">
     <span class='ocr_line' id='line_1_19' title="bbox 139 1439 1768 1523; baseline -0.002 -19"><span class='ocrx_word' id='word_1_130' title='bbox 139 1466 304 1505; x_wconf 88' lang='lat' dir='ltr'><strong>terrore</strong></span> <span class='ocrx_word' id='word_1_131' title='bbox 331 1466 492 1504; x_wconf 88' lang='lat' dir='ltr'><strong>mentes</strong></span> <span class='ocrx_word' id='word_1_132' title='bbox 523 1462 671 1504; x_wconf 82' lang='lat' dir='ltr'><strong>falsum</strong></span> <span class='ocrx_word' id='word_1_133' title='bbox 702 1462 901 1518; x_wconf 87' lang='lat' dir='ltr'><strong>gaudium</strong></span> <span class='ocrx_word' id='word_1_134' title='bbox 932 1462 974 1503; x_wconf 86' lang='lat' dir='ltr'><strong>in</strong></span> <span class='ocrx_word' id='word_1_135' title='bbox 1005 1461 1252 1516; x_wconf 84' lang='lat' dir='ltr'><strong>languorem</strong></span> <span class='ocrx_word' id='word_1_136' title='bbox 1281 1461 1430 1513; x_wconf 79' lang='lat' dir='ltr'><strong>vertit,</strong></span> <span class='ocrx_word' id='word_1_137' title='bbox 1471 1439 1698 1523; x_wconf 52' lang='lat' dir='ltr'><strong>repertisff</strong></span> <span class='ocrx_word' id='word_1_138' title='bbox 1714 1455 1768 1490; x_wconf 64' lang='lat' dir='ltr'><strong>m</strong></span> 
     </span>
     <span class='ocr_line' id='line_1_20' title="bbox 140 1535 1652 1592; baseline -0.002 -13"><span class='ocrx_word' id='word_1_139' title='bbox 140 1536 212 1592; x_wconf 87' lang='lat' dir='ltr'><strong>qui</strong></span> <span class='ocrx_word' id='word_1_140' title='bbox 249 1536 487 1579; x_wconf 86' lang='lat' dir='ltr'><strong>descivisse</strong></span> <span class='ocrx_word' id='word_1_141' title='bbox 527 1551 551 1579; x_wconf 90' lang='lat' dir='ltr'><strong>a</strong></span> <span class='ocrx_word' id='word_1_142' title='bbox 590 1537 758 1580; x_wconf 88' lang='lat' dir='ltr'><strong>Vitellio</strong></span> <span class='ocrx_word' id='word_1_143' title='bbox 802 1536 1034 1579; x_wconf 82' lang='lat' dir='ltr'><strong>exercitum</strong></span> <span class='ocrx_word' id='word_1_144' title='bbox 1066 1536 1377 1578; x_wconf 86' lang='lat' dir='ltr'><strong>ementirentur.</strong></span> <span class='ocrx_word' id='word_1_145' title='bbox 1439 1535 1478 1577; x_wconf 95' lang='lat' dir='ltr'><strong>ls</strong></span> <span class='ocrx_word' id='word_1_146' title='bbox 1507 1547 1652 1576; x_wconf 88' lang='lat' dir='ltr'><strong>rumor</strong></span> 
     </span>
    </p>
   </div>
   <div class='ocr_carea' id='block_1_6' title="bbox 128 1660 1653 1997">
    <p class='ocr_par' dir='ltr' id='par_1_8' title="bbox 128 1660 1653 1997">
     <span class='ocr_line' id='line_1_21' title="bbox 279 1660 1651 1709; baseline -0.004 -11"><span class='ocrx_word' id='word_1_147' title='bbox 279 1664 310 1698; x_wconf 86' lang='lat' dir='ltr'><strong>l.</strong></span> <span class='ocrx_word' id='word_1_148' title='bbox 339 1670 427 1709; x_wconf 78' lang='lat' dir='ltr'><strong>cept.</strong></span> <span class='ocrx_word' id='word_1_149' title='bbox 458 1663 524 1699; x_wconf 73' lang='lat' dir='ltr'><strong>Ma.</strong></span> <span class='ocrx_word' id='word_1_150' title='bbox 601 1665 637 1699; x_wconf 89' lang='grc'><strong>5.</strong></span> <span class='ocrx_word' id='word_1_151' title='bbox 666 1666 762 1699; x_wconf 64' lang='lat' dir='ltr'><strong>dictu</strong></span> <span class='ocrx_word' id='word_1_152' title='bbox 788 1665 854 1699; x_wconf 65' lang='lat' dir='ltr'><strong>Ma.</strong></span> <span class='ocrx_word' id='word_1_153' title='bbox 1167 1663 1201 1698; x_wconf 88' lang='grc'><strong>6.</strong></span> <span class='ocrx_word' id='word_1_154' title='bbox 1231 1669 1262 1696; x_wconf 83' lang='lat' dir='ltr'><strong>et</strong></span> <span class='ocrx_word' id='word_1_155' title='bbox 1289 1662 1444 1696; x_wconf 72' lang='lat' dir='ltr'><strong>astrictis</strong></span> <span class='ocrx_word' id='word_1_156' title='bbox 1467 1660 1539 1695; x_wconf 68' lang='lat' dir='ltr'><strong>Ma:</strong></span> <span class='ocrx_word' id='word_1_157' title='bbox 1569 1671 1651 1694; x_wconf 88' lang='lat' dir='ltr'><strong>cor-</strong></span> 
     </span>
     <span class='ocr_line' id='line_1_22' title="bbox 139 1710 1652 1758; baseline -0.002 -13"><span class='ocrx_word' id='word_1_158' title='bbox 139 1712 235 1746; x_wconf 78' lang='lat' dir='ltr'><strong>rexit</strong></span> <span class='ocrx_word' id='word_1_159' title='bbox 261 1711 469 1747; x_wconf 85' lang='lat' dir='ltr'><strong>Rhenanus.</strong></span> <span class='ocrx_word' id='word_1_160' title='bbox 522 1724 610 1756; x_wconf 78' lang='lat' dir='ltr'><strong>quae</strong></span> <span class='ocrx_word' id='word_1_161' title='bbox 638 1720 726 1747; x_wconf 77' lang='lat' dir='ltr'><strong>aser.</strong></span> <span class='ocrx_word' id='word_1_162' title='bbox 755 1713 794 1747; x_wconf 89' lang='lat' dir='ltr'><strong>G.</strong></span> <span class='ocrx_word' id='word_1_163' title='bbox 899 1712 933 1746; x_wconf 88' lang='lat'><strong>8.</strong></span> <span class='ocrx_word' id='word_1_164' title='bbox 979 1714 1089 1758; x_wconf 81' lang='lat' dir='ltr'><strong>acies]</strong></span> <span class='ocrx_word' id='word_1_165' title='bbox 1138 1718 1214 1744; x_wconf 80' lang='lat' dir='ltr'><strong>aree</strong></span> <span class='ocrx_word' id='word_1_166' title='bbox 1254 1710 1320 1753; x_wconf 64' lang='lat' dir='ltr'><strong>Ma,</strong></span> <span class='ocrx_word' id='word_1_167' title='bbox 1355 1720 1425 1743; x_wconf 92' lang='lat' dir='ltr'><strong>non</strong></span> <span class='ocrx_word' id='word_1_168' title='bbox 1460 1721 1570 1753; x_wconf 82' lang='lat' dir='ltr'><strong>arae,</strong></span> <span class='ocrx_word' id='word_1_169' title='bbox 1613 1714 1652 1742; x_wconf 86' lang='lat' dir='ltr'><strong>ut</strong></span> 
     </span>
     <span class='ocr_line' id='line_1_23' title="bbox 140 1758 1648 1805; baseline -0.002 -10"><span class='ocrx_word' id='word_1_170' title='bbox 140 1765 260 1795; x_wconf 84' lang='lat' dir='ltr'><strong>narrat</strong></span> <span class='ocrx_word' id='word_1_171' title='bbox 293 1760 424 1804; x_wconf 84' lang='lat' dir='ltr'><strong>Furia,</strong></span> <span class='ocrx_word' id='word_1_172' title='bbox 459 1763 537 1794; x_wconf 81' lang='lat' dir='ltr'><strong>acie</strong></span> <span class='ocrx_word' id='word_1_173' title='bbox 574 1761 650 1794; x_wconf 82' lang='lat' dir='ltr'><strong>ssG:</strong></span> <span class='ocrx_word' id='word_1_174' title='bbox 695 1763 804 1795; x_wconf 86' lang='lat' dir='ltr'><strong>tacite</strong></span> <span class='ocrx_word' id='word_1_175' title='bbox 842 1761 998 1795; x_wconf 86' lang='lat' dir='ltr'><strong>correxit</strong></span> <span class='ocrx_word' id='word_1_176' title='bbox 1035 1760 1190 1805; x_wconf 87' lang='lat' dir='ltr'><strong>Lipsius.</strong></span> <span class='ocrx_word' id='word_1_177' title='bbox 1287 1762 1340 1793; x_wconf 86' lang='lat' dir='ltr'><strong>ll.</strong></span> <span class='ocrx_word' id='word_1_178' title='bbox 1382 1758 1544 1792; x_wconf 80' lang='lat' dir='ltr'><strong>behicula</strong></span> <span class='ocrx_word' id='word_1_179' title='bbox 1583 1758 1648 1793; x_wconf 67' lang='lat' dir='ltr'><strong>Ma.</strong></span> 
     </span>
     <span class='ocr_line' id='line_1_24' title="bbox 128 1807 1651 1854; baseline -0.001 -12"><span class='ocrx_word' id='word_1_180' title='bbox 128 1814 283 1854; x_wconf 62' lang='lat' dir='ltr'><strong>utrique</strong></span> <span class='ocrx_word' id='word_1_181' title='bbox 311 1809 379 1844; x_wconf 72' lang='lat' dir='ltr'><strong>Ma.</strong></span> <span class='ocrx_word' id='word_1_182' title='bbox 480 1811 536 1845; x_wconf 88' lang='grc'><strong>13.</strong></span> <span class='ocrx_word' id='word_1_183' title='bbox 565 1821 661 1854; x_wconf 80' lang='lat' dir='ltr'><strong>quer.</strong></span> <span class='ocrx_word' id='word_1_184' title='bbox 692 1808 759 1844; x_wconf 67' lang='lat' dir='ltr'><strong>Ma.</strong></span> <span class='ocrx_word' id='word_1_185' title='bbox 860 1810 940 1844; x_wconf 80' lang='lat' dir='ltr'><strong>adc.</strong></span> <span class='ocrx_word' id='word_1_186' title='bbox 968 1807 1031 1843; x_wconf 65' lang='lat' dir='ltr'><strong>Ma.</strong></span> <span class='ocrx_word' id='word_1_187' title='bbox 1123 1809 1179 1843; x_wconf 80' lang='lat'><strong>14.</strong></span> <span class='ocrx_word' id='word_1_188' title='bbox 1218 1808 1418 1853; x_wconf 83' lang='lat' dir='ltr'><strong>palantium</strong></span> <span class='ocrx_word' id='word_1_189' title='bbox 1444 1807 1578 1841; x_wconf 88' lang='lat' dir='ltr'><strong>editor:</strong></span> <span class='ocrx_word' id='word_1_190' title='bbox 1606 1818 1651 1841; x_wconf 85' lang='lat' dir='ltr'><strong>uo</strong></span> 
     </span>
     <span class='ocr_line' id='line_1_25' title="bbox 143 1856 1653 1900; baseline -0.002 -8"><span class='ocrx_word' id='word_1_191' title='bbox 143 1857 373 1892; x_wconf 71' lang='lat' dir='ltr'><strong>clamantium</strong></span> <span class='ocrx_word' id='word_1_192' title='bbox 414 1856 480 1900; x_wconf 67' lang='lat' dir='ltr'><strong>Ma,</strong></span> <span class='ocrx_word' id='word_1_193' title='bbox 514 1857 579 1892; x_wconf 87' lang='lat' dir='ltr'><strong>sed</strong></span> <span class='ocrx_word' id='word_1_194' title='bbox 614 1870 660 1892; x_wconf 84' lang='lat' dir='ltr'><strong>uo</strong></span> <span class='ocrx_word' id='word_1_195' title='bbox 688 1863 743 1894; x_wconf 83' lang='lat' dir='ltr'><strong>est</strong></span> <span class='ocrx_word' id='word_1_196' title='bbox 767 1858 811 1892; x_wconf 82' lang='lat' dir='ltr'><strong>ab</strong></span> <span class='ocrx_word' id='word_1_197' title='bbox 839 1859 911 1893; x_wconf 82' lang='lat' dir='ltr'><strong>alia</strong></span> <span class='ocrx_word' id='word_1_198' title='bbox 936 1868 1063 1900; x_wconf 85' lang='lat' dir='ltr'><strong>mauu,</strong></span> <span class='ocrx_word' id='word_1_199' title='bbox 1090 1867 1163 1890; x_wconf 91' lang='lat' dir='ltr'><strong>non</strong></span> <span class='ocrx_word' id='word_1_200' title='bbox 1187 1857 1230 1890; x_wconf 89' lang='lat' dir='ltr'><strong>ab</strong></span> <span class='ocrx_word' id='word_1_201' title='bbox 1266 1857 1411 1899; x_wconf 84' lang='lat' dir='ltr'><strong>eadem,</strong></span> <span class='ocrx_word' id='word_1_202' title='bbox 1439 1860 1478 1890; x_wconf 85' lang='lat' dir='ltr'><strong>ut</strong></span> <span class='ocrx_word' id='word_1_203' title='bbox 1503 1856 1653 1890; x_wconf 84' lang='lat' dir='ltr'><strong>traditur</strong></span> 
     </span>
     <span class='ocr_line' id='line_1_26' title="bbox 142 1904 1650 1951; baseline -0.001 -11"><span class='ocrx_word' id='word_1_204' title='bbox 142 1905 235 1951; x_wconf 81' lang='lat' dir='ltr'><strong>apud</strong></span> <span class='ocrx_word' id='word_1_205' title='bbox 261 1906 489 1941; x_wconf 80' lang='lat' dir='ltr'><strong>Bekkeruin:</strong></span> <span class='ocrx_word' id='word_1_206' title='bbox 530 1906 854 1951; x_wconf 70' lang='lat' dir='ltr'><strong>clamitantiumque</strong></span> <span class='ocrx_word' id='word_1_207' title='bbox 882 1907 922 1949; x_wconf 88' lang='lat' dir='ltr'><strong>G,</strong></span> <span class='ocrx_word' id='word_1_208' title='bbox 948 1906 1234 1950; x_wconf 75' lang='lat' dir='ltr'><strong>volitantiumque</strong></span> <span class='ocrx_word' id='word_1_209' title='bbox 1260 1907 1303 1949; x_wconf 86' lang='lat' dir='ltr'><strong>A,</strong></span> <span class='ocrx_word' id='word_1_210' title='bbox 1332 1906 1562 1939; x_wconf 76' lang='lat' dir='ltr'><strong>vocitantium</strong></span> <span class='ocrx_word' id='word_1_211' title='bbox 1588 1904 1650 1938; x_wconf 85' lang='lat' dir='ltr'><strong>Pi-</strong></span> 
     </span>
     <span class='ocr_line' id='line_1_27' title="bbox 143 1952 1649 1997; baseline -0.001 -7"><span class='ocrx_word' id='word_1_212' title='bbox 143 1954 271 1990; x_wconf 84' lang='lat' dir='ltr'><strong>chena.</strong></span> <span class='ocrx_word' id='word_1_213' title='bbox 351 1961 389 1990; x_wconf 91' lang='lat' dir='ltr'><strong>ut</strong></span> <span class='ocrx_word' id='word_1_214' title='bbox 416 1953 471 1989; x_wconf 65' lang='lat' dir='ltr'><strong>Ma</strong></span> <span class='ocrx_word' id='word_1_215' title='bbox 497 1960 533 1989; x_wconf 86' lang='lat' dir='ltr'><strong>et</strong></span> <span class='ocrx_word' id='word_1_216' title='bbox 560 1955 644 1989; x_wconf 86' lang='lat' dir='ltr'><strong>alii:</strong></span> <span class='ocrx_word' id='word_1_217' title='bbox 675 1962 708 1990; x_wconf 85' lang='lat' dir='ltr'><strong>et</strong></span> <span class='ocrx_word' id='word_1_218' title='bbox 731 1962 770 1990; x_wconf 83' lang='lat' dir='ltr'><strong>ut</strong></span> <span class='ocrx_word' id='word_1_219' title='bbox 796 1956 835 1990; x_wconf 91' lang='lat' dir='ltr'><strong>G.</strong></span> <span class='ocrx_word' id='word_1_220' title='bbox 891 1954 1206 1990; x_wconf 73' lang='lat' dir='ltr'><strong>15.raelebebantur</strong></span> <span class='ocrx_word' id='word_1_221' title='bbox 1229 1954 1298 1997; x_wconf 66' lang='lat' dir='ltr'><strong>lua,</strong></span> <span class='ocrx_word' id='word_1_222' title='bbox 1326 1954 1585 1990; x_wconf 65' lang='lat' dir='ltr'><strong>reueitelmntur</strong></span> <span class='ocrx_word' id='word_1_223' title='bbox 1610 1952 1649 1989; x_wconf 90' lang='lat' dir='ltr'><strong>G.</strong></span> 
     </span>
    </p>
   </div>
   <div class='ocr_carea' id='block_1_7' title="bbox 143 2003 1040 2040">
    <p class='ocr_par' dir='ltr' id='par_1_9' title="bbox 143 2003 1040 2040">
     <span class='ocr_line' id='line_1_28' title="bbox 143 2003 1040 2040; baseline -0.001 -2"><span class='ocrx_word' id='word_1_224' title='bbox 143 2003 396 2038; x_wconf 77' lang='lat' dir='ltr'><strong>relabebantur</strong></span> <span class='ocrx_word' id='word_1_225' title='bbox 421 2009 521 2038; x_wconf 89' lang='lat' dir='ltr'><strong>recte</strong></span> <span class='ocrx_word' id='word_1_226' title='bbox 549 2005 813 2040; x_wconf 85' lang='lat' dir='ltr'><strong>commendavit</strong></span> <span class='ocrx_word' id='word_1_227' title='bbox 843 2004 1040 2039; x_wconf 85' lang='lat' dir='ltr'><strong>Victorius.</strong></span> 
     </span>
    </p>
   </div>
   <div class='ocr_carea' id='block_1_8' title="bbox 919 1662 1090 1709">
    <p class='ocr_par' dir='ltr' id='par_1_10' title="bbox 919 1662 1090 1709">
     <span class='ocr_line' id='line_1_29' title="bbox 919 1662 1090 1709; baseline 0.006 -12"><span class='ocrx_word' id='word_1_228' title='bbox 919 1665 992 1709; x_wconf 81' lang='lat' dir='ltr'><strong>inp.</strong></span> <span class='ocrx_word' id='word_1_229' title='bbox 1024 1662 1090 1698; x_wconf 73' lang='lat' dir='ltr'><strong>Ma.</strong></span> 
     </span>
    </p>
   </div>
   <div class='ocr_carea' id='block_1_9' title="bbox 141 2122 862 2798">
    <p class='ocr_par' dir='ltr' id='par_1_11' title="bbox 141 2122 862 2408">
     <span class='ocr_line' id='line_1_30' title="bbox 143 2122 860 2170; baseline 0.003 -16"><span class='ocrx_word' id='word_1_230' title='bbox 143 2122 245 2155; x_wconf 82' lang='lat' dir='ltr'><strong>cuius</strong></span> <span class='ocrx_word' id='word_1_231' title='bbox 283 2125 366 2156; x_wconf 82' lang='lat' dir='ltr'><strong>ante</strong></span> <span class='ocrx_word' id='word_1_232' title='bbox 404 2125 454 2168; x_wconf 85' lang='lat' dir='ltr'><strong>(c.</strong></span> <span class='ocrx_word' id='word_1_233' title='bbox 481 2123 531 2157; x_wconf 78' lang='lat'><strong>34</strong></span> <span class='ocrx_word' id='word_1_234' title='bbox 556 2128 592 2157; x_wconf 85' lang='lat' dir='ltr'><strong>et</strong></span> <span class='ocrx_word' id='word_1_235' title='bbox 617 2124 684 2170; x_wconf 84' lang='lat'><strong>35)</strong></span> <span class='ocrx_word' id='word_1_236' title='bbox 724 2124 860 2158; x_wconf 87' lang='lat' dir='ltr'><strong>mentio</strong></span> 
     </span>
     <span class='ocr_line' id='line_1_31' title="bbox 142 2169 861 2218; baseline 0.006 -15"><span class='ocrx_word' id='word_1_237' title='bbox 142 2169 238 2204; x_wconf 79' lang='lat' dir='ltr'><strong>facta</strong></span> <span class='ocrx_word' id='word_1_238' title='bbox 266 2175 332 2204; x_wconf 76' lang='lat' dir='ltr'><strong>est.</strong></span> <span class='ocrx_word' id='word_1_239' title='bbox 464 2171 503 2204; x_wconf 77' lang='lat' dir='ltr'><strong>in</strong></span> <span class='ocrx_word' id='word_1_240' title='bbox 527 2172 657 2206; x_wconf 82' lang='lat' dir='ltr'><strong>vallum</strong></span> <span class='ocrx_word' id='word_1_241' title='bbox 686 2173 861 2218; x_wconf 73' lang='lat' dir='ltr'><strong>impinqe-</strong></span> 
     </span>
     <span class='ocr_line' id='line_1_32' title="bbox 141 2218 861 2265; baseline 0.006 -14"><span class='ocrx_word' id='word_1_242' title='bbox 141 2224 287 2252; x_wconf 77' lang='lat' dir='ltr'><strong>rentur.-</strong></span> <span class='ocrx_word' id='word_1_243' title='bbox 314 2218 502 2253; x_wconf 85' lang='lat' dir='ltr'><strong>Ernestius</strong></span> <span class='ocrx_word' id='word_1_244' title='bbox 527 2222 749 2265; x_wconf 84' lang='lat' dir='ltr'><strong>comparavit</strong></span> <span class='ocrx_word' id='word_1_245' title='bbox 779 2223 861 2255; x_wconf 90' lang='lat' dir='ltr'><strong>Vir-</strong></span> 
     </span>
     <span class='ocr_line' id='line_1_33' title="bbox 143 2267 860 2312; baseline 0.004 -12"><span class='ocrx_word' id='word_1_246' title='bbox 143 2267 223 2312; x_wconf 80' lang='lat' dir='ltr'><strong>gilii</strong></span> <span class='ocrx_word' id='word_1_247' title='bbox 241 2267 333 2302; x_wconf 81' lang='lat' dir='ltr'><strong>Aen.</strong></span> <span class='ocrx_word' id='word_1_248' title='bbox 349 2267 380 2300; x_wconf 88' lang='lat' dir='ltr'>V</span> <span class='ocrx_word' id='word_1_249' title='bbox 397 2268 492 2303; x_wconf 86' lang='lat'>805:</span> <span class='ocrx_word' id='word_1_250' title='bbox 521 2281 598 2302; x_wconf 88' lang='lat' dir='ltr'><strong>cum</strong></span> <span class='ocrx_word' id='word_1_251' title='bbox 612 2270 716 2303; x_wconf 69' lang='lat' dir='ltr'><strong>Troia</strong></span> <span class='ocrx_word' id='word_1_252' title='bbox 734 2270 860 2303; x_wconf 75' lang='lat' dir='ltr'><strong>Achil-</strong></span> 
     </span>
     <span class='ocr_line' id='line_1_34' title="bbox 143 2314 862 2364; baseline 0.007 -17"><span class='ocrx_word' id='word_1_253' title='bbox 143 2314 193 2348; x_wconf 76' lang='lat' dir='ltr'><strong>les</strong></span> <span class='ocrx_word' id='word_1_254' title='bbox 225 2316 431 2349; x_wconf 69' lang='lat' dir='ltr'><strong>exanimata</strong></span> <span class='ocrx_word' id='word_1_255' title='bbox 468 2328 614 2360; x_wconf 83' lang='lat' dir='ltr'><strong>sequens</strong></span> <span class='ocrx_word' id='word_1_256' title='bbox 652 2319 862 2364; x_wconf 64' lang='lat' dir='ltr'><strong>impingeret</strong></span> 
     </span>
     <span class='ocr_line' id='line_1_35' title="bbox 143 2365 433 2408; baseline 0.003 -12"><span class='ocrx_word' id='word_1_257' title='bbox 143 2374 289 2408; x_wconf 72' lang='lat' dir='ltr'><strong>aqmma</strong></span> <span class='ocrx_word' id='word_1_258' title='bbox 312 2365 433 2397; x_wconf 60' lang='lat' dir='ltr'><strong>nitaris.</strong></span> 
     </span>
    </p>

    <p class='ocr_par' dir='ltr' id='par_1_12' title="bbox 142 2412 862 2603">
     <span class='ocr_line' id='line_1_36' title="bbox 213 2412 862 2447; baseline 0.003 -2"><span class='ocrx_word' id='word_1_259' title='bbox 213 2412 325 2446; x_wconf 67' lang='lat' dir='ltr'><strong>mixta</strong></span> <span class='ocrx_word' id='word_1_260' title='bbox 360 2412 524 2447; x_wconf 74' lang='lat' dir='ltr'><strong>vehicula</strong></span> <span class='ocrx_word' id='word_1_261' title='bbox 562 2420 594 2447; x_wconf 81' lang='lat' dir='ltr'><strong>et</strong></span> <span class='ocrx_word' id='word_1_262' title='bbox 634 2414 751 2447; x_wconf 70' lang='lat' dir='ltr'><strong>lia-ae:</strong></span> <span class='ocrx_word' id='word_1_263' title='bbox 792 2414 862 2447; x_wconf 82' lang='lat' dir='ltr'><strong>im-</strong></span> 
     </span>
     <span class='ocr_line' id='line_1_37' title="bbox 142 2460 861 2508; baseline 0.001 -14"><span class='ocrx_word' id='word_1_264' title='bbox 142 2461 256 2494; x_wconf 83' lang='lat' dir='ltr'><strong>mixta</strong></span> <span class='ocrx_word' id='word_1_265' title='bbox 292 2460 463 2496; x_wconf 87' lang='lat' dir='ltr'><strong>vehicula</strong></span> <span class='ocrx_word' id='word_1_266' title='bbox 513 2462 666 2496; x_wconf 87' lang='lat' dir='ltr'><strong>militum</strong></span> <span class='ocrx_word' id='word_1_267' title='bbox 712 2463 861 2508; x_wconf 86' lang='lat' dir='ltr'><strong>agmini.</strong></span> 
     </span>
     <span class='ocr_line' id='line_1_38' title="bbox 152 2508 861 2549; baseline 0.003 -7"><span class='ocrx_word' id='word_1_268' title='bbox 152 2508 217 2543; x_wconf 71' lang='lat' dir='ltr'><strong>via</strong></span> <span class='ocrx_word' id='word_1_269' title='bbox 242 2510 362 2543; x_wconf 82' lang='lat' dir='ltr'><strong>statim</strong></span> <span class='ocrx_word' id='word_1_270' title='bbox 383 2512 564 2545; x_wconf 86' lang='lat' dir='ltr'><strong>nominata</strong></span> <span class='ocrx_word' id='word_1_271' title='bbox 591 2513 715 2549; x_wconf 77' lang='lat' dir='ltr'><strong>estvia</strong></span> <span class='ocrx_word' id='word_1_272' title='bbox 733 2512 861 2545; x_wconf 83' lang='lat' dir='ltr'><strong>Postu-</strong></span> 
     </span>
     <span class='ocr_line' id='line_1_39' title="bbox 143 2557 626 2603; baseline 0.004 -13"><span class='ocrx_word' id='word_1_273' title='bbox 143 2557 237 2599; x_wconf 85' lang='lat' dir='ltr'><strong>mia;</strong></span> <span class='ocrx_word' id='word_1_274' title='bbox 263 2568 299 2592; x_wconf 87' lang='lat' dir='ltr'><strong>v.</strong></span> <span class='ocrx_word' id='word_1_275' title='bbox 328 2569 405 2603; x_wconf 88' lang='lat' dir='ltr'><strong>cap.</strong></span> <span class='ocrx_word' id='word_1_276' title='bbox 431 2560 480 2594; x_wconf 79' lang='lat'><strong>24</strong></span> <span class='ocrx_word' id='word_1_277' title='bbox 506 2565 542 2594; x_wconf 88' lang='lat' dir='ltr'><strong>et</strong></span> <span class='ocrx_word' id='word_1_278' title='bbox 566 2562 626 2594; x_wconf 76' lang='lat'><strong>42.</strong></span> 
     </span>
    </p>

    <p class='ocr_par' dir='ltr' id='par_1_13' title="bbox 144 2607 862 2798">
     <span class='ocr_line' id='line_1_40' title="bbox 215 2607 861 2652; baseline 0.008 -14"><span class='ocrx_word' id='word_1_279' title='bbox 215 2607 371 2641; x_wconf 75' lang='lat' dir='ltr'><strong>incertus</strong></span> <span class='ocrx_word' id='word_1_280' title='bbox 395 2608 547 2652; x_wconf 77' lang='lat' dir='ltr'><strong>undique</strong></span> <span class='ocrx_word' id='word_1_281' title='bbox 570 2607 705 2641; x_wconf 79' lang='lat' dir='ltr'><strong>clamor</strong></span> <span class='ocrx_word' id='word_1_282' title='bbox 730 2620 861 2643; x_wconf 83' lang='lat' dir='ltr'><strong>accur-</strong></span> 
     </span>
     <span class='ocr_line' id='line_1_41' title="bbox 144 2654 860 2701; baseline 0.007 -15"><span class='ocrx_word' id='word_1_283' title='bbox 144 2654 319 2697; x_wconf 71' lang='lat' dir='ltr'><strong>rentium,</strong></span> <span class='ocrx_word' id='word_1_284' title='bbox 361 2655 588 2699; x_wconf 79' lang='lat' dir='ltr'><strong>palantium:</strong></span> <span class='ocrx_word' id='word_1_285' title='bbox 628 2658 751 2701; x_wconf 86' lang='lat' dir='ltr'><strong>inepte</strong></span> <span class='ocrx_word' id='word_1_286' title='bbox 789 2658 860 2692; x_wconf 90' lang='lat' dir='ltr'><strong>dici</strong></span> 
     </span>
     <span class='ocr_line' id='line_1_42' title="bbox 145 2700 860 2749; baseline 0.01 -16"><span class='ocrx_word' id='word_1_287' title='bbox 145 2700 282 2734; x_wconf 83' lang='lat' dir='ltr'><strong>clamor</strong></span> <span class='ocrx_word' id='word_1_288' title='bbox 319 2706 582 2737; x_wconf 74' lang='lat' dir='ltr'><strong>accurrentium</strong></span> <span class='ocrx_word' id='word_1_289' title='bbox 620 2705 860 2749; x_wconf 79' lang='lat' dir='ltr'><strong>clamantium,</strong></span> 
     </span>
     <span class='ocr_line' id='line_1_43' title="bbox 145 2749 862 2798; baseline 0.01 -17"><span class='ocrx_word' id='word_1_290' title='bbox 145 2754 184 2781; x_wconf 89' lang='lat' dir='ltr'><strong>ut</strong></span> <span class='ocrx_word' id='word_1_291' title='bbox 211 2750 244 2782; x_wconf 91' lang='lat' dir='ltr'><strong>in</strong></span> <span class='ocrx_word' id='word_1_292' title='bbox 258 2749 323 2791; x_wconf 72' lang='lat' dir='ltr'><strong>Ma,</strong></span> <span class='ocrx_word' id='word_1_293' title='bbox 350 2751 386 2783; x_wconf 90' lang='lat' dir='ltr'><strong>in</strong></span> <span class='ocrx_word' id='word_1_294' title='bbox 413 2757 536 2794; x_wconf 83' lang='lat' dir='ltr'><strong>aperto</strong></span> <span class='ocrx_word' id='word_1_295' title='bbox 565 2757 631 2794; x_wconf 87' lang='lat' dir='ltr'><strong>cst,</strong></span> <span class='ocrx_word' id='word_1_296' title='bbox 658 2764 776 2798; x_wconf 83' lang='lat' dir='ltr'><strong>neque</strong></span> <span class='ocrx_word' id='word_1_297' title='bbox 792 2756 862 2788; x_wconf 90' lang='lat' dir='ltr'><strong>mi-</strong></span> 
     </span>
    </p>
   </div>
   <div class='ocr_carea' id='block_1_10' title="bbox 80 2798 862 2836">
    <p class='ocr_par' dir='ltr' id='par_1_14' title="bbox 80 2798 862 2836">
     <span class='ocr_line' id='line_1_44' title="bbox 80 2798 862 2836; baseline 0.008 -6"><span class='ocrx_word' id='word_1_298' title='bbox 80 2820 89 2831; x_wconf 84' lang='lat'><strong>.</strong></span> <span class='ocrx_word' id='word_1_299' title='bbox 146 2808 212 2830; x_wconf 85' lang='lat' dir='ltr'><strong>nus</strong></span> <span class='ocrx_word' id='word_1_300' title='bbox 250 2798 400 2832; x_wconf 77' lang='lat' dir='ltr'><strong>offendit</strong></span> <span class='ocrx_word' id='word_1_301' title='bbox 428 2800 608 2834; x_wconf 79' lang='lat' dir='ltr'><strong>l&#39;iclicnac</strong></span> <span class='ocrx_word' id='word_1_302' title='bbox 643 2800 779 2836; x_wconf 83' lang='lat' dir='ltr'><strong>clamor</strong></span> <span class='ocrx_word' id='word_1_303' title='bbox 817 2825 862 2829; x_wconf 79' lang='lat'><em>-</em></span> 
     </span>
    </p>
   </div>
   <div class='ocr_carea' id='block_1_11' title="bbox 145 2847 863 3039">
    <p class='ocr_par' dir='ltr' id='par_1_15' title="bbox 145 2847 863 3039">
     <span class='ocr_line' id='line_1_45' title="bbox 145 2847 859 2893; baseline 0.008 -15"><span class='ocrx_word' id='word_1_304' title='bbox 145 2847 372 2880; x_wconf 75' lang='lat' dir='ltr'><strong>vocitanlium</strong></span> <span class='ocrx_word' id='word_1_305' title='bbox 393 2875 402 2890; x_wconf 92' lang='lat'><strong>,</strong></span> <span class='ocrx_word' id='word_1_306' title='bbox 449 2859 541 2892; x_wconf 85' lang='lat' dir='ltr'><strong>quae</strong></span> <span class='ocrx_word' id='word_1_307' title='bbox 567 2849 742 2893; x_wconf 81' lang='lat' dir='ltr'><strong>scriptura</strong></span> <span class='ocrx_word' id='word_1_308' title='bbox 769 2861 814 2884; x_wconf 78' lang='lat' dir='ltr'><strong>ne</strong></span> <span class='ocrx_word' id='word_1_309' title='bbox 841 2863 859 2884; x_wconf 82' lang='lat' dir='ltr'><strong>a</strong></span> 
     </span>
     <span class='ocr_line' id='line_1_46' title="bbox 147 2894 861 2940; baseline 0.007 -13"><span class='ocrx_word' id='word_1_310' title='bbox 147 2894 249 2928; x_wconf 85' lang='lat' dir='ltr'><strong>libris</strong></span> <span class='ocrx_word' id='word_1_311' title='bbox 295 2895 435 2939; x_wconf 84' lang='lat' dir='ltr'><strong>quidem</strong></span> <span class='ocrx_word' id='word_1_312' title='bbox 487 2897 597 2930; x_wconf 85' lang='lat' dir='ltr'><strong>ullum</strong></span> <span class='ocrx_word' id='word_1_313' title='bbox 647 2898 861 2940; x_wconf 84' lang='lat' dir='ltr'><strong>praesidium</strong></span> 
     </span>
     <span class='ocr_line' id='line_1_47' title="bbox 146 2944 861 2990; baseline 0.007 -14"><span class='ocrx_word' id='word_1_314' title='bbox 146 2944 376 2978; x_wconf 79' lang='lat' dir='ltr'><strong>nanciscitur.</strong></span> <span class='ocrx_word' id='word_1_315' title='bbox 435 2944 489 2979; x_wconf 81' lang='lat' dir='ltr'><strong>Ad</strong></span> <span class='ocrx_word' id='word_1_316' title='bbox 517 2945 674 2990; x_wconf 83' lang='lat' dir='ltr'><strong>vestigia</strong></span> <span class='ocrx_word' id='word_1_317' title='bbox 701 2945 781 2980; x_wconf 85' lang='lat' dir='ltr'><strong>libri</strong></span> <span class='ocrx_word' id='word_1_318' title='bbox 809 2947 861 2981; x_wconf 68' lang='lat' dir='ltr'><strong>Ma</strong></span> 
     </span>
     <span class='ocr_line' id='line_1_48' title="bbox 147 2992 863 3039; baseline 0.006 -14"><span class='ocrx_word' id='word_1_319' title='bbox 147 2992 294 3037; x_wconf 85' lang='lat' dir='ltr'><strong>propius</strong></span> <span class='ocrx_word' id='word_1_320' title='bbox 332 2992 474 3027; x_wconf 86' lang='lat' dir='ltr'><strong>accedit</strong></span> <span class='ocrx_word' id='word_1_321' title='bbox 510 2993 733 3037; x_wconf 69' lang='lat' dir='ltr'><strong>volantium,</strong></span> <span class='ocrx_word' id='word_1_322' title='bbox 768 2995 863 3039; x_wconf 84' lang='lat' dir='ltr'><strong>quod</strong></span> 
     </span>
    </p>
   </div>
   <div class='ocr_carea' id='block_1_12' title="bbox 931 2120 1652 3039">
    <p class='ocr_par' dir='ltr' id='par_1_16' title="bbox 931 2120 1652 2884">
     <span class='ocr_line' id='line_1_49' title="bbox 931 2120 1652 2168; baseline -0.001 -12"><span class='ocrx_word' id='word_1_323' title='bbox 931 2124 993 2168; x_wconf 90' lang='lat' dir='ltr'><strong>qui</strong></span> <span class='ocrx_word' id='word_1_324' title='bbox 1039 2133 1122 2156; x_wconf 90' lang='lat' dir='ltr'><strong>cum</strong></span> <span class='ocrx_word' id='word_1_325' title='bbox 1159 2122 1253 2156; x_wconf 84' lang='lat' dir='ltr'><strong>libro</strong></span> <span class='ocrx_word' id='word_1_326' title='bbox 1289 2124 1320 2156; x_wconf 88' lang='lat' dir='ltr'>A</span> <span class='ocrx_word' id='word_1_327' title='bbox 1358 2122 1393 2155; x_wconf 91' lang='lat' dir='ltr'><strong>in</strong></span> <span class='ocrx_word' id='word_1_328' title='bbox 1431 2120 1652 2155; x_wconf 78' lang='lat' dir='ltr'><strong>volitantium</strong></span> 
     </span>
     <span class='ocr_line' id='line_1_50' title="bbox 931 2169 1651 2214; baseline -0.004 -9"><span class='ocrx_word' id='word_1_329' title='bbox 931 2176 1177 2213; x_wconf 80' lang='lat' dir='ltr'><strong>mutaverunt,</strong></span> <span class='ocrx_word' id='word_1_330' title='bbox 1216 2171 1287 2205; x_wconf 91' lang='lat' dir='ltr'><strong>loci</strong></span> <span class='ocrx_word' id='word_1_331' title='bbox 1316 2169 1555 2214; x_wconf 85' lang='lat' dir='ltr'><strong>corruptelam</strong></span> <span class='ocrx_word' id='word_1_332' title='bbox 1581 2171 1651 2203; x_wconf 81' lang='lat' dir='ltr'><strong>mi-</strong></span> 
     </span>
     <span class='ocr_line' id='line_1_51' title="bbox 932 2219 1652 2254; baseline -0.003 -1"><span class='ocrx_word' id='word_1_333' title='bbox 932 2222 1026 2254; x_wconf 90' lang='lat' dir='ltr'><strong>nime</strong></span> <span class='ocrx_word' id='word_1_334' title='bbox 1053 2220 1296 2254; x_wconf 85' lang='lat' dir='ltr'><strong>sustulerunt:</strong></span> <span class='ocrx_word' id='word_1_335' title='bbox 1323 2219 1509 2253; x_wconf 75' lang='lat' dir='ltr'><strong>volitantes</strong></span> <span class='ocrx_word' id='word_1_336' title='bbox 1557 2219 1652 2251; x_wconf 87' lang='lat' dir='ltr'><strong>enim</strong></span> 
     </span>
     <span class='ocr_line' id='line_1_52' title="bbox 931 2266 1651 2313; baseline -0.001 -11"><span class='ocrx_word' id='word_1_337' title='bbox 931 2280 1050 2313; x_wconf 88' lang='lat' dir='ltr'><strong>neque</strong></span> <span class='ocrx_word' id='word_1_338' title='bbox 1071 2273 1154 2312; x_wconf 86' lang='lat' dir='ltr'><strong>apte</strong></span> <span class='ocrx_word' id='word_1_339' title='bbox 1180 2269 1408 2302; x_wconf 85' lang='lat' dir='ltr'><strong>vindicantur</strong></span> <span class='ocrx_word' id='word_1_340' title='bbox 1434 2268 1525 2300; x_wconf 86' lang='lat' dir='ltr'><strong>locis</strong></span> <span class='ocrx_word' id='word_1_341' title='bbox 1552 2266 1651 2309; x_wconf 84' lang='lat'><strong>159,</strong></span> 
     </span>
     <span class='ocr_line' id='line_1_53' title="bbox 933 2314 1652 2359; baseline -0.006 -9"><span class='ocrx_word' id='word_1_342' title='bbox 933 2317 1185 2359; x_wconf 81' lang='lat' dir='ltr'>1121‚X1134‚</span> <span class='ocrx_word' id='word_1_343' title='bbox 1213 2317 1360 2358; x_wconf 74' lang='lat' dir='ltr'><strong>xiil-37,</strong></span> <span class='ocrx_word' id='word_1_344' title='bbox 1389 2317 1430 2349; x_wconf 87' lang='lat' dir='ltr'><strong>H.</strong></span> <span class='ocrx_word' id='word_1_345' title='bbox 1452 2314 1556 2357; x_wconf 82' lang='lat'><strong>1188,</strong></span> <span class='ocrx_word' id='word_1_346' title='bbox 1584 2325 1652 2348; x_wconf 87' lang='lat' dir='ltr'><strong>ne-</strong></span> 
     </span>
     <span class='ocr_line' id='line_1_54' title="bbox 933 2364 1652 2410; baseline -0.003 -12"><span class='ocrx_word' id='word_1_347' title='bbox 933 2377 1002 2410; x_wconf 87' lang='lat' dir='ltr'><strong>que</strong></span> <span class='ocrx_word' id='word_1_348' title='bbox 1042 2370 1121 2409; x_wconf 84' lang='lat' dir='ltr'><strong>post</strong></span> <span class='ocrx_word' id='word_1_349' title='bbox 1159 2371 1387 2398; x_wconf 80' lang='lat' dir='ltr'><strong>accurrentes</strong></span> <span class='ocrx_word' id='word_1_350' title='bbox 1430 2364 1524 2398; x_wconf 87' lang='lat' dir='ltr'><strong>bene</strong></span> <span class='ocrx_word' id='word_1_351' title='bbox 1567 2373 1652 2397; x_wconf 87' lang='lat' dir='ltr'><strong>suc-</strong></span> 
     </span>
     <span class='ocr_line' id='line_1_55' title="bbox 933 2412 1652 2456; baseline -0.006 -8"><span class='ocrx_word' id='word_1_352' title='bbox 933 2414 1077 2456; x_wconf 88' lang='lat' dir='ltr'><strong>cedunt,</strong></span> <span class='ocrx_word' id='word_1_353' title='bbox 1106 2425 1185 2448; x_wconf 89' lang='lat' dir='ltr'><strong>cum</strong></span> <span class='ocrx_word' id='word_1_354' title='bbox 1212 2415 1247 2447; x_wconf 92' lang='lat' dir='ltr'><strong>in</strong></span> <span class='ocrx_word' id='word_1_355' title='bbox 1267 2413 1443 2448; x_wconf 87' lang='lat' dir='ltr'><strong>eiusmodi</strong></span> <span class='ocrx_word' id='word_1_356' title='bbox 1462 2412 1652 2446; x_wconf 87' lang='lat' dir='ltr'><strong>verborum</strong></span> 
     </span>
     <span class='ocr_line' id='line_1_56' title="bbox 933 2461 1652 2506; baseline -0.004 -10"><span class='ocrx_word' id='word_1_357' title='bbox 933 2467 1103 2496; x_wconf 86' lang='lat' dir='ltr'><strong>contextu</strong></span> <span class='ocrx_word' id='word_1_358' title='bbox 1129 2472 1201 2496; x_wconf 87' lang='lat' dir='ltr'><strong>non</strong></span> <span class='ocrx_word' id='word_1_359' title='bbox 1228 2473 1467 2506; x_wconf 76' lang='lat' dir='ltr'><strong>synonymum</strong></span> <span class='ocrx_word' id='word_1_360' title='bbox 1494 2461 1557 2494; x_wconf 89' lang='lat' dir='ltr'><strong>sed</strong></span> <span class='ocrx_word' id='word_1_361' title='bbox 1582 2471 1652 2494; x_wconf 85' lang='lat' dir='ltr'><strong>no-</strong></span> 
     </span>
     <span class='ocr_line' id='line_1_57' title="bbox 932 2510 1652 2553; baseline -0.004 -9"><span class='ocrx_word' id='word_1_362' title='bbox 932 2522 1013 2545; x_wconf 89' lang='lat' dir='ltr'><strong>men</strong></span> <span class='ocrx_word' id='word_1_363' title='bbox 1035 2513 1251 2546; x_wconf 87' lang='lat' dir='ltr'><strong>contrarium</strong></span> <span class='ocrx_word' id='word_1_364' title='bbox 1270 2512 1363 2544; x_wconf 87' lang='lat' dir='ltr'><strong>iuste</strong></span> <span class='ocrx_word' id='word_1_365' title='bbox 1383 2510 1545 2544; x_wconf 87' lang='lat' dir='ltr'><strong>adhiberi</strong></span> <span class='ocrx_word' id='word_1_366' title='bbox 1566 2519 1652 2553; x_wconf 89' lang='lat' dir='ltr'><strong>pos-</strong></span> 
     </span>
     <span class='ocr_line' id='line_1_58' title="bbox 931 2559 1651 2606; baseline -0.003 -13"><span class='ocrx_word' id='word_1_367' title='bbox 931 2562 989 2594; x_wconf 87' lang='lat' dir='ltr'><strong>sit.</strong></span> <span class='ocrx_word' id='word_1_368' title='bbox 1009 2560 1119 2594; x_wconf 83' lang='lat' dir='ltr'><strong>Cuius</strong></span> <span class='ocrx_word' id='word_1_369' title='bbox 1131 2561 1277 2606; x_wconf 83' lang='lat' dir='ltr'><strong>generis</strong></span> <span class='ocrx_word' id='word_1_370' title='bbox 1291 2565 1345 2594; x_wconf 83' lang='lat' dir='ltr'><strong>est</strong></span> <span class='ocrx_word' id='word_1_371' title='bbox 1358 2559 1490 2605; x_wconf 82' lang='lat' dir='ltr'><strong>palari,</strong></span> <span class='ocrx_word' id='word_1_372' title='bbox 1503 2559 1651 2591; x_wconf 81' lang='lat' dir='ltr'><strong>verbum</strong></span> 
     </span>
     <span class='ocr_line' id='line_1_59' title="bbox 931 2608 1650 2653; baseline -0.006 -11"><span class='ocrx_word' id='word_1_373' title='bbox 931 2620 950 2642; x_wconf 86' lang='lat' dir='ltr'><strong>a</strong></span> <span class='ocrx_word' id='word_1_374' title='bbox 965 2609 1087 2642; x_wconf 81' lang='lat' dir='ltr'><strong>Tacito</strong></span> <span class='ocrx_word' id='word_1_375' title='bbox 1113 2620 1223 2653; x_wconf 85' lang='lat' dir='ltr'><strong>saepe</strong></span> <span class='ocrx_word' id='word_1_376' title='bbox 1248 2620 1290 2642; x_wconf 85' lang='lat' dir='ltr'><strong>ac</strong></span> <span class='ocrx_word' id='word_1_377' title='bbox 1311 2609 1466 2642; x_wconf 86' lang='lat' dir='ltr'><strong>libenter</strong></span> <span class='ocrx_word' id='word_1_378' title='bbox 1482 2608 1650 2650; x_wconf 81' lang='lat' dir='ltr'><strong>positum,</strong></span> 
     </span>
     <span class='ocr_line' id='line_1_60' title="bbox 931 2655 1652 2701; baseline -0.007 -10"><span class='ocrx_word' id='word_1_379' title='bbox 931 2657 1059 2691; x_wconf 86' lang='lat' dir='ltr'><strong>scribis</strong></span> <span class='ocrx_word' id='word_1_380' title='bbox 1086 2659 1201 2691; x_wconf 84' lang='lat' dir='ltr'><strong>minus</strong></span> <span class='ocrx_word' id='word_1_381' title='bbox 1232 2659 1416 2701; x_wconf 84' lang='lat' dir='ltr'><strong>cognitum</strong></span> <span class='ocrx_word' id='word_1_382' title='bbox 1450 2666 1566 2699; x_wconf 80' lang='lat' dir='ltr'><strong>eoque</strong></span> <span class='ocrx_word' id='word_1_383' title='bbox 1594 2655 1652 2687; x_wconf 79' lang='lat' dir='ltr'><strong>sa-</strong></span> 
     </span>
     <span class='ocr_line' id='line_1_61' title="bbox 934 2705 1650 2747; baseline -0.007 -7"><span class='ocrx_word' id='word_1_384' title='bbox 934 2706 1038 2740; x_wconf 85' lang='lat' dir='ltr'><strong>cilius</strong></span> <span class='ocrx_word' id='word_1_385' title='bbox 1066 2711 1250 2747; x_wconf 83' lang='lat' dir='ltr'><strong>mutatum,</strong></span> <span class='ocrx_word' id='word_1_386' title='bbox 1281 2705 1313 2738; x_wconf 90' lang='lat' dir='ltr'><strong>h.</strong></span> <span class='ocrx_word' id='word_1_387' title='bbox 1334 2717 1364 2738; x_wconf 84' lang='lat' dir='ltr'><strong>e.</strong></span> <span class='ocrx_word' id='word_1_388' title='bbox 1395 2709 1495 2737; x_wconf 82' lang='lat' dir='ltr'><strong>extra</strong></span> <span class='ocrx_word' id='word_1_389' title='bbox 1521 2713 1650 2747; x_wconf 82' lang='lat' dir='ltr'><strong>agmen</strong></span> 
     </span>
     <span class='ocr_line' id='line_1_62' title="bbox 934 2752 1650 2798; baseline -0.006 -10"><span class='ocrx_word' id='word_1_390' title='bbox 934 2760 969 2788; x_wconf 87' lang='lat' dir='ltr'><strong>et</strong></span> <span class='ocrx_word' id='word_1_391' title='bbox 995 2756 1111 2788; x_wconf 83' lang='lat' dir='ltr'><strong>aciem</strong></span> <span class='ocrx_word' id='word_1_392' title='bbox 1136 2755 1275 2798; x_wconf 67' lang='grc' dir='ltr'><em>ταρανί.</em></span> <span class='ocrx_word' id='word_1_393' title='bbox 1329 2753 1383 2786; x_wconf 76' lang='lat' dir='ltr'><strong>Cf.</strong></span> <span class='ocrx_word' id='word_1_394' title='bbox 1414 2753 1424 2784; x_wconf 94' lang='grc' dir='ltr'>Ι</span> <span class='ocrx_word' id='word_1_395' title='bbox 1452 2752 1500 2786; x_wconf 80' lang='grc'><strong>30</strong></span> <span class='ocrx_word' id='word_1_396' title='bbox 1528 2755 1563 2783; x_wconf 88' lang='lat' dir='ltr'><strong>et</strong></span> <span class='ocrx_word' id='word_1_397' title='bbox 1591 2752 1650 2793; x_wconf 89' lang='lat'><strong>51,</strong></span> 
     </span>
     <span class='ocr_line' id='line_1_63' title="bbox 932 2798 1650 2843; baseline -0.003 -8"><span class='ocrx_word' id='word_1_398' title='bbox 932 2803 1071 2843; x_wconf 71' lang='lat'><strong>11139,</strong></span> <span class='ocrx_word' id='word_1_399' title='bbox 1108 2803 1155 2834; x_wconf 80' lang='lat' dir='ltr'><strong>lv</strong></span> <span class='ocrx_word' id='word_1_400' title='bbox 1182 2804 1241 2835; x_wconf 63' lang='lat'><strong>45.</strong></span> <span class='ocrx_word' id='word_1_401' title='bbox 1310 2801 1348 2833; x_wconf 89' lang='lat' dir='ltr'><strong>ll.</strong></span> <span class='ocrx_word' id='word_1_402' title='bbox 1379 2800 1391 2832; x_wconf 92' lang='lat' dir='ltr'><strong>l</strong></span> <span class='ocrx_word' id='word_1_403' title='bbox 1418 2800 1482 2841; x_wconf 71' lang='grc'><strong>(38,</strong></span> <span class='ocrx_word' id='word_1_404' title='bbox 1517 2798 1564 2832; x_wconf 89' lang='lat'><strong>111</strong></span> <span class='ocrx_word' id='word_1_405' title='bbox 1595 2800 1650 2842; x_wconf 87' lang='lat'><strong>17,</strong></span> 
     </span>
     <span class='ocr_line' id='line_1_64' title="bbox 933 2849 1477 2884; baseline -0.002 -1"><span class='ocrx_word' id='word_1_406' title='bbox 933 2851 979 2884; x_wconf 81' lang='lat' dir='ltr'><strong>lv</strong></span> <span class='ocrx_word' id='word_1_407' title='bbox 1012 2850 1055 2883; x_wconf 85' lang='lat'><strong>18</strong></span> <span class='ocrx_word' id='word_1_408' title='bbox 1082 2855 1116 2882; x_wconf 91' lang='lat' dir='ltr'><strong>ct</strong></span> <span class='ocrx_word' id='word_1_409' title='bbox 1142 2850 1188 2884; x_wconf 83' lang='lat'><strong>60</strong></span> <span class='ocrx_word' id='word_1_410' title='bbox 1221 2853 1255 2881; x_wconf 81' lang='lat' dir='ltr'><strong>et</strong></span> <span class='ocrx_word' id='word_1_411' title='bbox 1284 2849 1329 2883; x_wconf 79' lang='lat'><strong>70</strong></span> <span class='ocrx_word' id='word_1_412' title='bbox 1357 2853 1391 2881; x_wconf 84' lang='lat' dir='ltr'><strong>et</strong></span> <span class='ocrx_word' id='word_1_413' title='bbox 1421 2849 1477 2882; x_wconf 81' lang='lat'><strong>77.</strong></span> 
     </span>
    </p>

    <p class='ocr_par' dir='ltr' id='par_1_17' title="bbox 932 2895 1650 3039">
     <span class='ocr_line' id='line_1_65' title="bbox 1006 2895 1650 2942; baseline 0.003 -13"><span class='ocrx_word' id='word_1_414' title='bbox 1006 2903 1066 2929; x_wconf 80' lang='lat' dir='ltr'><strong>aut</strong></span> <span class='ocrx_word' id='word_1_415' title='bbox 1092 2896 1366 2930; x_wconf 78' lang='lat' dir='ltr'><strong>relabebantur.-</strong></span> <span class='ocrx_word' id='word_1_416' title='bbox 1406 2895 1520 2929; x_wconf 80' lang='lat' dir='ltr'><strong>relabi</strong></span> <span class='ocrx_word' id='word_1_417' title='bbox 1555 2898 1650 2942; x_wconf 84' lang='lat' dir='ltr'><strong>quod</strong></span> 
     </span>
     <span class='ocr_line' id='line_1_66' title="bbox 933 2944 1649 2989; baseline 0.003 -12"><span class='ocrx_word' id='word_1_418' title='bbox 933 2946 1078 2989; x_wconf 84' lang='lat' dir='ltr'><strong>proprie</strong></span> <span class='ocrx_word' id='word_1_419' title='bbox 1130 2944 1260 2978; x_wconf 81' lang='lat' dir='ltr'><strong>dicitur</strong></span> <span class='ocrx_word' id='word_1_420' title='bbox 1310 2944 1354 2977; x_wconf 85' lang='lat' dir='ltr'><strong>‹le</strong></span> <span class='ocrx_word' id='word_1_421' title='bbox 1395 2944 1541 2978; x_wconf 83' lang='lat' dir='ltr'><strong>flumine</strong></span> <span class='ocrx_word' id='word_1_422' title='bbox 1587 2950 1649 2979; x_wconf 86' lang='lat' dir='ltr'><strong>aut</strong></span> 
     </span>
     <span class='ocr_line' id='line_1_67' title="bbox 932 2991 1648 3039; baseline -0.001 -13"><span class='ocrx_word' id='word_1_423' title='bbox 932 2999 1034 3028; x_wconf 82' lang='lat' dir='ltr'><strong>aestu</strong></span> <span class='ocrx_word' id='word_1_424' title='bbox 1059 2993 1163 3027; x_wconf 82' lang='lat' dir='ltr'><strong>maris</strong></span> <span class='ocrx_word' id='word_1_425' title='bbox 1191 2991 1257 3039; x_wconf 79' lang='lat' dir='ltr'><strong>(cr.</strong></span> <span class='ocrx_word' id='word_1_426' title='bbox 1285 2993 1300 3028; x_wconf 85' lang='lat' dir='ltr'><strong>l</strong></span> <span class='ocrx_word' id='word_1_427' title='bbox 1326 2992 1384 3036; x_wconf 85' lang='lat'><strong>76,</strong></span> <span class='ocrx_word' id='word_1_428' title='bbox 1408 2991 1439 3027; x_wconf 91' lang='lat'><strong>11</strong></span> <span class='ocrx_word' id='word_1_429' title='bbox 1463 2994 1523 3028; x_wconf 77' lang='lat'><strong>24.</strong></span> <span class='ocrx_word' id='word_1_430' title='bbox 1567 2993 1648 3029; x_wconf 81' lang='lat' dir='ltr'><strong>Vir..</strong></span> 
     </span>
    </p>
   </div>
  </div>
 </body>
</html>
