1768 3216
173 239 248 276 2³8
761 227 1071 266 HISTORIARVM
1457 241 1489 264 a.
1517 239 1554 268 u.
1578 229 1664 269 822.

175 367 278 411 quae
315 359 449 395 tamen
493 348 636 404 paucis
674 351 769 389 ante
817 347 965 391 diebus
1007 351 1237 402 opportuna
1277 351 1412 391 morte
1455 347 1666 391 excidium

174 431 317 472 domus
346 424 573 480 praevenit,
605 422 707 464 nihil
736 423 969 477 principatu
996 423 1068 464 filii
1097 422 1295 465 adsecuta
1323 422 1406 465 nisi
1435 422 1587 464 luctum
1622 426 1665 464 et

170 505 319 544 bonam
339 501 502 542 famam.
549 498 950 547 Quintumdecimum
971 497 1174 540 kalendas
1191 497 1404 540 Ianuarias
1427 497 1566 549 audita·
1589 496 1668 539 de·-

150 575 350 622 vsectione
378 573 558 629 legionis
592 562 935 627 coliortiumffue‘,
972 585 1080 627 quae
1113 585 1159 615 se
1192 573 1373 616 Narniae
1403 571 1666 624 dediderant,

141 649 279 703 spullo
312 649 465 690 amictu
493 647 648 689 Palatio
681 646 948 701 degreditur,
989 652 1146 690 maesta
1179 648 1337 690 circum
1367 646 1538 689 familia.
1598 646 1670 691 si-

170 723 253 765 mul
284 722 494 764 ferebatur
512 721 705 763 lecticula
722 721 918 775 parvulus
949 721 1070 775 filius,
1099 721 1211 763 velut
1240 722 1282 763 in
1310 720 1524 764 funebrem
1546 731 1670 775 pom·—

171 810 278 851 pam.
339 797 475 839 Voces
507 796 646 851 populi
677 796 856 839 blandae
898 801 939 838 et
969 797 1307 851 intempestivae;
1351 796 1472 841 miles
1517 795 1670 838 minaci

171 871 353 915 silentio.
414 871 502 913 Nec
534 871 751 925 quisquam
793 872 901 914 adeo
948 884 1087 914 rerum
1130 872 1404 914 humanarum
1450 872 1738 916 immemor68

172 959 292 1000 quem
323 958 407 987 non
450 950 735 988 commoveret
774 947 844 989 illa
886 947 1044 999 facies,
1069 947 1321 995 *Romanum
1348 945 1580 1000 principem
1629 948 1670 987 et

119 1022 339 1076 ingeneris
369 1021 536 1063 humani
567 1021 690 1075 paulo
724 1026 821 1064 ante
854 1021 1092 1074 dominum,
1141 1021 1288 1064 relicta
1334 1021 1529 1063 fortunae
1567 1031 1668 1062 suae

170 1096 297 1149 sede,
329 1109 404 1150 per
432 1096 655 1150 populum,
683 1109 758 1151 per
787 1097 933 1139 urbem
965 1097 1081 1139 exire
1114 1096 1166 1138 de
1197 1096 1386 1150 imperio.
1446 1095 1559 1139 Nihil
1586 1094 1669 1137 tale

168 1170 373 1224 viderant,
406 1171 506 1212 nihil
531 1171 763 1214 audierant.
808 1172 1038 1225 Repentina
1069 1171 1134 1213 vis
1167 1171 1411 1213 dictatorem
1444 1170 1669 1213 Caesarem

169 1250 463 1299 oppresserat,
508 1246 700 1288 occultae
746 1246 892 1288 Gaium
937 1246 1140 1297 insidiae;
1173 1258 1258 1288 nox
1305 1250 1346 1286 et
1376 1246 1565 1301 ignotum
1597 1256 1669 1288 rus

168 1319 308 1374 fugam
338 1321 519 1362 Neronis
543 1321 875 1372 absconderant3
906 1321 1000 1363 Piso
1033 1325 1073 1362 et
1105 1320 1235 1363 Galba
1268 1324 1473 1374 tamquam
1506 1320 1547 1361 in
1571 1319 1671 1362 acie

117 1405 155 1436 15
169 1394 378 1437 cecidere.
439 1395 484 1436 In
497 1396 816 1455 asua—‹gontione
847 1396 1051 1448 Vitellius,
1084 1396 1194 1437 inter
1223 1407 1323 1437 suos
1354 1395 1531 1448 milites,
1565 1406 1671 1449 pro—

169 1469 448 1523 spectantibus
499 1471 621 1513 etiam
664 1454 860 1524 feminis,
914 1483 1047 1525 pauca
1099 1475 1138 1512 et
1185 1470 1397 1524 praesenti
1437 1470 1671 1512 maestitiae

169 1546 442 1598 congruentia
473 1545 651 1598 locutus,
677 1546 833 1588 cedere
863 1558 909 1588 se
932 1546 1049 1600 pacis
1079 1549 1119 1587 et
1140 1545 1204 1587 rei
1233 1545 1425 1599 publicae
1456 1556 1583 1587 causa
1614 1569 1670 1575 —

169 1618 402 1661 retinerent
432 1624 586 1662 tantum
616 1621 861 1662 memoriam
892 1621 979 1673 sui,
1024 1620 1277 1674 fratremque
1309 1623 1350 1661 et
1381 1614 1602 1674 coniug'em
1635 1622 1675 1661 et

170 1693 384 1735 innoxiam
435 1694 662 1737 liberorum
704 1700 881 1737 aetatem
921 1695 1223 1737 miserarentur
1262 1719 1348 1747 —,
1388 1693 1510 1736 simul
1549 1693 1673 1735 filiurn

116 1778 156 1807 20
170 1769 442 1822 protendens,
475 1770 602 1811 modo
634 1770 813 1824 singulis
844 1770 970 1812 modo
1002 1770 1211 1811 universis
1244 1768 1558 1821 commendans,
1589 1780 1673 1823 po-

168 1846 324 1885 stremo
348 1842 447 1885 fletu
465 1844 763 1898 praepediente
792 1844 1011 1887 adsistenti
1043 1844 1205 1886 consuli
1229 1844 1460 1897 (Caecilius
1492 1842 1674 1898 Simplex

308 2013 342 2047 2.
370 2011 482 2046 nichil
506 2011 573 2047 Ma.
674 2013 751 2057 filia
774 2012 840 2048 Ma.
933 2014 967 2048 3.
990 2014 1317 2058 quintumdecimum
1342 2013 1478 2048 editor:
1504 2013 1577 2048 XV.
1606 2011 1671 2048 Ma.

171 2059 219 2093 cf.
245 2059 289 2094 ad
317 2060 339 2095 6
366 2061 425 2096 50.
525 2060 586 2095 Kl.
617 2071 696 2095 cum
725 2061 789 2097 lin.
816 2061 881 2096 Ma.
978 2062 1058 2096 Ian.
1089 2074 1167 2097 cum
1193 2063 1257 2097 lin.
1284 2061 1350 2096 Ma.
1447 2061 1483 2097 4.
1519 2061 1673 2107 legiones
1716 2088 1719 2092 ,

169 2106 249 2141 Ma:
277 2108 304 2142 G
330 2108 490 2154 legionis.
561 2109 754 2144 cohortium
781 2122 935 2155 quaeque
960 2122 996 2144 se
1021 2110 1086 2145 Ma.
1163 2105 1197 2146 5.
1225 2111 1338 2156 famia
1363 2108 1437 2144 Ma,
1465 2109 1494 2144 G
1518 2110 1670 2155 familia.

169 2167 230 2190 seu
259 2156 369 2190 GMR:
397 2158 499 2191 simul
523 2157 754 2192 Puteolanus.
854 2159 889 2193 8.
929 2159 1014 2193 inm.
1043 2158 1108 2193 Illa.
1208 2160 1242 2196 9.
1279 2170 1319 2193 ro
1346 2159 1399 2205 (in
1426 2169 1550 2193 versus
1584 2158 1671 2203 fine)

168 2215 251 2238 num
275 2203 342 2239 Ma.
446 2207 499 2241 13.
528 2207 662 2241 occulte
689 2206 753 2241 Ma.
841 2209 895 2242 15.
921 2207 1047 2242 milites
1075 2209 1128 2254 (in
1155 2210 1309 2255 paginae
1337 2207 1430 2254 line)
1453 2207 1579 2243 milites
1605 2206 1670 2243 Ma.

171 2253 227 2287 16.
253 2259 349 2288 mest.
378 2253 445 2289 Ma.
526 2255 580 2290 18.
610 2255 682 2290 sud
703 2266 880 2300 superscr.
909 2257 923 2290 i
947 2255 1013 2291 Ma.

167 2413 236 2442 stes
259 2410 403 2454 parenti
427 2410 606 2444 extitisset.
634 2411 688 2445 De
715 2411 888 2446 Sextiliae
1005 2412 1043 2445 in
1066 2421 1131 2444 sua
1149 2411 1331 2444 contione.-
1358 2411 1392 2445 h.
1411 2421 1443 2445 e.
1452 2422 1518 2457 pro
1533 2411 1671 2446 Rostris

167 2455 262 2490 bona
289 2457 383 2490 fama
408 2463 550 2501 praeter
575 2458 732 2493 Tacitum
755 2460 886 2495 Sueto-
957 2459 995 2492 in
1017 2461 1108 2502 soro.
1200 2459 1376 2493 Caecilius
1391 2458 1548 2504 Simplex
1573 2466 1671 2494 erat:

168 2506 248 2538 nius
277 2504 400 2539 Vitell.
422 2506 456 2540 3.
956 2506 1046 2541 v.H.
1076 2506 1106 2539 ll
1132 2506 1190 2541 60.
1218 2506 1368 2540 Caecilii
1396 2507 1539 2552 collega
1555 2507 1672 2549 Quin..

227 2552 416 2598 ,leyionise
444 2559 498 2588 est
524 2554 621 2601 legio
650 2567 694 2590 ex
722 2556 885 2590 classicis
954 2556 1026 2589 tius
1054 2554 1196 2588 Atticus
1222 2555 1311 2588 fuit:
1336 2555 1378 2589 H.
1400 2554 1449 2588 Ill
1477 2555 1523 2590 73
1550 2561 1586 2589 et
1612 2557 1669 2591 75.

169 2602 372 2646 conscripta
397 2605 446 2649 (c.
474 2603 561 2650 55),
599 2605 750 2648 primum
777 2606 886 2638 missa
1033 2602 1208 2636 eaeolutum
1235 2614 1258 2636 a
1284 2603 1395 2637 latere
1416 2603 1605 2649 puyionem
1626 2625 1670 2632 -

167 2650 381 2693 Mevaniam,
409 2650 494 2684 dein
516 2652 669 2686 Narniae
696 2652 823 2686 relicta
850 2657 885 2686 et
954 2657 993 2685 ut
1028 2652 1068 2684 in
1103 2651 1189 2684 aede
1231 2652 1453 2685 Concordiae
1494 2652 1671 2698 positurus

168 2699 276 2743 paulo
303 2703 384 2743 post
411 2699 541 2734 dedita.
657 2701 794 2735 Palatio
823 2701 886 2734 cle-
955 2700 1111 2745 insiynia
1135 2701 1302 2745 imperii:
1332 2701 1431 2734 iuxta
1461 2700 1669 2735 Suetonium

167 2747 347 2791 yreditur:
382 2747 477 2782 conf.
505 2749 698 2785 Suetonius
727 2750 796 2783 Vit.
828 2750 883 2793 15,
956 2750 1005 2794 (c.
1041 2749 1083 2782 15
1111 2752 1221 2795 extr.)
1248 2754 1329 2793 post
1368 2753 1532 2783 exustum
1558 2747 1670 2794 Capi-

168 2794 236 2828 Dio
263 2795 355 2830 LXV
389 2795 442 2831 16.
955 2795 1081 2830 toliuni
1112 2797 1201 2831 haec
1228 2797 1323 2831 facta
1346 2802 1427 2830 sunt
1449 2808 1458 2830 z
1497 2803 1580 2832 tunc
1609 2808 1670 2831 so-

240 2842 325 2888 Cap.
355 2844 413 2879 68.
465 2844 624 2879 occultae
645 2845 771 2880 Gaium
794 2845 886 2879 insi·
955 2846 1063 2879 lutum
1104 2857 1127 2878 a
1162 2846 1273 2880 latere
1308 2835 1496 2891 pugionem
1535 2845 1671 2880 consuli

170 2891 276 2926 diae:
330 2892 525 2927 Suetonius
562 2893 678 2939 Gatig.
714 2893 884 2928 56--58.
950 2895 1117 2939 primum,
1145 2894 1270 2928 deinde
1298 2893 1358 2927 illo
1385 2899 1571 2928 recusante
1591 2904 1668 2928 ma-

238 2950 311 2973 nox
339 2946 371 2974 et
395 2942 549 2986 ignotum
574 2954 635 2976 rus
663 2943 784 2988 fugam
809 2941 885 2976 Ne-
953 2943 1156 2987 ,qistratibus
1181 2954 1226 2976 ac
1250 2953 1332 2976 mooe
1355 2941 1575 2977 senatoribus
1591 2943 1669 2976 sin-

169 2987 269 3022 rom's
294 2988 571 3025 absconderam:
596 2989 691 3025 idem
716 2990 798 3026 Ner.
824 2989 884 3025 48.
953 2991 1044 3037 aulis
1077 2991 1266 3038 porrigens
1281 3016 1291 3036 ,
1342 2990 1438 3026 nullo
1478 2991 1668 3036 recipiente
