1768 3216
731 227 1041 264 HlS'l'ORlARVM
1448 238 1479 261 a.
1510 228 1548 263 u.
1574 226 1665 263 822.

167 238 244 273 238

166 355 295 395 verat.
355 351 392 391 Is
421 348 497 390 fuit
523 346 726 390 Anicetus
755 346 992 388 Polemonis
1022 344 1222 396 libertus,
1262 337 1517 399 praepotens
1545 343 1659 396 olim,

0 428 22 454 ἰ
166 430 206 467 et
231 429 442 480 postquam
468 433 643 476 regnum
672 421 714 462 in
736 408 912 463 formam
927 418 1172 475 provinciae
1191 422 1390 480 verterat,
1420 418 1660 461 mutationis

163 499 389 552 impatiens.
451 496 582 550 Igitur
610 495 764 537 Vitellii
794 495 963 537 nomine
991 494 1164 536 adscitis
1195 493 1388 548 gentibus
1418 504 1525 547 quae
1546 491 1661 534 Pon-

107 627 117 632 ψ
161 577 241 613 tum
273 571 487 623 accolunt,
523 575 719 625 corrupto
750 570 792 611 in
822 582 937 624 spem
972 569 1209 623 rapinarum
1241 568 1517 624 egentissimo
1548 577 1661 622 quo-

54 641 56 644 ’
127 658 261 700 5que,
311 645 419 687 haud
464 645 713 687 temnendae
758 657 903 709 manus
945 644 1122 697 ductor,
1163 643 1465 697 Trapezuntem
1493 646 1658 686 vetusta

158 721 266 762 fama
298 720 518 773 civitatem,
532 705 813 762 aGraecis
791 719 835 761 in
864 705 1053 762 extremo
1071 719 1269 761 Ponticae
1297 730 1398 760 orae
1431 717 1658 771 conditam,

133 795 314 838 subitus
343 794 507 848 inrupit.
557 795 688 838 Caesa
719 794 775 836 ibi
806 794 975 847 cohors,
1007 794 1170 855 regium
1199 793 1397 836 auxilium
1417 792 1547 859 oliuu
1561 804 1661 835 mox

158 869 299 911 donati
343 870 509 911 civitate
552 869 737 910 Romana
774 869 896 924 signa
940 881 1136 923 armaque
1177 869 1219 910 in
1260 857 1448 911 nostruin
1475 867 1657 920 modum,

159 944 360 1005 desidiam
390 943 681 998 licentiamque
723 942 979 985 Graecorum
1017 943 1266 985 retinebant.
1329 942 1462 986 Classi
1493 952 1659 996 quoque

78 989 317 1060 'iosaites
305 999 460 1071 intulit,
491 1030 626 1084 vacuo
659 1018 763 1072 mari
790 1017 985 1081 eludens,
1020 1018 1115 1072 quia
1139 1018 1389 1060 lectissimas
1408 1016 1660 1059 Liburnica-

5 1106 43 1127 f..
94 1092 143 1131 l
157 1104 248 1133 rum
277 1104 522 1146 omnemque
551 1092 722 1134 militem
751 1091 967 1134 Mucianus
998 1092 1240 1147 Byzantium
1274 1091 1492 1147 adegerat.
1551 1089 1659 1156 Quin

52 1150 58 1163 “
121 1171 198 1208 ‘et
225 1167 392 1209 barbari
424 1168 687 1222 contemptim
718 1167 992 1222 vagabantur,
1029 1167 1244 1209 fabricatis
1273 1169 1448 1221 repente
1464 1165 1656 1208 navibus.

158 1226 355 1305 Camaias
382 1246 557 1295 vocant,
599 1243 699 1297 artis
725 1242 964 1295 lateribus,
1002 1242 1127 1284 latam
1175 1242 1313 1284 alvum
1353 1241 1446 1283 sine
1487 1239 1658 1282 vinculo

0 1333 98 1366 :us-1
156 1317 265 1359 aeris
280 1302 363 1358 aut
396 1317 497 1359 ferri
529 1329 788 1370 connexam3
833 1322 873 1359 et
904 1317 1063 1359 tumido
1095 1317 1225 1369 mari,
1257 1319 1380 1371 prout
1410 1314 1559 1358 fluctus
1591 1318 1659 1357 at-

102 1391 320 1444 15tollitur,
352 1404 513 1435 summa
540 1392 707 1434 navium
738 1392 888 1434 tabulis
920 1396 1088 1447 augent,
1120 1392 1255 1434 donec
1289 1391 1332 1432 in
1363 1389 1531 1432 modum
1554 1388 1658 1432 tecti

154 1465 409 1508 claudantur.
471 1467 539 1510 Sic
571 1467 679 1511 inter
708 1467 840 1509 undas
869 1467 1116 1520 volvuntur,
1160 1466 1251 1521 pari
1285 1466 1493 1520 utrimque
1531 1476 1658 1519 prora

155 1545 194 1582 et
222 1542 404 1583 mutabili
435 1542 628 1597 remigio,
663 1542 829 1597 quando
858 1543 956 1584 hinc
984 1542 1051 1585 vel
1071 1542 1186 1583 illinc
1207 1540 1420 1595 adpellere
1442 1539 1658 1582 indiscre-
1695 1526 1768 1608 V*

152 1619 234 1657 tum
275 1621 315 1659 et
353 1603 567 1659 innoxium
607 1622 682 1660 est.
740 1618 934 1660 Advertit
979 1630 1028 1660 ea
1065 1629 1135 1659 res
1177 1606 1429 1671 Vespasiani·
1457 1614 1730 1667 animum,48

259 1772 289 1805 1.
317 1770 459 1805 libertus
483 1776 671 1817 prepotens
695 1771 838 1806 libertus
864 1770 945 1806 11133
973 1770 1064 1806 alter
1090 1770 1233 1805 libertus
1257 1771 1412 1804 omissus
1437 1770 1474 1803 in
1501 1767 1540 1803 θ.
1622 1768 1658 1803 3.

152 1819 225 1864 inp.
257 1818 321 1852 Μ3.
372 1822 406 1853 4.
434 1819 513 1854 adc.
541 1820 606 1853 Μ3.
659 1821 692 1855 5.
721 1821 925 1854 temnendae
952 1819 1053 1855 Giufi:
1082 1820 1254 1854 tenendae
1279 1819 1309 1853 R
1335 1823 1370 1852 et
1397 1818 1466 1852 les.
1525 1821 1661 1851 vetusta

155 1868 211 1911 (in
237 1867 307 1901 line
332 1871 478 1913 versus)
505 1879 623 1902 mama
649 1867 728 1902 Μ3·
720 1893 728 1901 .
757 1870 914 1902 correxit
938 1868 1092 1913 Lipsius.
1169 1868 1204 1903 6.
1233 1867 1350 1912 yrecis
1378 1865 1443 1900 Μ3.
1505 1864 1541 1900 9.
1561 1875 1658 1910 gree.

153 1914 219 1949 Ma.
296 1915 417 1949 classis
445 1915 551 1950 GMfl·
543 1941 552 1949 .
581 1917 737 1950 correxit
763 1917 968 1951 Rhenanus.
1051 1918 1107 1951 10.
1134 1916 1323 1950 lectissima
1349 1913 1426 1949 Μ3.
1451 1912 1480 1948 G
1507 1912 1660 1947 tectissi-

152 1974 238 1997 mas.
315 1965 370 1998 11.
395 1965 581 1998 mucianus
607 1965 669 1998 tiz.
698 1964 763 1999 Μ3.
825 1967 880 2000 12.
908 1965 1094 2010 contempti
1118 1964 1195 1998 1113·
1187 1989 1196 1997 .
1223 1969 1414 2008 contemptt
1443 1961 1471 1996 G
1497 1966 1533 1996 et
1559 1960 1659 1995 Oxo-

153 2011 310 2045 nienses.
826 2014 881 2048 13.
909 2013 988 2047 lata‘
1015 2013 1130 2047 alvom
1155 2011 1221 2048 Μ3.
1346 2010 1402 2046 14.
1431 2010 1567 2044 σοιιοωᾶ
1592 2008 1660 2053 Μ3,

154 2061 316 2094 connexa
342 2059 381 2094 G.
1151 2061 1204 2095 17.
1233 2059 1415 2106 appellare
1441 2057 1508 2102 Μ3,
1535 2058 1660 2104 appel-

154 2107 226 2141 lere
254 2107 292 2141 G.

429 2013 611 2057 febrientis
637 2012 701 2048 1113.

461 2060 516 2095 16.
544 2061 713 2105 utrimque
739 2060 814 2095 Ma:
839 2062 1003 2106 utrinque
1029 2060 1070 2095 G.

393 2109 602 2154 incpositum
628 2120 707 2143 cum
733 2109 798 2144 lin.
826 2108 891 2144 Μ3.

938 2251 967 2285 Χ
992 2251 1059 2286 737
1079 2262 1088 2283 z
1115 2261 1202 2296 pars
1228 2250 1311 2284 betti
1335 2249 1432 2284 haud
1459 2249 1657 2284 temnenda.

938 2300 1075 2334 Ductor
1100 2298 1285 2344 province
1314 2309 1392 2332 cum
1419 2298 1542 2344 aliquo
1568 2308 1660 2333 con-

938 2353 1088 2392 temptu.
1195 2349 1329 2392 regium
1356 2346 1529 2382 auoeilium
1555 2346 1660 2381 otim.-

939 2397 973 2430 h.
1004 2407 1038 2430 e.
1065 2395 1152 2430 olim
1187 2407 1207 2430 a
1232 2407 1321 2442 rege
1357 2397 1559 2440 conscripta
1593 2404 1660 2430 co-

939 2444 1043 2488 hors,
1079 2455 1170 2489 quae
1196 2445 1233 2478 in
1259 2443 1455 2478 socialibus
1479 2443 1654 2478 militibus

939 2493 1178 2526 Romanorum
1217 2497 1324 2526 esset.
1399 2503 1404 2506 ·
1475 2502 1558 2525 σηοω
1593 2492 1659 2526 do..

939 2541 1042 2574 nati.-
1082 2549 1146 2584 pro
1187 2539 1423 2574 auxiliaribus
1465 2538 1658 2585 legionarii

941 2588 1027 2622 facti
1066 2592 1166 2630 sunt,
1201 2598 1263 2632 pro
1299 2588 1411 2622 hastis
1447 2587 1659 2634 spathisque

152 2256 332 2295 permotus
376 2251 412 2285 id
450 2251 571 2286 facere
605 2252 720 2287 vellet
755 2263 869 2297 cupe-

151 2305 288 2345 retque.

237 2347 324 2392 Cap.
351 2349 409 2383 47.
471 2349 639 2383 Anicetus
674 2349 869 2383 Polemonis

152 2396 321 2430 libertus:
366 2396 511 2431 Polemo
548 2398 624 2431 eius
664 2398 868 2432 Polemonis

152 2443 245 2477 filius
275 2444 354 2487 fuit,
384 2445 483 2478 cuius
509 2447 644 2479 mentio
683 2446 714 2479 11
749 2446 795 2480 56
833 2448 869 2479 in

151 2492 257 2525 rebus
284 2491 415 2525 Tiberii
441 2491 616 2528 Caesaris.
662 2493 808 2527 Polemo
837 2494 869 2527 11

151 2539 294 2574 Nerone
326 2541 524 2584 imperant-e
566 2541 794 2584 decesserat,
835 2546 871 2575 et

152 2593 226 2622 tum
245 2599 395 2634 regnum
423 2589 499 2622 eius
535 2590 571 2622 in
607 2590 870 2632 formambpro-

152 2637 294 2671 vinciae
322 2636 504 2670 redactum
531 2642 610 2681 est3
655 2648 690 2672 v.
721 2638 867 2671 Sueton.

152 2685 234 2720 Ner.
266 2684 321 2719 18.
361 2685 520 2720 Verterat
545 2686 640 2730 quod
665 2687 782 2719 statim
808 2697 869 2720 se-

154 2735 274 2778 quitur
297 2733 486 2768 intellectu
511 2735 654 2778 passivo
681 2734 868 2778 accipien-

154 2781 234 2815 dum
262 2786 328 2816 est.

224 2830 320 2864 haud
346 2830 550 2865 temnendae
573 2841 698 2864 manus
724 2830 867 2864 ductor:

156 2879 359 2913 temnendae
393 2879 495 2913 verbi
533 2879 648 2913 forma
679 2888 742 2923 pro
779 2890 868 2912 con-

156 2927 358 2961 temnendae
396 2938 418 2961 a
450 2928 567 2972 poetis
604 2933 764 2972 sumptam
791 2926 865 2961 vid.

155 2973 393 3012 Forcellinius
426 2986 455 3011 s.
490 2986 527 3011 v.
559 2975 735 3022 Virgilius
772 2976 864 3012 Aen.

940 2636 1014 2680 pila
1041 2636 1253 2682 gladiosque
1279 2646 1468 2680 accepere.

998 2684 1103 2719 classi
1128 2696 1259 2730 quoque
1283 2687 1383 2729 faces
1395 2684 1536 2719 intulitx
1561 2684 1658 2720 clas-

940 2743 1016 2766 sem
1042 2739 1140 2767 recte
1176 2733 1350 2779 intelligit
1377 2732 1565 2768 Ernestius
1589 2744 1659 2768 na-

940 2792 1004 2815 ves
1032 2783 1067 2815 in
1094 2787 1199 2826 portu
1223 2781 1566 2826 'l‘rapezuntin‘sine
1585 2783 1657 2816 mi-

940 2828 1004 2863 lite
1028 2829 1199 2864 relictas:
1224 2841 1305 2865 nam
1335 2831 1479 2864 nonnisi
1505 2829 1657 2865 lectissi-

939 2889 1013 2912 mas
1040 2879 1314 2913 Liburnicarum
1348 2890 1547 2924 omnemque
1586 2879 1657 2913 mi-

938 2927 1033 2961 litem
1057 2928 1241 2962 Mucianus
1267 2926 1483 2971 Byzantium
1517 2926 1657 2973 adege-

937 2980 991 3010 rat
1017 2975 1079 3022 (Η.
1106 2976 1139 3011 Π
1164 2976 1246 3023 83).
1298 2975 1507 3019 Waltherus
1531 2974 1656 3010 elassis
