1768 3216
125 204 150 231 a
175 194 219 232 C.
244 195 307 234 oe.
656 196 792 234 LIBER
818 199 845 235 1.
899 197 988 236 Cn.
1019 200 1176 238 13—15.

1599 205 1648 241 21

127 313 324 370 ditionis,
377 326 627 372 quamquam
658 317 760 358 nihil
792 317 930 360 adhuc
961 318 1016 361 de
1055 319 1225 364 Vitellio
1265 325 1449 376 certum,
1497 324 1647 367 anxius

126 402 310 446 quonam
340 393 601 435 exercituum
630 392 695 434 vis
728 397 990 447 erumperet,
1037 407 1091 437 ne
1132 396 1296 439 urbano
1327 397 1495 452 quidem
1529 399 1648 442 militi

125 466 334 521 conlisus,
380 467 492 522 quod
538 467 793 530 remedium=
818 469 987 510 unicum
1026 470 1221 524 rebatur,
1270 473 1439 516 comitia
1482 474 1647 534 imperii

124 543 341 599 transigit3
372 541 644 597 adhibitoque
674 555 801 597 super
830 543 997 586 Vinium
1028 557 1079 587 ac
1109 545 1322 589 Laconem
1352 548 1486 591 Mario
1518 549 1644 593 Celso

124 596 299 660 ωἷιῖἶιῖε
329 617 551 674 designato
583 630 634 659 ac
663 618 854 661 Ducenio
887 619 1065 662 Gemino
1095 621 1311 675 praesecto
1341 624 1475 677 urbis,
1507 637 1678 680 pauca5

121 693 335 748 praefatus
356 693 410 736 de
439 706 515 736 sua
538 698 770 746 senectute,
788 694 983 738 Pisonem
1000 695 1263 740 Licinianum
1285 699 1490 755 Qfflri
1511 700 1641 754 iubet,

123 780 206 812 seu⁴
238 770 409 825 propria
449 770 658 812 electione
688 755 808 822 sive,
849 775 894 812 ut
932 771 1102 825 quidam
1134 772 1431 827 crediderunt,
1474 775 1644 819 Lacone

124 845 329 898 instante,
372 845 439 887 cui
486 845 593 900 apud
634 844 867 887 Rubellium
913 845 1098 888 Plautum
1140 847 1326 889 exercita
1367 859 1462 890 cum
1491 849 1644 892 Pisone

123 921 331 964 amicitia:
362 920 624 987 Qallidg
655 925 699 962 ut
730 921 919 983 ignotum
951 922 1145 977 spxebat,
1179 926 1220 965 et
1249 935 1455 978 prospera
1488 923 1542 967 de
1571 924 1644 966 Pi-

122 1004 230 1040 sone
257 995 369 1038 sama
401 983 857 1038 consiliff'eHis‘ffilem
887 996 1124 1038 addiderat.
1183 997 1282 1044 Piso
1310 998 1454 1040 Marco
1487 999 1643 1042 Crasso
1667 1013 1704 1042 io

123 1076 166 1115 et
193 1071 416 1115 Scribonia
448 1073 631 1128 genitus,
664 1071 818 1129 nobilis
849 1072 1081 1126 utrimque,
1109 1072 1223 1114 vultu
1254 1073 1481 1128 habituque
1512 1076 1643 1118 moris

124 1148 306 1203 antiqui,
333 1152 375 1191 et
404 1148 842 1215 aestiQrecta
875 1159 1075 1200 severus,
1109 1149 1296 1192 deterius
1323 1150 1644 1205 interpretanti-

124 1224 202 1266 bus
231 1225 394 1267 tristior
423 1224 668 1267 habebatur.
718 1210 795 1267 Fa
819 1208 919 1279 pars
952 1237 1114 1267 morum
1147 1225 1237 1267 eius
1279 1237 1362 1279 quo
1405 1226 1644 1280 suspectior

55 1301 112 1343 15
123 1299 331 1353 sollicitis,
366 1300 581 1355 adoptanti
611 1299 815 1355 placebat.
877 1300 1009 1357 Igitur
1029 1301 1175 1353 Galba,
1193 1300 1457 1356 adprehensa
1477 1301 1642 1344 Pisonis

123 1388 273 1429 manu,
318 1375 359 1417 in
404 1375 513 1418 bunc
554 1375 723 1417 modum
763 1375 928 1419 locutus
960 1377 1104 1418 fertur.
1161 1374 1224 1419 ‘Si
1255 1380 1295 1419 te
1326 1377 1513 1431 privatus
1544 1376 1699 1450 legens

265 1470 292 1504 1.
319 1470 432 1504 nichil
458 1468 520 1504 Ma.
581 1471 614 1504 2.
643 1480 761 1514 quona
786 1469 850 1503 Ma.
915 1471 950 1505 4.
981 1471 1167 1516 transsiyit
1194 1469 1260 1505 hia.
1323 1471 1357 1505 5.
1385 1470 1547 1504 Ducenio
1573 1469 1644 1504 Ma:

124 1519 299 1556 monnio
325 1519 364 1554 G.
395 1519 442 1553 cf.
476 1520 517 1554 15
547 1518 603 1554 ¹8.
684 1518 721 1553 6.
749 1519 925 1553 accersiri
949 1519 1062 1554 (ma,
1091 1521 1232 1554 accersi
1256 1519 1429 1563 Muretus,
1455 1519 1594 1554 arcessi
1616 1519 1643 1553 1.

125 1569 183 1604 Fr.
208 1568 422 1605 Gronovius.
480 1568 536 1603 10.
565 1567 615 1602 M.
644 1566 710 1602 Ma.
787 1570 840 1602 11.
866 1569 958 1603 colcu
986 1567 1046 1603 Or.
1110 1571 1168 1604 12.
1197 1569 1425 1603 extimatione
1452 1567 1533 1604 Ma:
1562 1578 1646 1603 cor-

126 1619 221 1654 rexit
244 1617 457 1653 Beroaldus.
531 1617 813 1663 inter'yi'tantibns
839 1616 906 1652 Ma.
987 1620 1043 1654 14.
1072 1618 1265 1664 adl-»hensa
1290 1617 1355 1652 Ma.

126 1713 319 1759 Magnum:
359 1711 526 1746 Crassum
566 1710 713 1745 fratrem
751 1711 845 1745 Nero

126 1761 272 1796 sustulit
285 1774 295 1804 ;
310 1771 344 1794 v.
357 1761 519 1795 Senecae
534 1759 843 1804 Apocolocyntos.

129 1823 161 1846 c.
193 1812 257 1846 11:
286 1810 397 1844 Gaius
424 1809 563 1843 Caesar
590 1809 715 1842 Crassi
733 1809 846 1852 filiam

126 1860 235 1895 vetuit
261 1858 433 1904 Magnum
457 1858 604 1892 vocari:
632 1858 692 1891 ln’c
712 1857 846 1902 (Clau-

128 1909 231 1958 dius)
271 1918 399 1942 nomen
434 1907 492 1941 itta·
523 1906 702 1954 reddidit,
741 1913 846 1953 caput

128 1956 218 1993 tulit.
270 1956 408 1991 Occidit
431 1957 471 1990 in
497 1966 573 1990 una
599 1956 698 1989 domo
734 1956 848 1990 Cras-

127 2018 222 2050 sunt,
258 2006 450 2053 Magnum,
479 2005 728 2046 Scriboniam,
771 2005 850 2039 Tri-

126 2056 313 2098 suaniam,
342 2054 594 2095 Annaeum,
623 2053 758 2088 nobiles
792 2059 851 2088 ta-

127 2116 229 2140 men.-
277 2104 446 2139 Crassum
499 2106 658 2149 (pau-em
709 2102 851 2137 Pisonis

129 2159 166 2189 et
201 2153 342 2200 Magni)
379 2164 463 2187 cero
508 2158 580 2186 tam
617 2153 774 2196 fatuum,
814 2157 851 2186 nt

129 2204 236 2238 ctiam
263 2213 419 2249 regnare
443 2207 570 2247 posset.
624 2200 679 2235 De
720 2200 790 2235 hoc
817 2206 853 2235 et

129 2251 319 2286 Scribonia
364 2251 472 2296 paulo
528 2254 632 2294 post:
689 2250 851 2294 quando-

137 2300 275 2346 quidem
310 2301 409 2334 divus
443 2299 613 2333 Claudius
653 2299 782 2333 occidit
806 2320 852 2326 —

131 2360 293 2383 socer-um
313 2349 411 2394 filiae
438 2359 523 2382 suae
546 2347 728 2389 Crassum,
755 2349 853 2394 frugi

131 2399 327 2442 laomincm,
363 2404 436 2432 tam
470 2395 619 2431 similem
657 2396 726 2430 sibi
750 2409 854 2443 quam

132 2459 196 2482 ooo
223 2459 336 2490 ovum,
353 2446 579 2481 Scriboniam
596 2456 739 2479 socrum
754 2447 853 2491 filiae

131 2507 217 2532 suae
247 2500 316 2530 cet.
358 2496 413 2530 De
430 2496 560 2530 Crasso
587 2494 699 2528 fratre
713 2495 854 2529 Pisonis

135 2557 155 2580 a
181 2545 325 2579 Nerone
349 2545 491 2579 sublato
524 2544 614 2578 Plin.
643 2542 756 2587 Epist.
786 2544 853 2586 15,

133 2594 195 2628 ubi
222 2594 350 2628 Metius
384 2593 494 2627 Carus
522 2594 632 2627 hacc:
669 2594 768 2636 ‘quid
794 2594 855 2628 tihi

133 2654 211 2677 cum
248 2644 334 2677 meis
371 2643 548 2677 mortuis?
584 2643 753 2685 numquid
793 2655 855 2689 eyn

133 2698 195 2727 aut
222 2692 352 2726 Crasso
378 2698 439 2726 aut
468 2690 657 2726 Camerino
695 2691 856 2727 molestus

133 2742 247 2776 sum?
273 2753 357 2786 quos
382 2740 445 2775 itte
466 2739 668 2787 (Regulus)
695 2741 757 2775 sub
780 2741 855 2775 Ne-

133 2801 222 2824 rone
235 2796 483 2825 accusaverat.
523 2788 625 2823 Adde
644 2785 755 2824 Tacit.
775 2789 816 2824 H.
838 2790 854 2825 Ι

134 2838 202 2874 48:
227 2842 361 2884 fratres
387 2840 463 2874 eius
483 2838 654 2883 Maqnum
665 2834 851 2883 Claudius,

139 2887 408 2923 CrassumNero
430 2889 699 2933 interfecerant.
720 2887 856 2922 Paren-

137 2940 211 2970 tum
238 2936 459 2984 fratrumque
477 2937 625 2971 caedem
651 2941 688 2970 et
709 2937 858 2971 exilium

139 2985 251 3029 ipsius
283 2987 338 3030 (v.
367 2998 398 3021 c.
426 2988 472 3023 21
500 2990 538 3020 et
561 2985 629 3031 38)
657 2986 858 3030 respiciens

918 1712 1026 1757 paulo
1066 1717 1146 1756 post
1181 1715 1233 1758 (c.
1273 1713 1335 1758 15)
1376 1709 1489 1745 Galba
1531 1710 1645 1745 dicit:

916 1763 1100 1805 fortunam
1126 1761 1244 1795 adhuc
1283 1767 1420 1795 tantum
1457 1759 1646 1794 adversam

918 1809 1040 1844 tulisti.
1084 1809 1210 1844 Frater
1229 1809 1380 1844 Crassus
1405 1808 1473 1843 sub
1499 1808 1645 1844 Nerone

919 1857 1045 1893 consul
1062 1858 1173 1893 suita.
1186 1859 1234 1894 64
1246 1858 1386 1901 :8173
1400 1857 1548 1892 caedem
1565 1859 1644 1892 eius

920 1910 955 1942 in
969 1907 1159 1953 deperdita
1173 1907 1368 1942 Annalium
1388 1911 1491 1951 parte
1499 1906 1643 1942 Tacitus

919 1958 1090 1991 narravit.

996 2054 1082 2100 Cap.
1115 2055 1170 2089 15.
1220 2054 1260 2087 in
1302 2053 1399 2087 hunc
1424 2053 1562 2088 modum
1587 2054 1645 2088 10-

920 2109 1018 2138 cutus
1042 2106 1186 2149 fertur.-
1215 2113 1323 2137 unam
1352 2102 1458 2146 hauc,
1487 2114 1581 2150 quae
1607 2105 1645 2137 in

919 2154 995 2187 vita
1021 2152 1187 2187 Caesaris
1213 2162 1296 2185 mox
1328 2152 1480 2196 perituri
1509 2162 1644 2198 super-

921 2206 988 2244 est,
1019 2203 1193 2236 orationis
1209 2200 1397 2235 habendae
1412 2202 1644 2236 occasionem

919 2250 1061 2284 Tacitus
1077 2251 1268 2297 negligere
1288 2250 1418 2292 noluit,
1451 2255 1488 2283 ut
1509 2250 1644 2285 Galbae

921 2310 1039 2333 mores
1054 2300 1275 2334 luculentius
1291 2299 1492 2344 depingere
1507 2304 1643 2344 posset,

922 2348 1043 2383 Petite
1081 2348 1264 2382 hominem
1299 2347 1461 2390 induxit,
1506 2350 1566 2394 qui
1609 2348 1644 2382 t'n

922 2399 1072 2432 civitate
1103 2398 1307 2433 Stoicorum
1335 2397 1487 2443 egregie
1527 2398 1644 2442 impe-

922 2452 1063 2481 raturus
1100 2451 1215 2490 esset,
1256 2445 1320 2479 sed
1358 2451 1546 2490 corruptos
1588 2448 1644 2480 sui

923 2497 1095 2540 temporis
1122 2496 1288 2530 homines
1316 2497 1487 2528 coercere
1514 2501 1645 2529 aucto-

922 2546 1029 2579 ritate
1059 2550 1094 2579 et
1123 2544 1268 2591 legibus
1296 2553 1369 2576 non
1385 2549 1520 2588 posset.
1551 2544 1644 2578 Hinc

923 2594 1097 2640 pleraque
1130 2593 1175 2627 de
1216 2592 1412 2637 adoptione
1449 2603 1535 2635 sua,
1572 2593 1645 2627 alia

923 2644 967 2677 de
993 2642 1187 2677 virtutibus
1213 2647 1273 2676 aut
1299 2642 1399 2675 vitiis
1428 2652 1551 2675 eorum
1583 2643 1644 2686 qui

924 2703 1060 2726 summa
1113 2692 1363 2736 adipiscuntur
1409 2690 1469 2723 vel
1521 2689 1643 2734 adepti

923 2746 1018 2784 sunt,
1044 2750 1164 2776 coram
1179 2740 1255 2773 filio
1273 2739 1442 2783 adoptato
1458 2739 1643 2772 monuisse

924 2790 1037 2825 Galba
1076 2793 1268 2824 contentus
1305 2792 1384 2821 est:
1418 2796 1490 2820 non
1527 2797 1644 2832 expo-

924 2839 996 2874 suit
1031 2839 1118 2884 quid
1152 2846 1323 2882 praesens
1362 2846 1480 2870 rerum
1528 2840 1643 2871 status

925 2887 1137 2934 postularet,
1164 2884 1250 2932 quid
1275 2884 1344 2918 sibi
1375 2890 1414 2919 et
1438 2884 1558 2919 Pisoni
1580 2885 1644 2919 fir..

925 2936 1054 2971 mando
1084 2935 1237 2979 imperio
1255 2937 1291 2967 et
1306 2932 1473 2969 sedandis
1489 2933 1643 2968 militum

926 2986 1055 3019 animis
1093 2982 1300 3018 faciendum
1340 2987 1448 3020 esset.
1502 2983 1644 3029 Quippe
