1768 3216
125 230 199 266 220
697 223 758 257 DE
785 222 1013 259 ORATORIB
1021 224 1074 259 VS

129 359 203 388 sua
234 345 344 387 soliti
376 343 470 384 sint.
531 341 674 394 Neque
706 341 815 381 enim
846 344 1002 381 tantum
1033 343 1120 381 arte
1149 343 1189 380 et
1209 338 1386 380 scientia
1405 338 1627 393 sedlonge

129 421 261 474 magis
292 417 485 460 facultate
517 420 557 457 et
586 428 663 457 usu
708 415 986 468 eloquentiam
1029 414 1236 456 contineri
1278 426 1357 456 nec
1398 417 1467 467 tu,
1513 416 1625 468 putor,

130 495 299 545 abnues,
334 497 374 534 et
405 491 444 533 hi
476 491 718 547 significare
747 490 861 532 vultu
894 490 1100 532 videntur.

265 567 426 609 Deinde
456 579 547 608 cum
579 567 693 620 Aper
724 578 887 620 quoque
919 570 959 607 et
988 565 1206 608 Secundus
1238 564 1348 606 idem
1370 563 1628 615 adnuissent,

99 643 305 686 sMessala
353 643 470 696 quasi
514 654 658 683 rursus
701 641 933 697 incipiens,
983 641 1188 691 Quoniam
1229 639 1345 680 initia
1387 643 1427 681 et
1468 637 1629 687 semina

129 718 284 760 veteris
307 717 569 772 eloquentiae
590 717 690 758 satis
712 716 1025 757 demonstrasse
1056 715 1220 767 videor,
1253 713 1446 756 docendo
1478 712 1628 767 quibus

126 793 282 835 artibus
314 793 467 846 antiqui
489 796 680 834 oratores
699 791 856 833 institui
880 790 1119 844 erudirique
1138 789 1251 831 soliti
1272 789 1368 841 sint,
1399 799 1628 842 persequar

125 879 234 909 nunc
281 867 604 909 exercitationes
648 878 804 907 eorum.
882 866 1135 918 Quamquam
1177 864 1277 917 ipsis
1321 862 1477 904 artibus
1518 861 1628 903 inest

130 943 400 994 exercitatio,
449 955 526 983 nec
568 942 784 995 quisquam
824 941 1040 994 percipere
1084 943 1143 980 tot
1172 938 1416 980 reconditas
1447 941 1516 979 aut
1544 940 1627 978 tam

79 1018 264 1060 novarias
297 1030 366 1058 res
395 1020 546 1070 potest,
581 1017 662 1057 nisi
694 1020 737 1056 ut
766 1015 970 1057 scientiae
1001 1013 1239 1066 meditatio,
1272 1011 1530 1055 meditationi
1560 1010 1627 1052 fa-

132 1093 276 1144 cultas,
309 1091 493 1133 facultati
525 1091 588 1132 vis
618 1090 880 1144 eloquentiae
913 1089 1099 1130 accedat.
1175 1089 1252 1129 Per
1277 1099 1384 1141 quae
1417 1086 1628 1141 colligitur

126 1167 300 1209 eandem
331 1179 425 1208 esse
456 1166 662 1207 rationem
700 1168 740 1205 et
769 1163 1028 1218 percipiendi
1061 1175 1167 1216 quae
1197 1162 1408 1215 proferas,
1453 1165 1494 1202 et
1522 1172 1628 1214 pro-

126 1241 287 1283 ferendi
318 1252 423 1294 quae
451 1239 704 1294 perceperis.
765 1238 845 1279 Sed
877 1237 913 1279 si
947 1237 1012 1278 cui
1033 1236 1279 1278 obscuriora
1304 1235 1410 1277 haec
1433 1234 1627 1277 videntur

217 1419 247 1451 1.
277 1416 352 1459 suit,
380 1416 448 1450 litt.
476 1427 499 1449 u
525 1419 657 1460 puncto
684 1415 869 1458 supposito
906 1418 943 1447 ut
972 1413 1079 1458 paulo
1107 1416 1203 1455 ante,
1249 1411 1283 1445 P.
1386 1417 1519 1446 tantum
1545 1410 1625 1445 edi-

123 1470 199 1499 tor:
228 1465 370 1499 codices
396 1465 485 1498 dum.
561 1464 749 1498 inscientia
775 1462 809 1496 P.
913 1464 947 1498 2.
978 1468 1009 1495 et
1036 1473 1100 1495 usu
1127 1461 1359 1505 eloquentiam
1382 1459 1622 1504 Tyrwhittus:

123 1520 155 1548 et
191 1514 388 1558 eloquentia
413 1513 491 1555 FP,
521 1512 750 1557 eloquentiam
778 1511 981 1545 Rhenanus.
1098 1511 1133 1544 3.
1166 1510 1192 1543 ii
1216 1508 1281 1543 FP.
1410 1509 1446 1544 4.
1473 1519 1557 1543 ann.
1588 1509 1623 1543 P.

122 1562 155 1597 6.
187 1562 322 1596 videtur
346 1561 385 1596 F.
470 1562 503 1597 7.
528 1572 721 1607 persequor
747 1559 784 1594 F.
862 1560 895 1595 9.
925 1565 973 1594 tot
999 1564 1059 1592 aiil
1085 1557 1285 1592 reconditas
1312 1562 1383 1592 tam
1411 1557 1465 1601 (in
1493 1556 1516 1589 P
1543 1561 1625 1593 aute

123 1617 194 1644 tam
222 1611 265 1645 ab
293 1610 337 1644 al.
366 1621 412 1644 m.
454 1621 631 1654 superscr.
660 1612 740 1655 aul)
778 1608 852 1642 FPt
887 1613 935 1642 tot
963 1607 1164 1641 reconditas
1199 1612 1260 1641 aut
1295 1611 1366 1640 tam
1392 1605 1622 1640 Puteolanus.

127 1661 181 1694 11.
209 1659 440 1705 eloquentiae]
470 1658 588 1693 malim
618 1657 812 1702 eloquendi.

121 1806 283 1840 forenses
309 1805 492 1848 suscipere
528 1803 722 1845 volebant,
761 1804 838 1836 sive

122 1854 364 1888 accusantium
377 1854 455 1888 sive
471 1852 738 1887 defendentium
755 1862 838 1896 par-

121 1907 175 1936 tes
203 1902 413 1946 amplexuri.

193 1979 326 2007 tantum
352 1979 428 2006 arte
459 1977 490 2005 et
516 1972 684 2004 scientia:
712 1981 837 2004 corru-

122 2022 279 2064 ptionem
305 2021 383 2054 dum
414 2030 476 2064 pro
512 2025 646 2052 tantum
671 2021 719 2052 ita
748 2030 837 2052 eve-

120 2071 217 2102 nisse
252 2069 371 2102 iudico
407 2074 467 2109 ut,
505 2078 582 2100 cum
621 2070 654 2101 in
690 2069 837 2111 antiquo

122 2116 316 2161 exemplari
363 2115 612 2160 pronuntiandi
653 2116 742 2148 vitio
780 2117 837 2148 ιᾱ-

122 2165 201 2199 dum
249 2171 428 2199 exaratum
471 2169 600 2206 esset,
655 2164 836 2207 proximus

121 2213 239 2247 scriba
274 2213 334 2247 vel
370 2217 552 2247 corrector
586 2212 836 2245 emendaturus

121 2261 286 2295 redderet
319 2261 410 2296 dum.
465 2261 516 2296 Ne
553 2262 631 2305 quis
671 2260 838 2304 opinetur

121 2310 173 2343 sic
199 2309 387 2343 dicendum
424 2310 537 2343 suisse
573 2314 650 2341 arte
690 2315 835 2349 lantum,

121 2358 307 2392 cavebitur
337 2359 530 2402 exemplis:
570 2356 705 2391 11157:
752 2363 835 2390 tari-

120 2413 189 2440 lum
217 2408 371 2451 infamia
395 2417 541 2447 πεπυ-κως
570 2405 609 2438 Η.
631 2404 743 2440 1164:
772 2406 833 2438 (Io-

119 2466 194 2488 mus
232 2466 316 2488 suae
360 2461 494 2488 tantiam
527 2454 678 2487 adversa
703 2455 836 2496 sensit,-

121 2502 160 2536 Ο.
189 2504 230 2538 2:
269 2509 403 2536 tantum
433 2504 600 2537 Catonem
640 2503 835 2546 coqitasset.

120 2550 275 2585 Orellius
313 2555 348 2584 et
374 2550 627 2585 Doederlinius
665 2552 837 2584 coniece-

118 2604 200 2632 runt
224 2599 416 2642 dumtaoeat,
444 2600 506 2633 sed
532 2604 604 2631 tum
621 2597 743 2631 debuit
760 2605 837 2632 arte

120 2648 313 2691 dumtaxat,
341 2658 411 2681 non
439 2648 620 2682 dumtaxat
646 2653 735 2680 arte.
781 2647 834 2680 Cf.

120 2695 159 2729 G.
189 2697 255 2730 25:
284 2697 436 2742 eaeceptis
466 2697 647 2730 dumtaxat
674 2695 718 2727 iis
746 2706 835 2739 yen-

120 2744 207 2777 tibus
232 2746 291 2788 qui
315 2750 523 2789 reqnnnlur.
562 2743 728 2787 Plerique
756 2742 835 2776 edi-

118 2797 213 2825 tores
252 2793 480 2826 Puteolanum
527 2792 641 2826 secuti
674 2792 834 2835 particu-

118 2839 188 2873 lam
219 2846 480 2885 expunxerunt.

198 2913 249 2945 vis
287 2911 526 2956 eloquentiae.-
580 2922 623 2945 ex
662 2911 833 2945 facultate

118 2955 259 2993 dicendi
286 2965 414 3004 sponte
442 2962 554 2994 oritur
579 2970 650 2993 non
676 2960 732 2994 vis
753 2959 833 2994 elo-

894 1658 949 1692 13.
975 1656 1128 1702 percipis
1155 1655 1191 1688 P.

909 1799 1096 1846 quentiae,
1132 1799 1195 1833 sed
1221 1799 1297 1842 ipsa
1325 1798 1552 1845 eloquentia,
1587 1797 1623 1832 h.

909 1861 940 1883 e.
975 1850 1026 1883 vis
1062 1848 1256 1892 eloquendi.
1326 1847 1401 1881 Hoc
1443 1847 1626 1892 eloquendi

909 1908 987 1931 cum
1006 1896 1233 1931 aberratione
1250 1895 1436 1930 admodum
1451 1895 1625 1942 frequen..

908 1951 942 1980 te
973 1945 1146 1990 eloquenti
1175 1955 1381 1989 expressum
1409 1950 1517 1987 esset,
1540 1943 1625 1980 inde

907 2000 944 2027 ut
972 1995 1214 2040 corrigeretur
1244 1993 1440 2040 eloquentiq
1474 2003 1624 2038 pronum

908 2048 993 2076 crat.

980 2112 1064 2155 Cap.
1093 2113 1151 2146 34.
1200 2113 1435 2146 deducebatur
1462 2133 1506 2140 ——
1533 2113 1625 2146 obti-

906 2161 1029 2194 nebat:
1072 2160 1167 2193 conf.
1199 2160 1325 2194 Cicero
1343 2160 1464 2194 Laelio
1494 2162 1534 2195 1:
1563 2172 1624 2206 eqo

906 2215 1021 2242 autem
1058 2220 1081 2241 a
1103 2215 1205 2254 patre
1247 2210 1299 2242 ila
1337 2220 1434 2242 eram
1462 2209 1626 2243 deductus

907 2258 953 2290 ad
991 2257 1200 2291 Scaevolam
1237 2263 1372 2303 sumpta
1409 2257 1507 2291 virili
1544 2263 1625 2304 toya

905 2311 953 2348 ut,
978 2306 1092 2350 quoad
1113 2317 1248 2352 possem
1270 2312 1301 2339 et
1325 2305 1459 2348 liceret,
1486 2317 1509 2340 a
1534 2307 1626 2340 senis

907 2355 1017 2388 latere
1052 2365 1228 2398 nvenquam
1254 2355 1487 2397 discederem,·
1529 2354 1620 2388 idem

906 2403 1015 2436 Bruto
1043 2402 1113 2437 89:
1154 2415 1215 2448 eqo
1251 2409 1366 2436 autem
1394 2404 1482 2436 iuris
1512 2403 1625 2437 civilis

906 2452 1018 2484 studio
1057 2451 1198 2485 multum
1249 2463 1378 2497 operae
1416 2451 1542 2484 dabam
1580 2451 1622 2494 Q.

906 2499 1100 2533 Scaevolae
1141 2500 1177 2532 P.
1207 2499 1243 2532 F.
1267 2525 1276 2541 ‚
1320 2500 1379 2542 qui
1417 2510 1624 2544 quamquam

905 2548 1039 2581 nemini
1063 2560 1098 2581 se
1125 2548 1172 2580 ml
1196 2548 1388 2581 docendum
1414 2547 1537 2590 dabat,
1566 2553 1624 2582 ta-

906 2608 983 2629 men
1011 2595 1267 2630 consulentibus
1289 2596 1529 2640 respondendo
1547 2602 1622 2630 slu-

907 2645 1020 2678 diosos
1049 2644 1217 2678 audiendi
1242 2644 1396 2677 docebat.
1460 2643 1621 2678 Eundem

906 2703 1038 2726 morem
1068 2692 1212 2726 laudant
1247 2692 1305 2726 vel
1345 2697 1623 2726 commemorant

907 2740 1034 2774 Cicero
1049 2752 1111 2785 pro
1125 2740 1248 2774 Caelio
1267 2741 1302 2782 lt,
1324 2741 1490 2774 Horatius
1507 2741 1621 2785 Epist.

905 2788 970 2821 111
994 2790 1072 2832 106,
1101 2789 1242 2822 Persius
1271 2790 1297 2822 V
1322 2789 1478 2832 30-44,
1507 2788 1622 2831 Quin-

906 2837 1051 2871 tilianus
1078 2837 1142 2871 Xlt
1175 2840 1214 2870 11
1244 2838 1277 2872 6.

978 2909 1226 2942 atter-cationes
1253 2928 1296 2934 —-
1324 2907 1474 2952 impiis.-
1510 2906 1621 2940 aller-

907 2958 999 2992 catio
1025 2956 1279 3003 interrogando
1309 2960 1345 2990 et
1371 2954 1620 3000 respondendo
