1768 3216
165 217 242 272 §66

166 346 316 399 profana
342 352 511 386 alimenta
530 350 558 386 H
585 351 609 387 4
634 351 693 388 60.
719 354 889 398 profanus

213 414 236 446 i.
269 423 302 446 e.
329 411 459 456 impius
486 411 513 445 H
544 412 564 446 5
592 413 626 447 5.

167 471 293 516 profici
318 471 354 505 in
381 471 567 507 victoriam
584 499 594 516 ‚
632 483 677 507 an
702 473 890 508 victoriam

212 530 337 576 perfici
362 531 392 566 H
418 530 441 566 3
467 532 525 568 60.

162 583 354 638 profligare
393 591 529 626 bellum
572 591 598 627 H
637 595 660 630 2
694 593 727 628 4.
766 593 794 629 G
831 592 890 629 13.

210 652 350 698 proelia
380 653 424 686 14
450 653 508 688 36.

161 712 339 758 prolepsis
369 713 397 746 H
425 713 447 748 3
474 713 531 748 25.

162 774 226 818 pro
252 771 403 807 meliore
430 772 499 806 fuit
528 773 572 808 12
596 771 656 807 39.

163 834 447 879 promptissimus
474 833 627 878 quisque
656 833 688 866 A
709 831 745 868 3.

163 896 228 939 pro
260 893 492 928 munimentis
535 892 571 927 h.
612 903 643 927 e.
689 894 725 927 in
766 892 888 938 primis

211 954 442 988 munimentis
470 954 491 988 2
519 953 579 988 80.

165 1006 362 1059 pronomen
383 1013 696 1048 determinativum
721 1018 803 1049 ante
830 1023 892 1050 re·-

213 1074 365 1109 lativum
404 1085 424 1109 a
449 1074 570 1109 'l'acito
609 1075 725 1108 omitti
755 1073 849 1110 solet
873 1077 897 1110 4

216 1134 271 1169 14.

170 1183 349 1239 propexus
387 1195 495 1229 crinis
533 1195 555 1229 i.
585 1206 616 1229 e.
644 1195 840 1240 promissus
866 1190 894 1229 n

170 1256 175 1258 “
213 1253 238 1288 4
263 1254 321 1289 61.

166 1315 407 1359 propinquare
435 1324 579 1359 campos
609 1315 652 1350 12
682 1314 737 1349 13.

170 1373 365 1419 propitiare
398 1374 544 1419 genium
570 1373 598 1408 Ο
624 1374 660 1409 9.

169 1439 422 1480 propraetores
448 1444 513 1469 seu
540 1433 652 1481 legati
669 1434 896 1479 appellantur

220 1494 282 1541 qui
316 1493 479 1529 Caesaris
530 1494 736 1539 provincias
767 1501 898 1541 regunt

220 1556 237 1589 1
268 1554 324 1590 74.

166 1605 348 1660 proprium
371 1615 515 1649 humani
541 1616 679 1662 ingenii
702 1620 756 1650 est
775 1615 895 1651 odisse

214 1686 319 1721 quem
345 1675 495 1710 laeseris
521 1676 552 1710 A
578 1677 636 1712 42.

165 1737 330 1781 proprius
358 1737 381 1769 i.
412 1747 444 1770 e.
472 1736 689 1780 praecipuus
719 1738 762 1772 15
793 1733 849 1772 74.

166 1796 341 1840 'proruere
355 1794 623 1840 significatione
649 1797 765 1831 activa
789 1794 803 1830 1
837 1792 897 1832 68.

166 1855 404 1900 'prorumpere
435 1855 470 1889 h.
499 1865 531 1890 e.
569 1860 674 1901 rupta
710 1863 804 1891 voce
829 1865 895 1891 ex-

219 1915 373 1950 clamare
403 1917 443 1950 11
472 1917 506 1951 2.

164 1980 331 2020 prorutus
358 1980 393 2011 et
419 1980 612 2022 proruptus
642 1975 685 2013 15
715 1977 773 2013 40.
813 1975 841 2011 ll
873 1977 893 2046 1.

168 2037 170 2039 ’
210 2035 269 2070 86.

167 2095 361 2138 provenire
387 2100 501 2139 terra,
531 2106 602 2129 non
630 2100 759 2130 terram
789 2097 831 2132 16
857 2099 890 2132 2.

167 2154 313 2197 proviso
346 2155 390 2189 12
415 2154 474 2190 39.

164 2215 358 2258 provivere
386 2214 408 2249 i.
439 2226 470 2249 e.
499 2224 605 2260 porro
632 2217 759 2250 vivere
788 2215 811 2251 6
836 2212 894 2251 25.

164 2274 359 2321 prudentes
412 2276 435 2309 i.
471 2285 504 2311 e.
562 2276 650 2311 iuris
697 2275 799 2321 prud.
864 2274 892 2312 Ο

211 2335 270 2369 32.

164 2394 311 2439 publica
337 2405 432 2429 arma
460 2398 476 2429 1
505 2397 539 2430 2.

165 2453 332 2498 publicae
361 2456 571 2499 provinciae
601 2455 645 2490 13
668 2454 703 2490 4.

164 2505 347 2559 publicum
390 2515 414 2548 i.
454 2526 485 2549 e.
527 2515 647 2549 omnia
692 2525 784 2561 quae
834 2522 894 2549 res

167 2562 185 2584 '¹
213 2574 358 2619 publica
389 2583 454 2608 suo
481 2575 559 2609 iure
597 2576 746 2621 exigere
776 2581 896 2620 potest

217 2634 261 2668 13
287 2636 346 2669 51.

166 2693 292 2739 pulsus
320 2699 356 2728 et
383 2694 557 2739 impulsus
585 2693 614 2728 H
649 2695 671 2729 3
697 2695 756 2730 2¹5.

167 2763 276 2798 purus
305 2758 341 2788 et
367 2763 509 2799 pressus
537 2762 654 2790 sermo
683 2752 710 2790 Ο
735 2755 770 2790 2.

165 2818 292 2858 putare
318 2825 382 2859 pro
410 2820 618 2860 computare
646 2815 671 2849 Η
701 2815 724 2850 3
751 2816 784 2852 2.

166 2873 336 2911 Puteolos
363 2880 490 2921 quater
519 2875 637 2911 coloni
674 2875 819 2911 deducti
849 2877 892 2911 14

167 2939 173 2946 ‘
214 2934 274 2970 27.

839 231 980 273 mDEx

940 353 1213 401 quadragesima
1294 346 1666 405 quinquagesima

987 414 1238 449 exactionibus
1274 413 1414 451 illicitis
1452 423 1476 452 a
1499 415 1667 462 publi&-

989 475 1044 508 nis
1070 475 1219 510 inventa
1248 475 1291 511 13
1317 476 1377 511 51.

942 534 1177 581 quadraginta
1203 534 1303 570 milia
1322 535 1532 571 Parthorum
1559 537 1667 583 equi-

989 599 1092 639 tum,
1134 603 1206 629 non
1240 596 1411 644 quadrag.
1453 593 1571 664 Parth.
1607 604 1665 642 eq.

986 654 1087 689 milia
1114 655 1143 690 H
1169 656 1192 690 4
1218 657 1275 692 51.

935 716 1112 761 quaesitio
1153 721 1189 750 et
1215 718 1420 762 quaesitura
1453 722 1518 762 pro
1549 721 1664 763 quae·-

984 776 1054 809 stio
1083 781 1119 810 et
1152 781 1343 822 quaestura
1378 781 1450 837 non
1476 775 1668 812 toleranda

982 833 1007 870 4
1032 835 1083 870 45
1113 839 1149 870 et
1168 837 1191 872 3
1215 837 1274 872 29.

940 896 1171 940 quaestiones
1199 896 1296 932 latae
1324 899 1362 932 in
1395 897 1559 945 singulos
1594 893 1665 932 ho-

991 954 1106 991 mines
1132 955 1155 992 3
1181 957 1241 993 27.

943 1022 1153 1061 quaestores
1172 1017 1367 1062 parricidii,
1395 1018 1547 1062 aerarllg
1575 1018 1668 1052 mri-

994 1086 1064 1122 que
1091 1087 1110 1112 a
1138 1077 1346 1112 consulibus
1373 1078 1507 1122 creat13
1537 1079 1668 1113 aemil

990 1141 1182 1182 quaestura
1230 1146 1369 1172 annuus
1420 1138 1663 1185 magistratus,

993 1197 1176 1240 parricidii
1211 1207 1283 1231 non
1309 1196 1416 1242 ltem3
1448 1193 1572 1232 Livius
1599 1197 1669 1232 ltac

992 1257 1028 1290 in
1064 1267 1103 1291 re
1128 1267 1200 1290 non
1236 1262 1372 1304 pugnat
1408 1265 1487 1292 cum
1518 1254 1667 1302 ’ravum

991 1315 1209 1351 Niebuhr-ius
1236 1321 1272 1351 et
1299 1315 1442 1353 Becker
1466 1318 1566 1353 nullo
1590 1319 1668 1353 lure

993 1372 1150 1410 Tacitum
1181 1377 1311 1412 erroris
1343 1377 1584 1424 inscius-eque
1608 1381 1669 1413 ar..

994 1442 1139 1471 cessunt
1170 1439 1209 1471 11
1238 1440 1296 1474 22.
1337 1443 1546 1486 quaestores
1570 1433 1667 1474 Gae-

996 1497 1084 1531 saris
1115 1497 1158 1533 16
1181 1498 1240 1532 3³.

943 1561 1111 1602 quaestus
1146 1558 1314 1603 cupidine
1342 1558 1572 1593 >senatorium
1600 1562 1663 1593 or-

993 1616 1110 1652 dinem
1139 1623 1287 1653 exnerat
1316 1618 1343 1653 Η
1370 1620 1394 1655 2
1420 1618 1480 1655 86.

942 1687 1046 1723 quam
1071 1687 1134 1723 pro
1161 1681 1281 1724 potius
1308 1686 1412 1725 quam
1441 1679 1484 1714 13
1509 1677 1547 1714 6.

944 1746 1156 1784 quamquam
1184 1750 1263 1774 cum
1290 1739 1524 1774 coniunctlvo
1543 1738 1584 1774 n
1606 1738 1666 1775 32

997 1795 1035 1831 in
1065 1798 1242 1844 principio
1271 1799 1447 1834 enuntiati
1476 1798 1507 1834 G
1540 1798 1595 1834 18.
1638 1797 1666 1834 0

995 1858 1054 1893 28.

943 1918 1105 1963 quamvis
1130 1919 1203 1952 vim
1230 1918 1385 1953 nominis
1410 1917 1582 1953 adieetivi
1607 1918 1666 1954 lil-

990 1978 1105 2012 tendit
1134 1978 1176 2013 15
1202 1978 1262 2022 24,
1295 1979 1339 2014 16
1367 1977 1426 2014 16.
1453 1978 1494 2014 G.
1522 1979 1582 2016 24.

941 2038 1156 2084 quandoque
1182 2038 1276 2073 idem
1297 2038 1393 2085 quod
1418 2039 1666 2086 quandocum-

991 2109 1060 2142 que
1095 2099 1109 2132 1
1138 2098 1172 2133 6.

945 2161 1113 2202 quantum
1143 2157 1188 2191 ad
1215 2157 1243 2190 Η
1271 2157 1294 2192 5
1325 2158 1380 2193 10.
1408 2152 1438 2192 G
1463 2158 1522 2194 21.

948 2222 1117 2263 quantum
1143 2217 1296 2252 saevitia
1328 2216 1520 2263 glisceret,
1556 2218 1667 2252 mise-

991 2277 1082 2311 ratio
1108 2277 1297 2312 arcebatur
1325 2277 1348 2311 6
1377 2277 1432 2312 19.

939 2348 1010 2383 que
1039 2359 1079 2365 —
1108 2342 1145 2371 et
1170 2337 1250 2383 (vel
1276 2339 1335 2382 ac)
1363 2337 1391 2371 11
1417 2337 1441 2372 4
1466 2337 1526 2373 39.
1553 2336 1638 2372 Aa.

939 2405 1009 2443 que
1036 2402 1072 2431 et
1105 2403 1151 2431 ve
1181 2396 1228 2431 ad
1261 2403 1429 2432 numeros
1464 2397 1667 2444 iungendos

990 2456 1150 2491 adhibita
1173 2457 1206 2491 A
1236 2457 1291 2491 12.

945 2527 1014 2562 que
1039 2516 1218 2561 particula
1243 2526 1381 2563 augens
1403 2519 1438 2551 et
1459 2514 1667 2550 conc-tusto..

993 2584 1075 2611 nem
1101 2583 1230 2621 parans
1254 2577 1279 2611 4
1304 2577 1348 2612 21
1383 2581 1419 2610 et
1444 2570 1501 2612 714.
1548 2576 1581 2610 A
1609 2577 1666 2611 27.

991 2642 1072 2682 post
1098 2636 1296 2683 singularia
1325 2635 1498 2683 generale
1531 2635 1667 2681 aliquid

995 2701 1188 2731 annectere
1216 2696 1309 2730 solet
1336 2697 1380 2731 ’13
1405 2696 1439 2731 ὃ.
1469 2697 1505 2729 in
1529 2695 1666 2740 prinei-

994 2758 1053 2801 pio
1084 2757 1256 2791 enuntiati
1282 2762 1357 2791 rem
1379 2760 1509 2790 novam
1534 2760 1571 2790 εὖ
1587 2763 1666 2790 me·-

994 2817 1203 2851 morabilem
1230 2817 1396 2863 designat
1428 2821 1490 2850 aut
1523 2816 1666 2851 velocia

991 2882 1100 2911 tatem
1146 2882 1182 2911 et
1225 2876 1501 2922 trepidationem
1540 2877 1558 2911 1
1594 2874 1661 2920 59,

994 2938 1036 2973 15
1062 2939 1121 2983 21,
1152 2939 1196 2974 16
1221 2939 1281 2975 30.
