1768 3216
120 238 208 277 ⁸20,
236 239 297 277 70.
595 237 732 275 LIBER
755 239 799 275 V.
849 236 939 273 Cu.
969 238 1124 276 11-12,
1549 240 1621 276 391

119 358 231 414 plum
263 358 309 400 in
333 357 500 400 modum
531 356 643 399 arcis
668 357 911 412 propriique
948 358 1083 411 muri,
1114 358 1261 402 labore
1290 363 1333 401 et
1365 370 1494 414 opere
1522 362 1621 401 ante

120 434 241 477 alios.
301 434 420 488 Ipsae
467 433 670 487 porticus,
720 433 812 487 quis
859 434 1051 488 templum
1099 434 1355 487 ambibatur‚
1401 434 1622 490 egregium

118 508 490 580 Pfflfflfflflum·
534 508 644 549 Fons
674 508 873 562 perennis
904 520 1053 562 aquae,
1087 510 1223 551 cavati
1252 510 1330 551 sub
1359 514 1473 552 terra
1495 522 1624 552 mon-
1637 500 1768 561 mh,-

118 588 202 637 tes,
232 588 275 626 et
302 583 491 637 piscinae
509 583 802 637 cisternaeque
825 584 1045 625 servandis
1067 584 1282 627 imbribus.
1325 584 1624 627 Praeviderant

119 657 361 700 conditores
388 670 442 699 ex
472 657 716 699 diversitate
754 669 917 700 morum
956 659 1105 701 crebra
1148 659 1280 701 bella:
1307 659 1430 701 inde
1468 664 1654 727 cunctas

118 733 307 788 quamvis
337 732 541 774 adversus
548 732 775 792 longum
774 733 1002 796 obsidium.
1044 735 1094 776 Et
1125 747 1148 776 a
1171 735 1368 788 Pompeio
1390 719 1622 790 expugna-

118 796 516 863 tis-'fistfiffs'atque
518 819 619 848 usus
652 790 851 861 pleraque
880 812 1183 850 monstravere.
1244 810 1381 863 Atque
1411 822 1487 864 per
1517 822 1623 851 ava-

117 882 255 925 titiam
285 881 607 931 Claudianorum
639 885 871 936 temporum
903 886 1040 936 empto
1071 883 1162 925 iure
1189 884 1404 925 muniendi
1432 888 1623 926 struxere

118 969 259 999 muros
286 957 330 998 in
358 969 464 1011 pace
494 960 699 1010 tamquam
730 956 784 997 ad
814 956 995 1009 bellum,
1032 970 1185 1012 magna
1225 958 1406 1000 colluvie
1435 963 1476 1000 et
1505 963 1624 1001 cete-
1658 948 1768 1006 'laih

117 1044 257 1077 rarum
282 1031 447 1093 urbium
478 1031 599 1073 clade
628 1031 761 1073 auct-i:
796 1043 890 1072 nam
922 1019 1496 1087 pervicacissimus‘quisque
1525 1033 1623 1075 illuc
1636 1047 1678 1077 io

116 1107 384 1162 perfugerat,
416 1118 552 1160 eoque
582 1106 824 1148 seditiosius
854 1100 1074 1161 agebant(
1110 1106 1214 1148 Tres
1246 1108 1399 1160 duces,
1449 1108 1622 1150 totidem

118 1182 340 1229 exercitus.
400 1182 598 1223 Extrema
629 1186 670 1223 et
698 1181 900 1224 latissima
930 1182 1141 1223 moenium
1175 1182 1304 1234 Simo,
1337 1182 1517 1225 mediam
1547 1195 1625 1224 ur-

117 1258 213 1299 bem
242 1257 597 1310 loannessquem
629 1260 670 1298 et
697 1255 943 1310 Bargioram
973 1255 1226 1309 vocabantJ,
1268 1257 1464 1311 templum
1494 1257 1624 1298 Elea-

118 1344 241 1375 zarus
283 1331 535 1373 firmaverat.
594 1329 854 1372 Multitudine
904 1334 945 1372 et
987 1330 1114 1371 armis
1164 1330 1343 1372 loannes
1388 1344 1443 1374 ‚ac
1492 1332 1622 1384 Simo,

1662 1319 1668 1334 ι
1720 1304 1753 1322 “”

1646 1323 1768 1386 ἶίίῖκῖ

321 1387 463 1405 w
1762 1374 1768 1390 ⁴

260 1493 291 1526 1.
316 1503 427 1538 opem
456 1489 565 1526 Gna:
596 1495 797 1526 correctum
824 1492 860 1525 in
887 1491 976 1525 Bud.
1085 1493 1119 1526 2.
1163 1490 1362 1525 «imbibatur
1386 1491 1465 1526 Ma:
1490 1491 1625 1525 ambie-

119 1541 223 1576 batur
247 1540 286 1575 G.
370 1544 406 1576 4.
434 1541 652 1584 cister-neque
677 1539 743 1574 1113.
824 1540 1014 1585 poiderant
1042 1550 1120 1574 cum
1146 1551 1169 1585 p
1198 1539 1348 1574 caudato
1376 1540 1430 1586 (id
1458 1544 1512 1574 est
1534 1551 1624 1586 pro-

117 1590 302 1638 viderant]
328 1589 395 1631 Μ3,
419 1589 649 1634 ρνειιίάεναηι
678 1588 718 1622 G.
794 1588 829 1623 9.
860 1589 994 1622 colubie
1021 1599 1101 1621 cum
1128 1586 1191 1622 lin.
1219 1599 1328 1632 super
1352 1599 1405 1623 co.
1434 1587 1498 1622 1113.
1562 1590 1618 1623 11.

118 1639 368 1674 seditiosiosius
392 1637 459 1673 Ma.
526 1639 581 1672 ¹2.
608 1638 718 1679 simo,
745 1637 896 1671 mediam
920 1637 1040 1670 urbem
1066 1635 1145 1670 iol-is
1169 1636 1236 1679 1113,
1269 1641 1306 1670 et
1330 1638 1383 1670 sic
1411 1636 1439 1671 G
1464 1637 1525 1682 qui
1552 1637 1621 1670 Jo-

120 1687 242 1722 lmnes.
345 1689 400 1723 13.
426 1686 539 1720 barba
565 1687 621 1731 (in
647 1696 773 1719 versus
802 1685 891 1731 fine)
921 1686 1061 1731 qim-am
1088 1684 1153 1727 1113,
1182 1685 1433 1730 barbayioram
1462 1685 1511 1719 G.
1540 1695 1625 1719 cor-

123 1737 218 1770 rexit
239 1735 398 1781 Lipsius,
428 1734 585 1781 glossam
611 1736 750 1768 notavit
776 1733 903 1768 editor.
967 1733 1135 1767 almarus
1161 1733 1216 1767 bis
1244 1728 1323 1767 Md:
1351 1733 1379 1768 G
1402 1734 1624 1768 heleazarus.

126 1786 183 1820 14.
217 1785 272 1819 ilis
298 1787 397 1831 (cum
423 1784 487 1819 lin.
514 1788 718 1818 transversa
741 1784 778 1817 in
805 1782 873 1817 litt.
903 1783 945 1829 Ιι)
972 1780 1047 1816 Ma.
1075 1781 1103 1816 G
1126 1782 1296 1816 Johancs.

123 1948 230 1983 usque
253 1938 294 1972 in
313 1943 536 1984 praesentem
554 1937 645 1971 diem
667 1935 837 1970 sterilitas
904 1935 948 1969 de
974 1935 1029 1968 his
1065 1934 1216 1970 ducibus
1254 1933 1431 1979 Iosephus
1468 1934 1509 1968 B.
1548 1933 1624 1968 lud.

116 1986 318 2032 pluviarum
342 1997 416 2020 non
440 1986 551 2020 sotum
575 1987 738 2031 suaquarta,
775 1985 838 2018 sed
908 1984 934 2017 V
965 1985 1029 2017 1-
1035 1983 1070 2018 6.

118 2041 151 2068 et
175 2035 315 2069 bibendi·
342 2036 498 2081 inopiam
522 2035 623 2079 facit.
689 2033 744 2068 Cf.
774 2033 834 2067 lo-
990 2032 1144 2066 Ioannes
1190 2034 1307 2077 [quem
1344 2038 1376 2065 et
1412 2032 1626 2076 Baryioram

117 2083 220 2128 seph.
250 2083 291 2118 B.
319 2082 393 2119 lud.
423 2084 453 2117 V
481 2084 506 2118 4
534 2084 565 2126 1,
596 2082 642 2116 Vl
671 2083 691 2117 7
718 2084 753 2117 2.
901 2081 1119 2127 vocabantJ:
1170 2080 1281 2114 verba
1331 2080 1433 2114 uncis
1479 2079 1621 2114 inclusa

189 2132 309 2166 cavati
343 2132 404 2166 sub
442 2138 542 2166 terra
565 2137 721 2166 montes:
763 2131 832 2165 Dio
903 2129 1082 2174 glossator
1120 2128 1268 2175 linguae
1311 2129 1510 2163 Hebraicae
1555 2139 1623 2172 pe-

117 2180 212 2225 apud
260 2180 484 2237 xiphilinum
543 2179 654 2214 LXVI
694 2183 743 2214 4.·
779 2182 836 2216 οἱ
902 2179 990 2211 ritus
1010 2204 1019 2221 ,
1048 2177 1112 2211 sed
1138 2188 1210 2211 non
1234 2178 1321 2211 satis
1347 2177 1504 2222 prudens
1534 2187 1623 2210 cau-

118 2229 159 2263 δὲ
186 2230 369 2265 Ἰουδαῖοι
405 2225 466 2265 διὰ
506 2229 583 2264 ‘niu
620 2227 833 2276 ὔποιόαων

120 2281 271 2322 ἴσχυον.
324 2277 618 2334 ὄηωρυγμένους
668 2289 705 2312 τε
754 2273 832 2323 γὰρ

120 2323 259 2364 αὐτοὺς
305 2327 345 2361 ἔν
327 2326 467 2361 aroana
518 2321 592 2360 υπὸ
635 2324 680 2359 τὰ
731 2330 832 2381 ζείχι]

117 2376 233 2422 μέχρι
272 2373 408 2420 πόρόω
444 2375 507 2417 (ἧς
543 2373 674 2419 χώρας
716 2372 833 2418 εἶχον,

119 2436 152 2458 κ.
180 2436 211 2457 r.
239 2423 271 2456 λ.
329 2421 475 2467 Iosephi
503 2421 596 2455 Bell.
627 2420 703 2454 lud.
739 2421 785 2455 v1
811 2421 831 2455 7

119 2472 169 2506 3-
195 2472 339 2526 ἔθμλπε
364 2470 406 2507 δὲ
434 2472 520 2508 τούς
550 2482 589 2505 τε
615 2468 831 2515 τυράννους

120 2522 184 2555 καὶ
210 2514 253 2555 τὸ
282 2530 355 2556 συν
380 2519 510 2559 αὐτοῖς
543 2520 673 2567 λησῐρι
680 2516 749 2555 κόν
775 2520 835 2555 ἐλ-

120 2571 189 2607 πὶς
211 2567 351 2628 ἐσχάτη
377 2571 466 2613 περὶ
502 2568 578 2602 τῶν
610 2567 835 2616 ὑπονόμων,

120 2619 176 2656 εἰς
208 2629 277 2655 ους
304 2617 611 2664 καταφεύγοντες
637 2615 686 2650 ov'
707 2627 834 2663 προσ-

120 2665 267 2701 εδόκων
295 2666 591 2708 ἐρευνησεσθαι.

205 2724 228 2746 α
269 2712 427 2759 Pompeio
467 2712 702 2757 magnatis.-
748 2713 834 2757 Agr.

120 2763 189 2796 41:
229 2766 276 2794 tot
302 2761 475 2795 militares
499 2761 569 2794 viri
595 2771 673 2793 cum
700 2765 747 2793 tot
774 2771 836 2793 co-

123 2808 279 2842 hortibus
308 2809 499 2855 expuqnati
524 2814 555 2841 et
583 2809 689 2853 capti.
775 2819 836 2842 ce-

123 2864 279 2891 terarum
304 2858 442 2892 urbium
468 2856 592 2891 clade.-
621 2856 708 2890 dicit
730 2856 837 2890 urbes

123 2905 346 2940 Palaestinae
373 2917 392 2939 a
429 2905 648 2949 Vespasiano
687 2904 839 2950 Titoque

123 2954 289 2988 obsessas
310 2959 418 3000 atque
444 2958 577 2998 captas.

203 3003 298 3038 Simo
346 3026 383 3032 -
426 3004 655 3047 firmat-emt:
693 3001 840 3044 copiose

902 2231 1021 2267 tusve‚
1049 2227 1235 2270 ascripsit,
1263 2228 1484 2269 improspere
1510 2227 1624 2268 petita

904 2286 949 2308 ex
974 2274 1118 2318 Iosephi
1146 2274 1185 2306 B.
1213 2274 1289 2307 lud.
1318 2274 1348 2306 Il
1376 2276 1423 2309 22
1449 2274 1485 2315 §.
1509 2274 1530 2306 2
1561 2278 1622 2306 aut

903 2323 949 2356 lv
977 2323 1001 2357 9
1025 2324 1063 2364 ἓ.
1090 2323 1114 2356 3
1140 2327 1200 2355 aut
1228 2323 1254 2354 V
1285 2324 1302 2355 l
1330 2323 1367 2363 §.
1395 2322 1430 2355 3.
1470 2320 1621 2354 Scilicet

904 2381 975 2403 non
1002 2369 1183 2412 Ioannes,
1223 2369 1286 2403 sed
1323 2370 1419 2403 Simo
1455 2373 1622 2402 narrante

904 2418 1058 2463 losepho
1086 2418 1154 2452 fuit
1174 2396 1377 2463 'Bar-qiora,
1405 2417 1441 2451 h.
1473 2428 1504 2451 e.
1533 2417 1622 2451 Gio-

903 2478 965 2501 rae
1000 2468 1094 2512 (τοῦ
1130 2467 1307 2514 Γιώρου)
1356 2465 1452 2500 filius
1498 2465 1623 2510 (bar).-

903 2508 1055 2550 loannes
1081 2525 1153 2549 non
1180 2515 1309 2549 Giorae
1335 2514 1400 2548 sed
1427 2513 1515 2548 Levi
1537 2514 1623 2559 (τοῦ

903 2563 1023 2611 Aeol)
1052 2563 1149 2598 filius
1174 2564 1255 2607 fuit,
1283 2568 1319 2597 et
1330 2563 1495 2596 Eleazari
1523 2567 1624 2606 pater

906 2614 1001 2647 Simo
1030 2617 1179 2646 vocatus
1207 2617 1272 2646 est.
1301 2611 1374 2645 lam
1400 2622 1519 2655 neque
1543 2621 1622 2643 cum

906 2661 1083 2695 Salinerio
1120 2661 1188 2695 hoc
1227 2660 1506 2695 additamentum
1543 2663 1625 2702 post

906 2711 1060 2744 Simonis
1091 2719 1222 2743 nomen
1259 2709 1383 2742 invitis
1422 2706 1522 2740 libris
1565 2707 1624 2739 in-

906 2768 1028 2793 serere
1063 2759 1224 2791 sustineo
1270 2759 1368 2801 (nam
1410 2763 1541 2788 vereor
1578 2764 1625 2788 ne

907 2808 952 2840 sit
979 2807 1137 2840 Maurum
1164 2806 1287 2839 lavare
1314 2808 1349 2837 et
1383 2803 1540 2836 insiticia
1568 2807 1625 2836 at-

908 2865 978 2899 que
1006 2854 1125 2887 aliena
1161 2855 1209 2886 ita
1236 2853 1447 2894 immutare,
1487 2855 1526 2884 ut
1561 2861 1626 2895 pro

908 2903 1077 2936 Tacitinis
1107 2901 1268 2945 precario
1291 2901 1369 2934 iure
1392 2900 1518 2934 venire
1538 2909 1627 2943 pos-

910 2951 1028 2996 sint),
1066 2960 1185 2994 neque
1220 2948 1379 2983 Tacitum
1418 2948 1497 2982 sine
1533 2949 1627 2982 iusta

913 3009 1018 3033 causa
1068 2998 1198 3032 erroris
1251 3007 1422 3031 accusare
1468 3005 1625 3040 possum.
