1768 3216
165 213 241 249 204
725 213 787 250 DE
815 214 1043 252 ORATORIB
1049 217 1104 252 VS

167 331 349 374 carmina
378 335 417 374 et
447 331 490 372 in
521 330 798 376 bibliothecas
829 335 1099 389 rettulerunt,
1142 347 1228 377 non
1257 335 1405 378 melius
1436 347 1557 390 quam
1595 335 1668 378 Ci-

169 418 282 458 cero,
311 406 385 447 sed
418 406 595 460 felicius,
630 408 724 462 quia
755 409 850 452 illos
879 410 1033 453 fecisse
1053 411 1274 466 pauciores
1297 410 1446 453 sciunt.
1493 410 1666 452 Asinius

167 492 346 534 quoque,
378 492 622 535 quamquam
653 484 918 538 propioribus
954 486 1209 540 temporibus
1241 489 1361 528 natus
1392 485 1471 538 sit,
1502 484 1668 527 videtur

166 555 264 596 mihi
295 556 404 597 inter
433 557 650 600 Menenios
683 563 724 600 et
750 560 908 615 Appios
939 561 1162 603 studuisse.
1222 560 1445 603 Pacuvium
1479 563 1595 602 certe
1626 563 1668 602 et

130 629 335 672 ⁵Accium
367 643 450 673 non
481 632 615 674 solum
646 635 877 689 tragoediis
910 635 985 678 sed
1018 636 1143 678 etiam
1175 635 1435 677 orationibus
1469 635 1556 677 suis
1588 647 1667 677 ex·-

161 706 339 760 pressit:
372 706 479 748 adeo
511 707 638 750 durus
668 713 707 750 et
738 710 878 752 siccus
911 715 985 752 est.
1049 711 1193 753 Oratio
1212 715 1363 763 autem,
1386 710 1495 752 sicut
1514 721 1666 764 corpus

161 780 365 833 hominis,
415 795 462 823 ca
497 782 660 824 demum
690 784 862 838 pulchra
893 789 980 838 est,
1025 785 1066 826 in
1094 797 1172 839 qua
1206 797 1292 827 non
1321 785 1507 827 eminent
1531 795 1667 826 venae

160 867 238 896 nec
270 868 368 898 ossa
397 862 680 911 numerantur,
714 860 788 901 scd
820 865 1072 914 temperatus
1100 873 1149 902 ac
1178 861 1314 902 bonus
1331 859 1504 915 sanguis
1525 858 1667 914 implet

160 931 342 974 membra
388 936 428 973 et
469 934 634 989 exurgit
679 934 810 988 toris,
861 936 1059 989 ipsosque
1113 948 1266 977 nervos
1309 935 1440 977 rubor
1480 934 1586 990 tegit
1624 938 1666 976 et

109 1004 292 1046 wdecor
339 1006 615 1049 commendat.
687 1008 793 1049 Nolo
826 1009 1051 1051 Corvinum
1084 1010 1274 1064 insequi,
1323 1009 1418 1064 quia
1459 1021 1539 1051 nec
1583 1021 1658 1063 per

160 1079 290 1134 ipsum
324 1081 437 1123 stetit
468 1094 549 1136 quo
581 1082 716 1124 minus
748 1083 946 1126 laetitiam
978 1085 1240 1139 nitoremque
1270 1088 1508 1126 nostrorum
1554 1088 1664 1126 tem-

160 1165 309 1208 porum
343 1156 605 1209 exprimeret.
668 1171 692 1198 *
755 1172 796 1210 ια,
827 1157 1057 1200 viderimus
1092 1159 1133 1199 in
1164 1163 1358 1212 quantum
1393 1157 1550 1200 iudicio
1573 1157 1662 1200 eius

157 1227 221 1269 vis
253 1232 321 1270 aut
352 1230 477 1271 animi
510 1235 579 1272 aut
620 1231 780 1286 ingenii
823 1231 1049 1274 suffecerit.
1125 1233 1190 1274 Ad
1230 1232 1480 1274 Ciceronem
1518 1231 1660 1285 venio,
1676 1245 1732 1284 22

159 1302 225 1345 cui
254 1303 400 1345 eadem
431 1317 569 1360 pugna
602 1317 694 1348 cum
729 1306 971 1360 aequalibus
1003 1306 1089 1348 suis
1126 1307 1200 1348 fuit
1230 1317 1336 1361 quae
1374 1306 1474 1349 mihi
1515 1306 1663 1349 vohis-

106 1387 143 1417 ιε
159 1390 249 1419 cum
287 1383 362 1419 est.
425 1379 486 1420 llli
525 1380 634 1421 enim
677 1382 868 1435 antiquos
912 1381 1189 1434 mirabantur,
1232 1382 1323 1436 ipse
1354 1394 1523 1424 suorum
1554 1385 1664 1423 tem-

158 1465 304 1508 porum
335 1454 611 1509 eloquentiam
644 1456 945 1511 anteponebat3
994 1469 1073 1500 nec
1113 1457 1195 1500 ulla
1227 1469 1274 1499 re
1304 1457 1439 1512 magis
1469 1460 1662 1500 oratores

227 1615 260 1649 2.
287 1614 348 1648 sed
372 1615 446 1649 FP:
474 1621 511 1650 at
538 1616 768 1652 Puteolanus.
843 1617 922 1652 illos
950 1618 984 1652 in
1012 1628 1135 1653 rasura
1162 1618 1205 1652 P:
1251 1619 1395 1653 videtur
1419 1618 1533 1653 fuisse
1561 1619 1659 1653 istos.

155 1663 188 1697 5.
216 1662 355 1698 Aetium
381 1664 418 1699 Ρ.
489 1665 524 1700 9.
552 1665 659 1700 rubor
686 1669 882 1712 (superscr.
911 1667 954 1701 ab
986 1667 1032 1702 al.
1064 1678 1109 1701 m.
1136 1679 1155 1701 o
1184 1678 1292 1713 super
1321 1680 1345 1701 u
1372 1671 1407 1702 et
1432 1679 1452 1701 v
1478 1677 1586 1712 super
1613 1669 1653 1711 ο)

155 1711 203 1745 P:
230 1712 357 1747 rubore
382 1713 421 1747 F.
533 1715 589 1750 10.
615 1714 722 1749 decor
744 1715 817 1750 FP:
846 1716 970 1750 decore
997 1716 1151 1760 Lipsius,
1242 1728 1309 1750 nec
1334 1716 1382 1750 P:
1409 1727 1482 1750 nort
1507 1720 1653 1751 veteres

156 1760 344 1796 editiones.
425 1764 480 1797 12.
512 1763 629 1797 hiatus
654 1764 759 1810 signa
786 1767 868 1799 sunt
895 1765 937 1798 ab
966 1765 1118 1800 editore.
1195 1767 1233 1799 in
1265 1771 1430 1810 quantum
1454 1764 1595 1810 Lipsius
1623 1765 1659 1799 in

155 1810 316 1855 margine
346 1811 400 1856 (in
428 1814 683 1847 commentario
709 1814 785 1847 eius
814 1814 956 1858 inquam
982 1824 1044 1858 pro
1071 1815 1109 1848 in
1134 1821 1300 1859 quantum
1331 1814 1423 1848 falso
1449 1823 1658 1859 expressum

157 1862 230 1904 est)
260 1863 295 1892 et
320 1869 441 1893 rursus
467 1860 762 1896 Freinshemius:
803 1863 945 1907 inquam
972 1862 1054 1907 syll.
1083 1863 1121 1896 in
1150 1864 1292 1907 punctis
1318 1862 1510 1897 subnotata
1533 1862 1577 1907 P.
1597 1862 1658 1896 in-

156 1917 258 1950 quam
285 1909 409 1942 ceteri.
501 1910 556 1944 13.
578 1911 628 1944 vis
656 1921 712 1944 oni
741 1910 780 1954 F,
808 1922 878 1945 non
905 1911 941 1945 P.
1017 1911 1194 1957 suffecerit
1220 1911 1292 1945 FP:
1319 1912 1496 1957 sufficeret
1521 1910 1658 1945 editio-

155 1965 220 1989 nes
247 1961 401 1990 veteres.
482 1959 536 1992 14.
566 1959 679 2003 equal.
693 1959 729 1993 P.
799 1959 852 1995 16.
881 1964 1042 1994 oratores
1069 1961 1195 1995 aetatis
1221 1960 1372 1995 eiusdem
1397 1959 1435 2003 P,
1466 1970 1538 1994 non
1566 1959 1659 1994 eius-

157 2003 232 2037 dem
258 2006 384 2039 aetatis
413 2012 584 2040 oratores.

156 2124 251 2158 cedit
294 2125 365 2159 nisi
401 2127 493 2171 forte
539 2128 719 2173 quisquam
758 2128 864 2175 legit,

153 2172 248 2207 idem
274 2173 371 2208 valet
398 2185 439 2208 ac
465 2186 564 2208 nemo
592 2177 683 2210 enim
696 2176 789 2222 leyit.
816 2177 870 2211 Ex

154 2221 221 2255 hac
246 2223 396 2256 notione
419 2224 639 2267 pronominis
658 2237 757 2258 nemo
778 2237 870 2270 pen-

155 2269 215 2304 det
239 2271 309 2304 nisi
325 2271 394 2316 qui,
423 2271 456 2305 h.
480 2283 511 2306 e.
538 2273 608 2306 nisi
631 2274 662 2307 is
687 2275 755 2318 qui.
784 2274 869 2308 Fal-

154 2318 239 2352 litur
274 2319 444 2362 Hessius,
490 2321 574 2354 item
615 2321 869 2356 Doederlinius

156 2372 191 2401 et
217 2367 392 2410 Orellius‚
429 2379 507 2402 cum
536 2369 686 2404 alterum
713 2372 783 2405 nisi
808 2382 870 2405 re-

154 2415 312 2450 dundare
337 2417 539 2461 opinantur.

226 2493 258 2520 et
292 2488 330 2520 in
367 2487 591 2522 bibliothecas
631 2488 867 2523 rettulerunt:

156 2536 387 2580 contemptim
414 2547 455 2569 ac
481 2537 635 2580 superbe
664 2539 870 2581 pronuntiat

156 2585 313 2618 carmina
354 2584 454 2618 Bruti
507 2596 548 2618 ac
590 2585 753 2619 Caesaris
797 2597 867 2620 non

156 2644 236 2668 esse
264 2634 299 2666 in
325 2633 523 2679 legentium
551 2634 724 2676 manibus,
751 2635 867 2668 sedin

154 2681 453 2716 bib110thecarum
491 2683 633 2715 scriniis
666 2683 782 2716 abdita
815 2684 870 2716 la-

157 2735 244 2765 tere.
301 2730 548 2764 Bibliothecas
590 2735 708 2765 autem
751 2732 871 2777 cogita

156 2790 237 2813 suas
274 2784 309 2812 et
335 2780 551 2813 amicorum:
598 2790 677 2813 nam
704 2779 870 2824 publicae

156 2833 240 2861 tunc
266 2827 419 2861 nondum
447 2833 559 2862 erant.

226 2876 362 2909 videtur
387 2877 474 2910 mihi
505 2878 598 2910 inter
626 2876 808 2910 Menenios
839 2882 871 2910 et

156 2924 287 2969 Appios
316 2925 505 2958 studuisse:
533 2925 648 2959 Pollio
667 2925 869 2969 exemplum

157 2972 319 3008 Sallustii
365 2984 575 3019 quamquam
613 2985 632 3007 a
667 2984 706 3008 se
744 2984 869 3018 repre-

941 2129 1042 2163 hensi
1069 2134 1104 2164 et
1130 2129 1304 2171 Lucretii,
1343 2134 1382 2162 ut
1409 2129 1563 2172 videtur,
1591 2140 1658 2163 ae-

940 2178 1094 2212 mulatus
1130 2183 1183 2212 est
1223 2182 1369 2212 auctore
1404 2182 1440 2212 et
1473 2177 1565 2212 duce
1590 2177 1658 2212 At-

939 2228 1037 2270 telo,
1088 2227 1132 2261 de
1174 2237 1244 2272 quo
1285 2227 1478 2261 Suetonius
1522 2224 1656 2261 illustr.

940 2286 1086 2321 gramm.
1125 2276 1194 2310 10:
1238 2275 1342 2309 coluit
1380 2275 1658 2320 familiarissime

942 2324 1067 2358 Gaium
1100 2323 1304 2357 Sallustium
1343 2330 1375 2358 et
1417 2335 1455 2358 eo
1495 2324 1658 2368 defuncto

941 2372 1103 2406 Asinium
1130 2371 1319 2406 Pollionem
1327 2385 1339 2415 ,-
1367 2384 1449 2417 quos
1475 2371 1659 2407 historiam

941 2431 1148 2466 componere
1175 2421 1359 2467 adgressos
1392 2421 1542 2455 alterum
1575 2420 1678 2456 bref

939 2470 1053 2503 viaria
1080 2481 1198 2503 rerum
1233 2470 1384 2503 omnium
1416 2471 1659 2504 Romanarum

941 2538 986 2543 —
1031 2518 1222 2559 instruaeit,
1269 2518 1418 2551 alterum
1461 2520 1658 2564 praeceptis

940 2566 980 2599 de
1009 2567 1148 2599 ratione
1174 2566 1361 2600 scribendi.
1414 2565 1657 2608 Quintilianus

942 2615 966 2647 X
1001 2615 1013 2647 l
1048 2615 1139 2649 113:
1180 2626 1203 2648 a
1227 2615 1341 2648 nitore
1373 2619 1405 2648 et
1441 2614 1656 2649 iucunditate

942 2663 1126 2697 Ciceronis
1151 2663 1202 2696 ita
1229 2663 1331 2708 lonye
1356 2663 1463 2705 abest,
1490 2669 1527 2697 ut
1544 2663 1657 2698 videri

937 2713 1044 2755 possit
1070 2712 1186 2746 seculo
1211 2713 1324 2757 prior.
1367 2711 1468 2747 Adde
1494 2712 1655 2747 Senecae

939 2759 1051 2803 Epist.
1084 2760 1151 2795 100
1177 2762 1212 2802 ς.
1240 2760 1348 2802 6-8,
1374 2760 1510 2794 Horatii
1538 2759 1653 2799 carm.

1012 2880 1094 2922 quia
1121 2890 1187 2912 nec
1208 2890 1274 2925 per
1295 2872 1413 2924 *ipsum
1439 2880 1530 2913 stetit
1548 2892 1559 2913 .-
1588 2891 1654 2914 nee

941 2925 1032 2960 idem
1076 2927 1174 2961 valet
1213 2927 1307 2973 quod
1343 2939 1386 2961 ne
1415 2948 1457 2954 —
1492 2927 1651 2973 quidem3

940 2974 985 3009 cf.
1013 2981 1134 3010 annot.
1161 2975 1204 3011 ad
1229 2975 1260 3010 ΙΙ
1285 2975 1344 3011 82,
