1768 3216
627 90 697 159 lii.
750 103 799 163 [ζ
815 96 868 156 (a.
903 111 995 161 224:

139 234 161 261 ι
185 222 226 258 C.
251 223 312 260 69.
607 222 741 257 LIBER
768 222 814 256 ll.
869 221 955 256 Cn.
984 221 1141 258 27—29.

139 340 184 385 Si
213 341 435 396 provincia
467 340 571 382 urbe
602 344 643 382 et
683 340 816 382 salute
855 339 1018 392 imperii
1057 339 1197 392 potior
1236 339 1314 391 sit,
1365 349 1511 379 omnes
1552 337 1649 379 illuc

138 421 436 472 sequerentur:
467 416 533 458 sin
563 416 770 457 victoriae
806 415 988 475 SssElQQ
1023 413 1351 475 sustentaculum
1383 412 1577 455 columen
1609 413 1651 454 in

140 491 258 534 ltalia
287 467 1028 543 verteretufflumpendos
1074 469 1651 543 ιῐΓὸὄῐ-’ῥόιῗῖἶιᾞῖἆῖἕε-ἰ-πῖοε

73 569 269 609 29artus.
331 565 445 608 Haec
479 565 682 607 ferociter
712 564 924 617 iactando,
956 568 1174 619 postquam
1204 564 1402 606 immissis
1432 563 1651 605 lictoribus

141 640 297 683 Valens
328 643 532 683 coercere
569 640 821 683 seditionem
854 640 1099 694 coeptabat,
1132 640 1266 694 ipsum
1292 639 1517 691 invadunt,
1551 650 1686 683 saxas

142 715 322 768 iaciunt,
356 715 585 770 fugientem
612 719 854 770 sequuntur.
916 715 1056 769 Spolia
1100 714 1324 756 Galliarum
1364 717 1404 755 et
1436 713 1655 755 Viennen-

142 790 248 833 sium
279 803 423 833 aurum
455 795 495 832 et
523 791 657 845 pretia
689 791 876 832 laborum
922 802 1096 832 suorum
1130 789 1345 831 occultare
1377 789 1653 842 clamitante-S,

141 865 553 926 direptissarcinis,
586 866 858 908 tabernacula
891 865 1009 907 ducis
1044 865 1258 918 ipsamque
1288 864 1456 905 humum
1486 864 1582 918 pilis
1614 867 1655 904 et

141 940 304 983 lanceis
333 941 603 983 rimabantur.
662 940 765 982 Nam
796 940 950 982 Valens
982 939 1127 981 servili
1155 943 1272 981 veste
1311 938 1418 993 apud
1451 938 1654 979 decurio-

143 1027 240 1059 uem
270 1016 453 1070 equitum
484 1015 717 1072 tegebatur.
777 1015 878 1056 Tum
917 1014 1095 1055 Alfenus
1132 1014 1267 1056 Varus
1311 1013 1549 1067 praefectus
1579 1025 1711 1059 ca-10

143 1094 341 1143 strorum‚
364 1090 623 1145 deflagrante
642 1089 838 1144 paulatim
866 1088 1090 1140 seditione,
1123 1088 1238 1130 addit
1261 1088 1496 1140 consilium,
1517 1087 1657 1128 vetitis

145 1166 266 1209 obire
295 1166 462 1222 vigilias
495 1166 833 1217 centurionibus,
874 1164 1032 1206 omisso
1074 1164 1198 1206 tubae
1229 1175 1362 1216 sono,
1409 1175 1490 1218 quo
1536 1162 1655 1204 miles

145 1241 328 1283 adbelli
358 1241 497 1283 munia
528 1242 674 1283 cietur.
737 1241 867 1295 Igitur
897 1245 1066 1294 torpere
1097 1239 1261 1291 cuncti,
1305 1239 1658 1293 circumspectare

146 1317 258 1359 inter
288 1329 336 1359 se
366 1316 531 1358 attoniti
561 1321 602 1358 et
634 1316 675 1357 id
706 1316 864 1370 ipsum,
909 1315 1020 1369 quod
1053 1326 1176 1356 nemo
1208 1318 1401 1369 regeret,
1441 1317 1656 1368 paventes.

146 1382 330 1435 Silentio¹
372 1391 599 1452 pati-entia,
651 1395 864 1445 postremo
914 1390 1111 1444 precibus
1164 1402 1214 1430 ac
1262 1389 1448 1431 lacrimis
1492 1388 1711 1431 veniamus
1742 1377 1768 1409 3‘

148 1467 418 1521 quaerebant.
461 1466 511 1507 Ut
542 1478 645 1508 vero
678 1466 880 1508 deformis
911 1469 951 1507 et
981 1466 1085 1506 flens
1118 1469 1158 1506 et
1187 1468 1356 1518 praeter
1386 1476 1502 1518 spem
1534 1464 1659 1505 inco-

146 1540 268 1584 lumis
308 1541 463 1583 Valens
503 1541 735 1594 processit,
781 1540 978 1595 gaudium
1023 1539 1238 1581 miseratio
1271 1539 1418 1580 favor:
1470 1538 1585 1579 versi
1617 1538 1658 1578 in

147 1615 360 1669 laetitiam,
393 1620 437 1657 ut
468 1620 532 1658 est
561 1615 711 1670 vulgus
742 1620 921 1669 utroque
952 1615 1232 1656 immodicum.
1293 1613 1529 1668 Laudantes
1556 1625 1661 1666 gra-

147 1695 367 1746 tantesque
412 1691 714 1733 circumdatum
755 1690 904 1744 aquilis
953 1690 1168 1744 signisque
1212 1689 1254 1729 in
1292 1687 1473 1730 tribunal
1504 1688 1657 1730 serunt.

287 1842 322 1876 2.
349 1840 523 1875 viceor-'ae
547 1837 614 1881 Ma,
641 1839 793 1872 victoria
819 1838 860 1873 G.
958 1839 994 1873 4.
1022 1838 1107 1873 inm.
1135 1837 1200 1872 Ma.
1303 1838 1337 1872 5.
1374 1837 1564 1872 cohercere
1594 1837 1658 1872 Ma.

152 1894 265 1936 caept.
291 1888 358 1924 Ma:
439 1889 473 1923 7.
502 1888 583 1935 fitia
608 1886 674 1922 Ma.
757 1888 811 1923 10.
836 1886 1000 1931 Alsenius
1025 1885 1100 1920 Ma:
1129 1886 1312 1932 alphent'us
1343 1886 1384 1920 G.
1462 1889 1516 1921 12.
1546 1887 1658 1934 obire]

150 1939 306 1973 circuire
331 1949 403 1984 mg.
420 1935 486 1981 Ma,
518 1937 582 1971 sed
606 1946 679 1970 non
699 1935 755 1969 ‘ab
784 1936 908 1970 eadem
933 1935 1063 1978 manu',
1089 1939 1127 1968 ut
1147 1940 1310 1969 narratur
1328 1935 1422 1980 apud
1440 1935 1659 1969 Bekkerum.

152 1987 209 2023 15.
237 1987 364 2034 ficibus
388 1985 455 2021 Ma.
509 1986 565 2021 16.
593 1997 690 2031 quer.
715 1985 781 2019 Ma.
837 1985 892 2019 17.
919 1985 1024 2030 fabor
1049 1983 1115 2019 Ma.
1178 1984 1232 2020 18.
1261 1985 1351 2030 τοῖς.
1380 1984 1439 2019 Or.
1480 1985 1564 2019 inm.
1593 1983 1659 2019 ma.

150 2124 248 2148 nunc
273 2113 468 2160 loquuntur
507 2113 672 2148 homines
710 2112 874 2147 archite-

154 2168 278 2198 cturae
304 2164 483 2207 imperiti,
513 2172 663 2208 quorum
689 2172 800 2196 voces
829 2172 874 2195 ex

152 2222 219 2246 usu
246 2210 390 2258 vulgari
418 2211 654 2255 explicandae
680 2215 775 2245 sunt.

228 2260 315 2304 Cap.
341 2261 400 2295 29.
463 2260 578 2305 spolia
606 2259 806 2294 Galliarum
842 2264 874 2293 et

160 2308 410 2343 Viennensium
434 2319 585 2342 aurum.-
616 2308 662 2342 cf.
684 2308 727 2341 H.
748 2307 764 2340 1
788 2307 847 2342 66.

226 2357 376 2402 Alfenus
425 2357 560 2391 Varus:
602 2356 639 2389 in
680 2354 736 2389 Ma
778 2365 874 2388 nunc

155 2404 270 2439 forma
307 2405 494 2451 Alfenum,
550 2404 613 2438 sed
648 2403 801 2449 posthac
841 2409 875 2437 et

154 2463 265 2499 saepe
282 2458 318 2488 et
332 2458 538 2488 constanter
551 2453 714 2498 Alfenus.
737 2452 874 2486 Nomen

155 2503 272 2547 ipsum
292 2507 328 2537 et
354 2513 444 2549 gens
473 2513 517 2536 ex
528 2500 716 2545 Cremona,
737 2500 875 2536 Galliae

157 2551 418 2595 transpadanae
458 2551 624 2594 colonia,
659 2556 737 2584 orta
782 2549 873 2595 (vid.

116 2620 121 2621 ν
156 2599 278 2634 Schol.
315 2599 359 2634 ad
386 2600 509 2634 Horat.
545 2600 657 2635 Serm.
683 2599 698 2632 1
723 2600 746 2634 3
775 2599 875 2645 130),

156 2647 311 2692 ideoque
337 2658 408 2681 non
435 2649 559 2682 mirum
590 2648 718 2682 deesse
734 2647 876 2681 solitam

156 2697 340 2729 nominum
369 2697 558 2741 gentilium
587 2697 876 2730 terminationem

156 2743 224 2784 ius,
253 2743 402 2787 perinde
431 2749 470 2776 ut
497 2745 532 2777 in
563 2744 761 2789 Vipstanus,
786 2745 875 2789 Sus-

158 2793 273 2836 [οπως.
309 2791 458 2836 Alfenus
492 2796 546 2825 est
572 2793 665 2836 apud
690 2793 875 2827 Horatium

159 2839 271 2875 Serm.
286 2838 339 2874 13
358 2840 438 2883 130,
465 2839 526 2873 ubi
550 2850 717 2874 numerus
732 2844 770 2886 (e
789 2851 877 2885 pro-

159 2887 266 2922 ducta
290 2892 345 2923 est
369 2888 527 2934 vocalis)
545 2888 725 2933 Alfenium
749 2890 877 2923 exclu-

159 2936 229 2979 dit3
258 2936 407 2982 Alfenus
432 2939 586 2971 Anteros
610 2942 664 2970 est
689 2938 726 2970 in
737 2937 876 2972 Gruteri

159 2985 274 3021 titulis
300 2995 336 3030 p.
351 2984 431 3031 ,866
455 2988 491 3030 2,
519 2987 606 3020 item
631 2984 781 3030 Alfenus
798 2987 878 3022 Ru-

943 2113 1050 2146 sticus
1077 2117 1113 2146 et
1132 2112 1267 2157 Alfeno
1292 2111 1435 2146 liberta.
1461 2111 1566 2156 Apud
1579 2111 1660 2146 Mu-

943 2162 1115 2195 ratorium
1133 2161 1258 2206 Alfeni
1284 2167 1462 2206 quattuor.
1493 2160 1562 2195 Sed
1576 2161 1661 2205 quia

944 2210 1094 2244 Romani
1126 2211 1272 2243 nomina
1317 2212 1477 2255 gentium
1517 2211 1552 2243 in
1590 2209 1660 2243 fine

943 2269 1008 2302 per
1042 2260 1096 2292 ius
1131 2259 1259 2292 efferre
1298 2258 1484 2301 solebant,
1527 2258 1661 2292 factum

945 2312 999 2341 est
1033 2312 1071 2339 ut
1108 2307 1213 2340 etiam
1245 2306 1410 2351 Alfenius
1439 2316 1562 2351 parum
1597 2317 1661 2340 ac-

945 2360 1068 2389 curate
1095 2356 1323 2389 scriberetur.
1373 2355 1424 2389 Ea
1456 2355 1571 2389 forma
1607 2359 1663 2389 est

944 2406 981 2437 in
1010 2404 1114 2437 titulo
1142 2415 1162 2438 a
1187 2405 1336 2438 Marinio
1363 2405 1398 2437 in
1424 2404 1527 2438 Actis
1544 2404 1662 2438 Arva-

945 2453 1031 2486 lium
1057 2452 1091 2498 (Ι
1116 2453 1228 2499 p.24)
1256 2453 1316 2487 vel
1344 2451 1480 2487 Orellio
1497 2453 1662 2497 inscript.

945 2501 1020 2535 Lat.
1047 2512 1082 2536 n.
1112 2502 1186 2537 644
1211 2501 1321 2544 edito,
1348 2501 1410 2536 ubi
1432 2502 1474 2537 L.
1487 2501 1662 2546 Alpinius,

946 2551 982 2584 in
1010 2550 1081 2584 alio
1110 2550 1204 2594 apud
1229 2550 1417 2585 Gruterum
1442 2561 1476 2595 p.
1489 2550 1573 2592 208,
1601 2550 1662 2583 ubi

945 2598 1110 2643 Alfenius
1135 2600 1296 2643 Senecio,
1325 2602 1363 2633 iu
1388 2609 1460 2633 uno
1481 2598 1662 2632 Muratorii

947 2650 1002 2692 (p.
1037 2647 1109 2683 936
1136 2648 1203 2694 7),
1242 2650 1279 2682 in
1318 2658 1388 2694 quo
1423 2647 1587 2692 Alsenius
1628 2649 1664 2679 et

945 2696 1103 2741 Alfenia.

1017 2745 1155 2778 silentio
1178 2745 1366 2790 pacientia,
1389 2748 1561 2788 postremo
1574 2753 1663 2787 pre.-

947 2792 1042 2826 cibus
1070 2805 1115 2826 ac
1140 2793 1320 2826 lacrimis:
1356 2790 1428 2824 vid.
1470 2795 1592 2824 annot.
1619 2789 1664 2825 ad

946 2839 993 2873 XI
1021 2841 1054 2875 6.
1139 2846 1176 2874 ut
1203 2846 1251 2873 est
1279 2838 1400 2883 vulqus
1423 2844 1569 2884 utroque
1593 2839 1664 2873 im-

946 2889 1135 2922 modicum:
1163 2887 1209 2921 cf.
1241 2887 1283 2921 Η.
1313 2886 1325 2920 1
1350 2886 1409 2922 69.

1021 2936 1147 2981 aquilis
1172 2936 1369 2980 siynt'sque:
1396 2935 1535 2981 aquilas
1552 2933 1664 2970 intel-

949 2984 1024 3033 lige
1067 2984 1225 3031 legionis
1262 2986 1410 3030 quintae
1450 2989 1488 3019 et
1527 2985 1663 3032 primae
