1768 3216
64 1077 120 1116 61

629 206 764 244 LIBER
790 206 817 244 1.
872 206 961 245 Gn.
988 209 1144 246 58—61.

138 206 313 249 quw.
1599 213 1647 246 8⁶7

135 324 267 368 simae
296 323 496 380 legionis,
529 325 627 367 olim
662 325 842 379 discors,
874 327 950 368 sed
979 327 1207 371 occasione
1229 327 1413 371 civilium
1435 340 1644 372 armorum

136 399 320 441 atrocius
351 404 612 454 proruperat.
672 400 904 442 Trebellius
937 401 1187 443 seditionem
1229 406 1270 443 et
1308 403 1527 446 confusum
1570 416 1646 446 or-

137 473 277 517 dinem
310 474 558 528 disciplinae
589 475 750 527 Caelio,
783 476 982 529 spoliatas
1013 480 1054 518 et
1086 477 1232 530 inopes
1264 477 1456 532 legiones
1478 478 1645 522 Caelius

136 549 344 593 Trebellio
376 550 627 603 obiectabat‚
661 563 752 592 cum
784 552 948 593 interim
982 551 1118 594 foedis
1148 552 1381 606 legatorum
1403 554 1647 596 certamini-

136 623 214 669 bus
244 623 450 666 modestia
485 626 694 667 exercitus
724 630 935 680 corrupta,
970 638 1105 680 eoque
1137 626 1380 669 discordiae
1407 632 1575 670 ventum
1603 632 1648 670 ut

136 697 398 745 auxiliarium
434 711 600 753 quoque
630 700 800 741 militum
834 700 1038 742 conviciis
1069 701 1360 754 proturbatus,
1407 705 1448 743 et
1488 702 1648 757 adgre-

134 773 331 828 gantibus
362 787 410 816 se
441 774 584 816 Caelio
618 774 862 817 cohortibus
893 775 1070 828 alisque,
1107 776 1299 818 desertus
1330 776 1561 819 Trebellius
1593 777 1644 819 ad

134 847 341 891 Vitellium
371 848 618 903 perfugerit.
660 850 787 899 Quies
817 850 1064 903 provinciae
1085 863 1331 904 quamquam
1353 856 1516 894 remoto
1539 864 1648 894 con-

134 922 264 966 sulari
291 923 475 966 emansit:
527 936 678 966 rexere
717 924 846 979 legati
886 925 1124 978 legionum,
1166 937 1290 979 pares
1323 926 1438 978 iure,
1481 926 1646 968 Caelius

135 998 331 1042 audendo
359 999 582 1053 potentior.

274 1074 486 1117 Adiuncto
510 1074 751 1116 Britannico
784 1075 995 1127 exercitu,
1042 1075 1192 1130 ingens
1223 1075 1382 1117 viribus
1416 1076 1648 1130 opibusque

134 1148 325 1191 Vitellius
366 1149 472 1191 duos
521 1149 675 1202 duceS,
726 1149 807 1191 duo
851 1150 999 1191 itinera
1041 1149 1151 1191 bello
1199 1149 1436 1192 destinavit.

134 1297 311 1352 Alpibus
330 1298 488 1340 Italiam
520 1299 772 1353 inrumpere,
792 1299 974 1341 Caecina
1006 1300 1205 1353 propiore
1238 1299 1428 1351 transitu,
1449 1287 1647 1357 Poeninis

136 1373 246 1428 iugis
278 1373 455 1428 degredi
484 1373 637 1415 iussus.
699 1373 863 1416 Valenti
895 1374 1111 1416 inferioris
1154 1375 1367 1416 exercitus
1400 1373 1532 1435 efficii.
1555 1386 1646 1416 cum

135 1447 271 1502 aquila
304 1448 472 1502 quintae
505 1448 687 1503 legionis
722 1453 762 1490 et
794 1449 1038 1491 cohortibus
1072 1448 1247 1503 alisque,
1282 1448 1332 1491 ad
1366 1448 1643 1504 quadraginta

135 1503 247 1566 misia
295 1527 546 1565 armatorum
590 1523 708 1574 data3
759 1524 930 1578 triginta
971 1523 1082 1565 milia
1125 1524 1306 1566 Caecina
1349 1536 1373 1564 e
1427 1523 1648 1577 superiore

247 1666 283 1701 2.
307 1671 523 1711 proruperat
548 1676 724 1710 superser.
754 1677 779 1699 n
805 1666 870 1701 ΜΒ.

135 1711 202 1756 ΜΒ,
227 1713 319 1758 fedis
339 1713 378 1748 G.
430 1714 465 1748 7.

136 1761 260 1795 dendo.
339 1763 395 1796 11.
425 1762 516 1796 brilt.
546 1761 612 1796 ΜΒ.

135 1809 342 1844 Rhenanus.

135 1863 219 1894 ante
245 1870 351 1904 quem
378 1870 401 1892 a
423 1860 565 1905 peninis
592 1864 628 1893 et
653 1861 827 1905 apeninis.

136 1996 259 2032 Blaesi
284 1998 344 2043 qui
361 1998 493 2031 Seiano
507 1997 709 2032 avunculus
732 1997 858 2040 filium,

137 2047 174 2079 in
201 2045 264 2080 illa
291 2046 393 2080 clade
420 2045 466 2079 ob
492 2051 647 2080 aetatem
675 2056 745 2079 non
771 2046 859 2080 sub-

137 2094 260 2137 latum,
288 2094 383 2129 hunc
410 2099 567 2128 nostrum
595 2105 675 2129 esse
693 2096 833 2139 opinor.

226 2141 312 2188 Cap.
339 2143 399 2179 60.
456 2150 627 2189 praeerat
670 2143 857 2178 Trebellius

138 2191 342 2226 naoeimusx
370 2192 417 2226 cf.
443 2194 530 2238 Agr.
563 2192 605 2227 16
633 2197 668 2226 et
695 2193 728 2227 7.
767 2192 809 2226 H.
830 2191 860 2226 11

137 2238 197 2275 65.
238 2240 367 2274 ‘Aliter
390 2251 494 2285 quam
531 2241 590 2274 liic
625 2240 669 2274 de
697 2240 857 2274 eiusdem

138 2289 208 2322 viri
251 2290 400 2335 ingenio
439 2300 481 2323 ac
522 2289 679 2323 moribus
725 2289 860 2323 iudicat

138 2338 294 2381 scriptor
329 2338 416 2382 Agr.
456 2336 524 2371 16².
570 2337 858 2371 Doemmmurus

139 2384 223 2419 Noli
252 2385 412 2420 credere.
451 2384 531 2419 Illic
549 2384 690 2419 Tacitus
718 2385 860 2420 ‹le'l're-

140 2432 253 2468 bellio
279 2435 416 2469 refert:
443 2435 587 2479 sequior
613 2440 644 2468 et
666 2434 773 2468 nullis
795 2446 859 2468 ca-

139 2487 292 2517 strorum
317 2483 563 2528 experimentis
589 2484 750 2517 comitate
770 2495 860 2527 qua-

141 2530 223 2566 dam
274 2532 427 2566 curandi
463 2532 687 2577 provinciam
737 2534 858 2567 tenuit.

139 2579 313 2614 Nimirum
340 2579 389 2614 ibi
413 2579 554 2614 Tacitus
581 2582 740 2614 narravit
766 2591 859 2626 qua-

141 2627 211 2662 lem
238 2639 278 2664 se
299 2630 453 2675 gesserit
481 2629 550 2663 iste
577 2629 748 2663 adversus
772 2639 858 2673 pro-

141 2677 345 2711 vinciales:
381 2687 459 2710 nam
495 2677 705 2721 provinciae
731 2682 860 2712 statum

144 2729 181 2759 et
203 2725 550 2760 administrationem
569 2730 652 2759 ante
668 2726 861 2760 adventum

142 2772 336 2818 Agricolae
355 2774 494 2808 tradere
522 2773 687 2815 intendit,
716 2780 752 2809 et
775 2785 861 2819 pro-

143 2821 298 2857 vinciam
342 2822 443 2856 nulla
481 2823 633 2855 avaritia
666 2827 863 2857 vexaverat

144 2867 342 2904 Trebellius
368 2870 524 2916 ideoque
543 2870 650 2904 huius
665 2872 767 2915 quies
789 2882 861 2905 non

145 2916 285 2951 turbata
313 2924 379 2954 est.
436 2919 538 2953 Nunc
572 2922 754 2953 exercitus
779 2920 862 2954 Bri-

144 2965 279 3001 tannici
318 2968 456 3003 animos
492 2973 697 3003 narraturus
736 2974 862 3004 notare

494 1713 582 1747 celio
610 1713 673 1751 ΜΒ.
731 1715 766 1749 8.
793 1715 977 1760 provincie
1005 1714 1069 1749 ΜΒ.

683 1764 737 1797 13.
767 1762 829 1796 all.
858 1762 922 1796 ΜΒ.

407 1812 461 1845 14.
489 1810 592 1844 italia
620 1809 693 1844 ΜΒε
725 1810 752 1844 G
778 1811 897 1845 italia.

885 1861 940 1895 15.
971 1860 1116 1906 deyredi
1142 1858 1207 1903 ΜΒ,
1237 1860 1375 1906 digredi
1402 1858 1441 1893 G.

941 1667 976 1701 3.
1008 1667 1118 1700 celius
1143 1665 1295 1700 tribellio
1320 1664 1384 1700 ΜΒ.
1463 1666 1496 1701 4.
1525 1665 1650 1709 faedus

1132 1715 1187 1749 10.
1216 1714 1390 1747 audiendo
1419 1712 1493 1747 ΜΒε
1522 1713 1549 1747 G
1578 1726 1649 1748 au-

1000 1763 1189 1796 abnuerint
1216 1762 1322 1797 (ma,
1357 1763 1466 1796 tacite
1494 1764 1652 1797 correxit

969 1813 1121 1857 paenm's
1148 1810 1222 1845 ΜΒ;
1250 1811 1415 1845 Poeninis
1440 1811 1649 1856 Rhenanus,

931 1998 1055 2033 debuit
1081 1999 1253 2044 spoliatas
1283 1998 1500 2033 aTrebellio
1528 1998 1650 2044 legio-

930 2058 994 2082 nes
1023 2053 1058 2082 et
1084 2049 1173 2082 iram
1200 2048 1283 2082 inde
1309 2052 1551 2082 consecutam.

1028 2098 1114 2141 Cap.
1141 2096 1200 2131 61.
1257 2097 1422 2130 Poeninis
1460 2097 1573 2141 iugis.-
1613 2097 1647 2129 in

930 2144 1043 2178 fornia
1075 2145 1129 2179 ΜΒ
1164 2146 1316 2191 paennis
1356 2145 1474 2178 media
1512 2145 1651 2180 vocalis

931 2193 1021 2227 elisa
1048 2199 1102 2228 est
1131 2205 1149 2228 a
1176 2194 1302 2228 scriba.
1331 2194 1454 2228 Livius
1483 2194 1560 2228 XXI
1580 2193 1649 2229 38:

930 2253 1040 2286 neque
1075 2242 1227 2277 Hercule
1274 2242 1446 2277 montibus
1486 2242 1539 2276 Itis
1558 2269 1567 2285 ‚
1621 2243 1652 2276 si

930 2302 1028 2334 quem
1054 2292 1146 2334 forte
1170 2291 1208 2324 id
1236 2297 1367 2333 movet,
1410 2291 1455 2324 ab
1494 2291 1647 2325 transitu

931 2339 1126 2373 Poenorum
1162 2338 1233 2372 ullo
1284 2339 1455 2384 Veraqri,
1511 2338 1651 2373 incolae

929 2389 1004 2433 iuyi
1030 2389 1127 2430 eius,
1162 2394 1294 2421 norunt
1327 2399 1454 2422 nomen
1484 2388 1646 2430 inditum,

930 2436 990 2469 sed
1016 2436 1060 2469 ab
1088 2448 1127 2470 eo
1157 2447 1256 2481 quem
1286 2437 1325 2469 in
1353 2448 1483 2470 summo
1517 2447 1649 2470 sacra-—

930 2490 1001 2518 tum
1024 2487 1155 2520 vertice
1183 2484 1375 2518 Poeninum
1400 2486 1561 2519 montani
1580 2496 1648 2530 ap-

926 2532 1074 2579 pellant.
1116 2533 1297 2567 Poeninus
1323 2534 1352 2567 is
1380 2533 1468 2567 deus
1496 2535 1533 2567 in
1561 2534 1651 2567 titu-

931 2581 975 2615 lis
1011 2583 1163 2616 vetustis
1196 2584 1401 2616 nominatur
1440 2585 1494 2627 (v.
1523 2581 1651 2616 Orellii

930 2630 1040 2664 Inscr.
1075 2631 1148 2664 Lat.
1177 2631 1368 2666 228-237
1390 2657 1398 2671 ,
1437 2630 1650 2670 241—243‚

932 2679 1159 2725 245-246)‚
1186 2679 1298 2713 semel
1316 2679 1466 2712 Peninus
1479 2681 1519 2722 (n
1546 2677 1650 2722 247).

1031 2739 1107 2761 cum
1139 2727 1260 2771 aquila
1297 2728 1438 2771 quintae
1478 2726 1650 2770 legionis:

934 2786 1012 2809 cum
1041 2787 1086 2810 ex
1116 2777 1247 2809 ceteris
1285 2774 1466 2808 inferioris
1506 2773 1652 2807 exerci-

934 2829 989 2857 tus
1016 2824 1248 2870 legionibus,
1300 2823 1411 2866 prima
1456 2826 1491 2855 et
1529 2822 1654 2866 quinta

933 2872 1072 2906 decima
1107 2877 1142 2904 et
1180 2875 1283 2904 sexta
1317 2870 1473 2910 decima,
1508 2870 1654 2904 nonnisi

934 2920 1041 2954 electi
1076 2918 1314 2964 singulaeque
1363 2917 1530 2952 cohortes
1574 2928 1654 2952 cum

935 2967 1090 3003 Valente
1114 2966 1454 3013 proficiscerentur,
1497 2967 1654 3013 quintam

1665 632 1683 662 5

1669 1011 1707 1041 10

1496 1150 1648 1192 Fabius
1666 1176 1678 1187 >r
1731 1182 1737 1194 ,.

133 1222 288 1267 Valens
319 1224 505 1266 adlicere
535 1224 617 1276 vel,
650 1225 686 1266 si
719 1225 963 1276 abnuerent,
996 1228 1163 1267 vastare
1182 1223 1354 1276 Gallum,
1387 1229 1427 1266 et
1446 1200 1730 1267 Cottianis⁷¹“''
