1768 3216
165 225 255 278 aeo‘
710 239 771 274 DE
804 233 1092 277 onA'romss‘vs

157 359 310 401 litatem
342 363 585 411 temporum,
616 369 707 399 cum
739 358 948 412 voluptate
979 358 1230 401 audientium
1264 359 1408 414 possit.
1471 350 1724 404 Hoo'sibissl

158 434 215 474 illi
241 437 405 474 veteres
426 437 736 486 persuaserant,
771 434 822 475 ad
843 433 924 475 hoc
949 433 1213 476 efficiendum
1235 434 1535 490 intellegebant
1555 436 1657 490 opus

158 519 251 548 esse
282 518 364 547 non
383 511 427 548 ut
453 508 493 548 in
515 508 729 549 rhetorum
756 508 913 550 scholis
940 508 1239 562 declamarent,
1267 521 1347 550 nec
1375 513 1420 550 ut
1449 509 1554 551 fictis
1581 521 1659 552 nec

155 580 238 622 ullo
271 581 395 622 modo
437 582 489 623 ad
530 583 750 624 veritatem
792 583 1089 625 accedentibus
1131 583 1434 626 controversiis
1475 583 1659 639 linguam

124 655 279 697 sinodo
311 660 351 697 ct
381 668 530 698 vocem
562 661 835 709 exercerent,
884 658 960 699 sed
990 661 1034 698 ut
1064 658 1115 699 iis
1144 658 1301 700 artibus
1330 662 1474 713 pectus
1507 657 1658 712 imple-

152 734 248 772 rent
276 731 316 770 in
349 731 495 784 quibus
528 730 580 772 de
609 731 729 772 bonis
762 744 811 773 ac
848 732 991 784 malis,
1036 732 1088 774 de
1130 732 1307 774 honesto
1345 736 1386 774 et
1426 733 1561 787 turpi,
1604 731 1658 774 ‘de

154 805 261 846 iusto
298 809 337 846 et
368 805 521 846 iniusto
555 805 797 859 disputatur.
874 806 988 847 Haec
1032 807 1141 848 enim
1186 811 1249 848 est
1280 807 1440 849 oratori
1470 806 1658 850 subiecta

153 879 204 921 ad
235 879 458 921 dicendum
489 881 687 922 materia:
732 893 826 923 nam
858 882 899 922 in
931 881 1096 923 iudiciis
1130 881 1218 923 fere
1247 882 1299 923 de
1331 882 1562 936 aequitate,
1613 881 1656 922 in

154 954 524 996 deliberationibus
558 954 608 997 de
640 955 860 998 honestate
905 956 1179 1009 disserimus,
1234 957 1290 998 ita
1333 961 1376 998 ut
1414 956 1657 1011 plerumque

105 1028 257 1069 iollaeo
290 1028 330 1069 in
362 1031 496 1070 vicem
530 1030 796 1083 misceantur,
830 1030 880 1072 de
913 1031 1060 1084 quibus
1093 1031 1264 1085 copiose
1297 1035 1337 1072 et
1366 1031 1483 1074 varie
1505 1034 1547 1072 et
1579 1042 1654 1072 or-

153 1107 247 1145 nate
282 1116 403 1146 nemo
433 1103 577 1146 dicere
608 1109 758 1158 potest,
791 1105 872 1147 nisi
904 1106 973 1160 qui
1005 1106 1206 1161 cognovit
1227 1110 1416 1148 naturam
1438 1106 1657 1149 humanam

155 1182 195 1219 et
224 1178 306 1219 vim
338 1179 529 1220 virtutum
562 1180 886 1234 pravitatemque
917 1181 1112 1222 vitiorum
1144 1185 1185 1222 et
1223 1181 1476 1223 intellectum
1514 1193 1656 1223 eorum

154 1264 260 1306 quae
292 1265 370 1294 nec
403 1253 443 1293 in
475 1254 692 1296 virtutibus
723 1267 802 1296 nec
831 1255 943 1296 vitiis
973 1259 1257 1297 numerantur.
1303 1255 1366 1297 Ex
1386 1255 1449 1298 his
1471 1255 1656 1298 fontibus

156 1327 278 1368 eliam
307 1327 374 1369 illa
405 1327 641 1381 profluunt,
683 1333 726 1369 ut
757 1329 919 1371 facilius
952 1330 1055 1372 iram
1087 1330 1236 1372 iudicis
1276 1330 1343 1372 vel
1378 1330 1550 1385 instiget
1590 1330 1656 1373 vel

103 1400 292 1454 ¹⁵leniat,
327 1402 395 1455 qui
427 1402 505 1443 scit
533 1403 629 1456 quid
662 1403 738 1456 ira,
767 1404 996 1458 promptius
1026 1404 1077 1446 ad
1111 1404 1423 1446 miserationem
1455 1403 1651 1458 impellat,

231 1580 260 1613 1.
289 1578 377 1613 haec
405 1578 450 1612 P:
477 1577 503 1612 F
529 1578 605 1613 hoc.
691 1581 725 1614 5.
752 1585 789 1614 ut
814 1581 853 1614 in
879 1580 933 1615 his
959 1580 995 1623 P,
1021 1587 1059 1616 ut
1082 1582 1120 1615 in
1150 1583 1194 1616 iis
1220 1581 1259 1625 F,
1285 1587 1323 1616 ut
1347 1581 1401 1615 his
1426 1580 1655 1616 Puteolanus.

154 1627 339 1673 implorent
364 1627 402 1669 F,
433 1637 503 1661 non
529 1627 565 1661 P.
812 1629 846 1663 6.
879 1636 910 1663 et
937 1631 1031 1675 turpi
1051 1629 1127 1664 FP:
1163 1642 1207 1664 ac
1231 1631 1325 1676 turpi
1350 1634 1495 1665 veteres
1523 1629 1655 1664 editio-

154 1687 229 1711 nes,
332 1677 365 1711 7.
393 1677 483 1710 haec
510 1677 602 1710 enim
627 1682 675 1710 est
702 1676 745 1710 P:
775 1677 865 1711 haec
893 1684 942 1713 est
967 1679 1060 1712 enim
1085 1679 1122 1713 F.
1242 1680 1297 1715 10.
1328 1679 1418 1713 haec
1444 1680 1495 1712 P:
1524 1678 1658 1713 editio-

154 1735 217 1758 nes
252 1724 340 1759 haec
373 1726 461 1770 ipsa.
599 1726 751 1759 inuicem
776 1726 811 1760 P.
1000 1729 1054 1762 13.
1097 1739 1162 1762 nec
1197 1728 1234 1761 in
1260 1728 1446 1762 uirtutibus
1471 1739 1538 1761 nec
1561 1727 1657 1761 uitiis

153 1773 202 1807 l’:
242 1784 351 1818 neque
377 1775 416 1807 in
439 1773 621 1808 virtutibus
647 1785 756 1818 neque
786 1776 824 1808 in
850 1775 942 1809 vitiis
968 1775 1005 1810 F.
1141 1777 1320 1813 cdntine’ttr
1363 1776 1453 1822 (hoc
1481 1775 1658 1810 subducta

154 1822 290 1856 lineola
318 1822 509 1857 delendum
537 1827 697 1868 notatur)
724 1830 956 1858 numerantur
979 1825 1016 1859 P.
1102 1825 1157 1860 14.
1185 1826 1254 1859 ista
1280 1825 1323 1859 ab
1340 1825 1386 1860 al.
1403 1836 1449 1860 m.
1477 1835 1655 1870 superscr.

153 1870 218 1904 illa
244 1875 279 1905 et
304 1872 374 1905 ista
398 1872 540 1915 punctis
566 1871 708 1906 subnot.
739 1872 775 1906 P.
886 1874 941 1907 15.
970 1874 1052 1918 quid
1075 1875 1152 1908 irae
1175 1875 1369 1920 promptius
1395 1879 1428 1908 et
1454 1873 1657 1908 miseratio-

154 1930 232 1952 nem
258 1919 281 1953 Ρ
308 1924 342 1953 et
372 1920 503 1953 ceteri:
530 1921 686 1954 correxit
712 1920 864 1965 Lipsius.

108 2079 113 2085 .
154 2051 304 2093 nornine,
333 2052 390 2095 qui
414 2063 646 2097 quaecumque
682 2065 737 2087 res
774 2054 869 2087 inci-

155 2099 246 2132 derit
270 2110 358 2143 quae
383 2102 426 2133 sit
452 2100 603 2134 dictione
643 2102 868 2147 explicanda,

150 2147 344 2193 prudenter
371 2153 402 2182 et
427 2150 611 2194 composite
639 2156 669 2183 et
690 2156 813 2184 ornate
839 2156 870 2183 et

153 2198 352 2230 memoriter
377 2197 484 2239 dicat,
513 2209 588 2231 cum
603 2199 753 2242 quadam
767 2199 871 2232 etiam

159 2245 309 2278 actionis
337 2245 518 2290 dignitate.

940 2055 1076 2099 copiose
1117 2055 1188 2087 dici
1233 2060 1264 2087 et
1315 2053 1489 2100 explicari
1530 2058 1654 2099 potest.

940 2102 1036 2136 ldem
1053 2102 1097 2136 de
1115 2102 1212 2136 Orat.
1235 2102 1278 2135 lll
1296 2103 1343 2137 30
1359 2106 1542 2136 extremo:
1570 2112 1658 2135 one-

939 2150 1090 2184 randum
1116 2150 1419 2196 complendumque
1443 2155 1563 2195 pectus
1577 2160 1656 2182 ma..

938 2200 1115 2232 mimarum
1141 2211 1258 2232 rerum
1280 2205 1312 2232 et
1325 2199 1559 2245 plurimarum
1572 2209 1655 2232 sua-

938 2248 1056 2290 vitate,
1085 2248 1199 2293 copia,
1226 2248 1410 2281 varietate.

1009 2319 1047 2352 in
1074 2318 1382 2352 deliberationibus
1401 2319 1442 2353 de
1456 2319 1658 2353 honestate:

230 2341 314 2386 Cap.
345 2343 403 2377 31.
432 2343 492 2377 sed
516 2350 553 2377 ut
580 2345 622 2378 iis
649 2345 783 2378 artibus
806 2355 871 2389 pe-

156 2397 229 2425 ctus
259 2391 442 2436 implerent
468 2394 505 2425 in
532 2393 650 2437 quibus
681 2414 724 2420 —-
753 2392 872 2438 dispu-

156 2446 271 2474 tatur:
299 2440 454 2473 imitatur
484 2439 610 2475 ducem
635 2452 737 2475 suum
765 2441 873 2475 Cice-

157 2499 292 2528 ronem,
322 2489 435 2531 ipsum
467 2494 613 2523 auctore
640 2489 788 2523 Platone
807 2489 871 2535 (cf.

158 2535 309 2571 Phaedr.
348 2547 380 2579 p.
409 2537 480 2572 260
514 2542 611 2582 sqq.)
656 2539 871 2572 scribentem

158 2586 194 2619 in
223 2584 371 2619 Oratore
401 2596 430 2618 c.
459 2586 529 2620 33:
557 2598 622 2619 nec
647 2599 729 2620 vero
758 2586 873 2620 diale-

160 2634 259 2668 cticis
283 2634 381 2667 modo
406 2634 450 2667 sit
475 2634 685 2677 instructus,
719 2635 779 2668 sed
804 2636 872 2668 ha-

161 2683 239 2716 beat
281 2694 398 2715 omnes
433 2681 674 2728 philosophiae
710 2689 808 2716 notos
843 2690 873 2716 et

161 2737 329 2765 tractatos
356 2731 460 2764 locos.
491 2731 590 2764 Nihil
609 2733 699 2765 enim
726 2732 766 2765 de
780 2731 873 2764 ,reli-

159 2782 275 2825 9ione,
302 2779 392 2813 nihil
418 2779 458 2812 de
476 2791 584 2823 more,
611 2781 701 2814 nihil
727 2781 767 2814 de
794 2781 873 2825 pie-

161 2834 243 2871 tate,
270 2827 360 2861 nihil
386 2828 425 2860 de
443 2829 591 2863 caritate
602 2830 757 2875 pat-riae,
786 2828 875 2862 nihil

164 2878 204 2910 tle
233 2877 329 2910 bonis
356 2877 457 2909 rebus
483 2884 543 2911 aut
569 2878 690 2920 malis,
717 2877 807 2910 nihil
834 2877 874 2910 de

163 2925 344 2959 virtutibus
393 2931 451 2958 ant
496 2927 587 2960 vitiis
629 2947 674 2952 —
713 2927 787 2960 sine
833 2936 875 2959 ea

164 2974 312 3007 scientia
339 2984 440 3018 quam
462 2974 535 3008 dia-i
561 2976 729 3020 yraviter,
748 2974 873 3020 ample,

941 2367 1220 2401 deliberationes
1250 2367 1336 2401 dicit
1363 2378 1455 2413 quae
1489 2367 1578 2402 fiunt
1618 2368 1655 2400 in

942 2417 1112 2451 contione
1140 2426 1257 2450 coram
1288 2416 1422 2460 populo
1454 2421 1515 2450 aut
1539 2417 1575 2450 in
1595 2426 1657 2450 se-

941 2470 1037 2498 natu.
1093 2465 1146 2498 De
1173 2465 1352 2498 honestate
1379 2475 1474 2499 nuno
1501 2465 1655 2511 scripsit,

941 2524 986 2546 ne
1014 2514 1140 2546 iterum
1178 2518 1400 2557 compareret
1439 2513 1480 2546 de
1514 2513 1656 2547 honesto

942 2561 1047 2606 paulo
1074 2566 1155 2595 ante
1182 2562 1347 2604 positum.

1013 2632 1223 2666 intellectum
1261 2644 1380 2666 eorum
1415 2644 1503 2677 quae
1529 2643 1594 2667 nec
1619 2632 1657 2665 in

941 2681 1122 2714 virtutibus
1140 2702 1179 2707 —-
1195 2688 1444 2715 numerantur.
1476 2681 1566 2716 haec
1581 2680 1656 2725 Gy-

942 2731 1012 2763 nici
1040 2729 1217 2763 vocabant
1245 2727 1290 2765 τά
1319 2730 1533 2777 ἀδιάφορα.
1566 2729 1656 2764 Dio-

942 2789 1075 2834 genes
1090 2778 1203 2811 laert.
1242 2778 1284 2813 VI
1312 2780 1348 2820 δ.
1391 2779 1479 2814 105:
1532 2777 1574 2813 τά
1617 2778 1656 2813 δὲ

940 2829 1055 2873 ιιειαξ
1061 2822 1080 2860 ὺ
1114 2825 1246 2873 ἆρετῆς
1286 2830 1349 2862 καὶ
1382 2826 1518 2867 κακίας
1543 2825 1656 2862 «ἰδιά-

944 2888 1049 2922 φοοα
1077 2877 1256 2922 λέγουσι’
1293 2876 1437 2918 ὁμοίως
1461 2874 1657 2921 Ἀρίστωνι

942 2924 994 2970 τῷ
1020 2927 1117 2971 Χίω.
1160 2924 1280 2958 Aristo
1307 2923 1416 2957 Chius
1443 2923 1547 2957 linem
1567 2927 1658 2958 -es'se

942 2972 1031 3006 dixit
1077 2972 1308 3020 ἀδιαφόρως
1355 2973 1418 3017 ζῆν
1478 2967 1603 3019 πρὸς
1600 2965 1664 3005 τὰ-
