1768 3216
146 220 217 261 102
709 223 770 258 DE
797 221 1024 259 onA'ronlss
1032 223 1085 260 VS

145 342 280 395 diciis,
315 343 350 384 si
383 340 586 391 nolumus,
621 340 691 381 vix
718 339 897 383 Hercule
931 341 1144 393 auderem,
1178 340 1213 382 si
1243 340 1342 382 milii
1363 350 1456 382 mea
1471 345 1649 383 senten-

144 418 198 458 tia
229 415 481 470 proferenda
513 427 561 456 ac
592 426 678 456 non
712 415 1098 467 disertissimorum,
1132 418 1176 456 ut
1195 415 1351 457 nostris
1371 415 1644 469 temporibus,

142 490 352 531 hominum
384 501 521 531 sermo
555 489 807 543 repetendus
840 495 972 542 esset,
1021 502 1125 544 quos
1166 490 1340 532 eandem
1371 489 1479 532 hanc
1513 497 1647 544 quae-u

141 565 318 606 stionem
348 568 648 618 pertractantes
675 565 842 607 ‘iuvenis
882 565 1104 606 admodum
1145 564 1299 606 audivi.
1371 564 1431 606 lta
1461 574 1545 605 non
1576 563 1647 605 in·-

106 638 265 693 5geni0
299 638 373 680 sed
405 640 607 681 memoria
641 644 681 681 et
711 639 1008 682 recordatione
1041 651 1143 693 opus
1176 644 1253 692 est,
1285 643 1329 680 ut
1349 650 1454 693 quae
1473 651 1496 681 a
1517 650 1645 693 prae-a-

136 713 401 756 stantissimis
445 714 548 755 viris
600 718 639 755 et
683 715 922 769 excogitata
968 714 1174 756 subtiliter
1222 718 1262 755 et
1300 713 1410 755 dicta
1453 713 1641 768 graviter

135 788 296 842 accepi,
331 801 423 829 cum
456 788 611 843 singuli
643 789 832 831 diversas
861 789 934 831 sed
966 788 1205 843 probabiles
1236 800 1385 830 causas
1415 787 1644 840 adferrent,

139 862 236 904 dum
268 863 440 905 sormam
474 863 537 905 sui
570 863 743 917 quisque
774 868 814 905 et
845 863 971 905 animi
1004 868 1043 904 et
1074 863 1233 918 ingenii
1260 862 1482 915 redderet,
1513 861 1646 904 isdem

141 949 251 980 nunc
282 938 465 980 numeris
497 938 714 991 isdemque
742 938 975 979 rationibus
1006 950 1262 992 persequar,
1304 940 1471 980 servato
1497 935 1647 978 ordine

290 1093 319 1126 1.
348 1090 489 1126 hercule
514 1092 549 1126 P.

135 1151 211 1175 neS.
310 1140 343 1175 6.
374 1141 548 1186 suptiliter
575 1139 610 1174 P.

138 1190 261 1223 ceteri.
375 1190 544 1235 afferrent
571 1188 607 1221 Ρ.

137 1239 188 1272 sic
214 1248 366 1282 semper.
403 1238 449 1272 cf.
479 1242 599 1272 annot.
631 1235 673 1270 ad
699 1235 714 1270 1
743 1237 797 1271 17.

693 1093 726 1126 5.
753 1097 783 1125 et
807 1091 946 1125 record.
975 1091 1048 1125 FP:
1078 1102 1122 1126 ac
1146 1091 1285 1125 record.
1313 1090 1483 1135 antiquae
1512 1089 1644 1123 editio-

714 1141 748 1174 7.
779 1140 935 1174 diversas
962 1139 1099 1173 editor:
1127 1140 1286 1173 diuersas
1310 1139 1368 1173 uel
1395 1137 1533 1172 easdem
1558 1136 1583 1171 P
1610 1142 1646 1172 et

697 1188 731 1223 8.
760 1188 947 1222 redderent
973 1188 1010 1222 P.

917 1236 951 1271 9.
975 1248 1130 1282 psequar
1160 1248 1238 1271 cum
1263 1248 1287 1282 p
1315 1235 1465 1271 caudato
1493 1234 1531 1279 P,
1554 1241 1644 1282 pro-

1109 1189 1230 1223 iisdem
1260 1209 1304 1215 —-
1330 1186 1518 1231 iisdemque
1542 1184 1581 1230 P,
1609 1184 1645 1220 et

136 1298 263 1332 sequar
288 1286 335 1320 F:
355 1297 514 1334 ‚psequar
540 1286 708 1331 antiquae
739 1285 928 1319 editiones.

135 1413 255 1458 Lipsio
277 1414 537 1458 accipiendum,
562 1413 625 1448 sed
651 1413 682 1447 is
710 1415 853 1456 erravit,

135 1473 215 1496 cum
244 1464 292 1496 ita
318 1463 353 1496 in
381 1462 407 1496 F
444 1468 626 1497 exaratum
661 1474 741 1497 esse
768 1473 854 1508 pro-

134 1511 235 1554 didit,
266 1521 309 1545 eo
334 1516 544 1557 argumento
573 1511 679 1546 credo
707 1523 726 1546 a
754 1513 852 1546 veri-

133 1565 206 1593 tate
232 1560 418 1603 seductus,
451 1560 545 1605 quod
575 1560 618 1594 ad
646 1566 851 1595 contextum

134 1620 153 1642 a
191 1619 230 1642 se
269 1614 351 1642 ante
387 1609 589 1653 suppletum
628 1609 718 1643 nihil
754 1621 799 1643 ex
825 1608 851 1642 F

134 1662 361 1700 enotaverat,
402 1657 495 1691 unde
531 1659 735 1692 consentire
770 1669 850 1692 euni

132 1715 318 1750 perperam
358 1705 519 1740 credidit.
584 1706 670 1740 Nam
723 1707 849 1741 vitium

130 1759 234 1788 vehis
256 1766 335 1789 esse
362 1760 397 1788 et
421 1755 535 1788 codici
563 1756 670 1788 unico
699 1766 742 1789 ex
759 1755 850 1789 Ger-

130 1805 247 1837 mania
281 1805 317 1836 in
361 1803 498 1837 ltaliam
537 1803 646 1837 allato
679 1804 746 1838 iam
783 1804 849 1838 ad-

132 1852 293 1886 haesisse
319 1863 413 1886 nunc
442 1852 555 1897 liquet
583 1864 626 1886 ex
650 1852 686 1886 Ρ.

203 1923 337 1957 ‘iuvenis
364 1923 567 1956 admodum.-
599 1923 693 1956 conf.
710 1923 846 1957 Prooe-

130 1971 188 2004 mii
218 1983 248 2005 c.
279 1973 302 2006 2
329 1977 364 2005 et
392 1976 512 2004 annot.
540 1971 583 2004 ad
609 1972 650 2004 A.
681 1973 713 2006 7.

208 2053 283 2074 cum
310 2041 441 2086 singuli
468 2042 623 2075 diversas
666 2041 736 2088 [vel
765 2053 845 2075 eas-

131 2088 222 2135 dem]
251 2090 311 2122 sed
330 2089 531 2134 probabiles
569 2101 694 2123 causas
721 2091 846 2134 adfer-

125 2143 230 2170 rent:
275 2137 353 2170 ‘has
405 2138 525 2171 voces’
572 2137 651 2185 (vel
683 2139 845 2181 easdem)

125 2184 241 2219 ‘dele’.
282 2186 463 2220 Munmus.
526 2186 618 2232 ‘Ego
656 2187 765 2220 verba
805 2197 846 2220 ea

125 2244 315 2277 superesse
343 2236 499 2269 censeo'.
555 2235 711 2269 Lirsms.
768 2234 844 2268 Non

124 2282 228 2316 modo
268 2293 458 2326 superesse
486 2309 494 2325 ,
540 2283 603 2317 sed
649 2283 691 2316 ab
727 2282 846 2317 aliena

123 2341 228 2363 manu
269 2331 431 2375 profecta
473 2342 551 2365 esse
588 2332 647 2365 diu
686 2337 740 2365 est
767 2342 844 2365 cum

126 2378 314 2413 affirmavi.
342 2379 511 2413 Nimirum
530 2381 558 2413 si
582 2385 759 2422 tenentur,
788 2380 845 2413 in-

126 2432 208 2470 epte
236 2428 435 2461 succedunt
461 2429 573 2462 verba
598 2430 659 2462 sed
676 2429 844 2473 prohabi-

125 2474 199 2508 les:
228 2476 453 2510 adversativa
481 2478 575 2510 enim
603 2478 783 2510 sententia
810 2477 844 2511 id

126 2527 303 2568 tamquam
330 2535 444 2557 rarum
474 2530 508 2558 et
526 2525 757 2559 memorabile
775 2535 844 2558 no..

125 2576 200 2614 tat,
238 2583 362 2606 causas
400 2583 420 2605 a
458 2572 658 2607 dicentibus
686 2574 844 2616 prolatas

125 2621 287 2664 quamvis
314 2620 472 2654 diversas
489 2647 498 2663 ,
527 2626 645 2655 tamen
672 2622 841 2665 probabi-

125 2668 177 2701 les
210 2668 333 2702 fuisse.
364 2668 472 2702 Porro
488 2668 628 2703 Tacitus
655 2670 690 2702 in
719 2671 844 2703 iustis„

126 2716 250 2750 simam
277 2717 594 2761 reprehensionem
630 2718 841 2761 incurreret,

125 2766 153 2797 si
180 2776 351 2809 personas
369 2766 567 2800 induxisset
589 2766 729 2800 easdem
756 2777 843 2800 cau-

124 2823 179 2845 sas
230 2815 441 2857 afferentes,
497 2815 718 2859 eandemque
769 2826 843 2848 rem

124 2860 177 2894 bis
204 2862 264 2895 vel
292 2867 346 2896 ter
373 2865 611 2906 exposuisset.
647 2862 743 2897 Nihil
771 2863 843 2897 tale

124 2908 277 2954 legimus
304 2912 340 2943 in
365 2912 589 2946 sermonibus
626 2912 686 2957 qui
713 2922 843 2956 super-

123 2962 216 3000 sunt,
243 2969 310 2992 nec
324 2959 433 2993 Taciti
461 2971 518 2994 ars
546 2961 712 3003 admittit,
740 2966 778 2994 ut
806 2962 840 2994 in

925 1412 1109 1457 deperdita
1134 1413 1254 1456 operis
1273 1416 1373 1456 parte
1401 1410 1542 1445 easdem
1560 1420 1643 1445 cor-

924 1466 1049 1506 ruptae
1079 1460 1310 1505 eloquentiae
1348 1470 1474 1494 causas
1508 1469 1643 1504 propo-

924 1510 1009 1544 sitas
1036 1520 1115 1544 esse
1144 1509 1342 1552 credamus,
1371 1519 1449 1543 cum
1474 1511 1643 1553 praeser-

924 1559 985 1592 tim
1016 1569 1086 1592 uno
1115 1563 1249 1592 tantum
1277 1557 1359 1591 loco
1398 1563 1485 1598 (non
1513 1557 1642 1602 loquor

923 1606 966 1641 de
1003 1607 1100 1641 hiatu
1137 1615 1330 1651 paucorum
1363 1605 1640 1653 vocabulorum)

922 1655 1096 1690 nonnulla
1123 1655 1382 1689 interciderint.
1425 1653 1528 1689 Conf.
1557 1659 1641 1688 nota

922 1704 964 1738 ad
993 1716 1023 1738 c.
1054 1705 1100 1739 35
1128 1709 1163 1738 et
1191 1704 1250 1739 40.
1312 1702 1422 1749 Origo
1449 1703 1640 1737 verborum

922 1764 966 1787 ex
993 1752 1246 1799 dittographia.
1311 1751 1459 1786 Scilicet
1490 1753 1550 1797 qui
1576 1762 1638 1786 co-

921 1802 1037 1835 dicem
1075 1801 1176 1835 illum
1204 1800 1451 1835 Germanicum
1484 1801 1639 1846 scripsit,

921 1850 1053 1893 divisas,
1082 1849 1116 1883 h.
1134 1861 1165 1884 e.
1195 1849 1362 1892 diversas,
1393 1853 1463 1883 tam
1487 1849 1639 1884 obscure

920 1898 954 1931 in
997 1897 1191 1942 exemplari
1235 1907 1440 1943 expressum
1477 1897 1638 1942 offendit,

919 1951 958 1979 ut
994 1947 1122 1981 dubius
1163 1951 1259 1981 esset
1304 1947 1398 1980 sitne
1439 1946 1559 1980 divisas
1595 1956 1640 1980 an

920 1996 1054 2038 εαεάές
1090 1995 1174 2029 hinc
1202 2006 1310 2039 super
1336 2005 1478 2029 versum
1506 1993 1641 2029 addidit

915 2043 989 2076 ‘vel
1018 2043 1178 2086 easdem',
1205 2055 1224 2077 a
1251 2045 1413 2087 proximo
1431 2043 1548 2077 scriba
1575 2054 1640 2078 ce-

921 2093 1005 2124 teris
1032 2101 1219 2135 perperam
1248 2092 1453 2125 admixtum.
1506 2091 1639 2125 Diver-

917 2151 976 2173 sas
1002 2145 1127 2173 auctor
1151 2140 1325 2173 sermonis
1352 2138 1526 2185 intelligit
1552 2147 1639 2173 cau-

918 2198 974 2221 sas
1003 2199 1021 2222 a
1048 2188 1199 2222 Messala
1237 2192 1271 2222 et
1296 2187 1455 2221 Materno
1491 2189 1639 2232 exposi-

918 2241 994 2278 tas,
1038 2247 1186 2282 quorum
1227 2237 1324 2280 prior
1350 2237 1436 2270 artis
1462 2237 1640 2270 oratoriae

918 2286 1087 2330 antiquae
1122 2287 1292 2318 virtutem
1332 2295 1375 2318 ex
1412 2285 1568 2330 antiquis
1604 2290 1640 2320 et

917 2333 1021 2367 bonis
1049 2333 1204 2367 moribus
1233 2344 1274 2367 ac
1295 2332 1508 2377 disciplinae
1528 2343 1637 2368 seve-

917 2383 1048 2425 ritate,
1084 2382 1175 2416 alter
1210 2393 1254 2416 ex
1280 2381 1427 2415 licentia
1463 2386 1499 2416 et
1525 2381 1637 2416 turbis

919 2432 971 2464 rei
1000 2430 1167 2474 publicae
1196 2431 1378 2474 repetivit.
1413 2429 1515 2464 Alios
1542 2429 1638 2464 alio-

916 2489 993 2512 rum
1021 2479 1065 2512 de
1103 2478 1170 2512 hoc
1205 2483 1418 2523 argumento
1453 2488 1637 2512 sermones

917 2527 1057 2560 Tacitus
1101 2537 1172 2560 non
1212 2526 1382 2559 tradidit:
1425 2537 1504 2560 nam
1545 2536 1636 2571 quae

916 2576 1055 2609 Marcus
1081 2575 1178 2619 Aper
1199 2574 1394 2617 disseruit,
1422 2585 1466 2608 ea
1496 2573 1636 2608 demum

918 2623 1038 2657 verbis
1065 2635 1175 2668 neque
1207 2624 1298 2656 enim
1324 2622 1432 2667 defuit
1464 2643 1510 2650 —
1537 2624 1636 2656 anti-

917 2683 1060 2716 quorum
1086 2672 1238 2718 inqeniis
1265 2673 1482 2716 anteferret,
1520 2670 1636 2705 deno-

916 2725 1047 2754 tantur.
1102 2720 1152 2753 Eo
1183 2721 1297 2765 magis
1330 2718 1439 2753 verba
1472 2718 1527 2752 vel
1553 2730 1634 2753 eas-

916 2769 991 2801 dem
1017 2778 1161 2812 prorsus
1186 2769 1306 2802 inania
1332 2772 1425 2803 sunt.
1471 2766 1635 2801 Delenda

916 2827 995 2850 esse
1021 2817 1178 2851 Muretus
1217 2821 1252 2850 et
1276 2816 1416 2860 Lipsius
1446 2819 1636 2850 senserunt

914 2865 1028 2910 magis
1065 2876 1167 2910 quam
1204 2863 1485 2906 intellexerunt,
1536 2868 1634 2898 certe

914 2915 1116 2947 sententiae
1144 2921 1284 2947 causam
1311 2923 1382 2946 non
1410 2911 1631 2946 addiderunt.

971 2962 1050 2996 dum
1074 2964 1226 3008 formam
1250 2961 1305 2996 sui
1322 2961 1462 3006 quisque
1490 2965 1523 2997 et
1549 2962 1631 2996 ania
