1768 3216
190 190 261 226 142
799 187 1062 226 AGRICOLAE

180 305 372 348 locorum
402 306 545 361 gnari,
592 306 988 350 circumveniebant.
1074 307 1195 357 Quod
1226 308 1269 350 ni
1289 308 1498 362 ‘frequens
1525 307 1681 364 *ubique

181 381 382 436 Agricola
425 380 584 422 validas
623 385 663 423 ct
703 381 918 435 expeditas
960 381 1156 424 cohortes
1199 382 1410 438 indaginis
1445 383 1603 437 modo,
1638 388 1681 426 et

179 455 314 497 sicubi
343 455 497 496 artiora
537 460 677 513 erant,
724 461 883 510 partem
928 457 1108 510 equitum
1147 457 1330 500 dimissis
1374 458 1517 512 equis,
1560 458 1682 501 simul

179 529 364 572 rariores
403 530 530 572 silvas
558 531 736 584 equitem
768 531 1000 585 persultare
1028 532 1232 586 iussisset,
1267 537 1484 587 acceptum
1514 533 1681 588 aliquod

146 603 323 645 svulnus
352 617 428 658 per
455 605 624 646 nimiam
654 605 845 647 fiduciam
876 606 998 647 foret.
1077 606 1268 648 Ceterum
1309 607 1382 648 ubi
1423 607 1678 662 compositos

176 677 304 720 firmis
336 679 553 722 ordinibus
581 680 699 734 sequi
731 692 874 722 rursus
907 680 1068 733 videre,
1101 681 1141 722 in
1175 681 1314 736 sugam
1337 682 1474 734 versi,
1494 693 1578 724 non
1598 693 1679 736 ag-

171 753 368 807 minibus,
399 758 442 795 ut
470 755 598 808 prius,
628 767 707 796 nec
738 754 842 797 alius
875 755 998 797 alium
1030 759 1344 809 respectantes,
1378 756 1465 798 rari
1492 759 1534 799 et
1561 757 1677 799 vita—

171 828 301 870 bundi
333 829 374 870 in
404 830 540 870 vicem
572 829 799 884 longinqua
832 834 953 884 atque
985 830 1077 871 avia
1108 830 1281 884 petiere.
1330 831 1442 873 Finis
1472 831 1675 886 sequendi

172 913 260 944 nox
290 907 330 944 et
361 903 532 945 satietas
565 904 654 945 suit.
702 904 834 945 Caesa
867 904 1046 946 hostium
1079 904 1130 946 ad
1163 904 1310 947 decem
1335 905 1470 947 milia:
1502 909 1675 947 nostro—

115 987 160 1018 10
173 990 263 1019 rum
294 978 471 1020 trecenti
503 978 721 1032 sexaginta
755 978 963 1031 cecidere,
994 978 1035 1018 in
1068 979 1158 1031 quis
1192 979 1323 1021 Aulus
1351 979 1514 1022 Atticus
1545 991 1670 1033 prae-

171 1053 306 1095 fectus
339 1053 539 1105 cohortis,
572 1053 742 1094 iuvcnili
773 1052 927 1094 ardore
944 1057 985 1094 et
1004 1053 1164 1094 ferocia
1185 1054 1279 1107 equi
1298 1053 1486 1096 hostibus
1507 1053 1671 1097 inlatus.

169 1127 220 1170 Et
251 1139 335 1169 nox
369 1127 534 1181 quidem
566 1127 724 1182 gaudio
760 1127 999 1181 praedaque
1029 1127 1137 1169 laeta
1182 1127 1434 1169 victoribus:
1486 1127 1742 1176 Britanni38

176 1201 362 1255 palantes
393 1202 604 1255 mixtoque
634 1202 819 1242 virorum
852 1201 1151 1255 mulierumque
1182 1201 1345 1255 ploratu
1376 1202 1543 1244 trahere
1574 1202 1672 1245 vul-

170 1279 365 1328 neratos,
399 1287 555 1318 vocare
585 1275 787 1331 integros,
820 1275 1022 1318 deserere
1054 1275 1200 1318 domos
1233 1288 1282 1318 ac
1312 1288 1387 1331 per
1419 1277 1523 1319 iram
1556 1277 1665 1329 ultro

117 1349 421 1403 ¹⁵incendere‚
457 1349 617 1405 eligere
647 1349 843 1403 latebras,
873 1355 914 1392 et
944 1350 1081 1392 statim
1111 1350 1349 1405 relinquere
1359 1364 1371 1402 3
1418 1352 1598 1394 miscere
1629 1352 1671 1394 in

169 1424 305 1467 vicem
338 1424 515 1467 consilia
547 1425 704 1479 aliqua,
738 1425 834 1467 dein
865 1437 1089 1479 separare3
1121 1425 1343 1480 aliquando
1375 1427 1513 1482 frangi
1544 1439 1672 1481 aspe-

263 1551 297 1586 4.
327 1551 455 1596 equites
478 1550 692 1597 perlustrari
705 1553 748 1594 A,
777 1551 924 1596 equitem
948 1549 1141 1596 persultari·
1160 1553 1209 1594 Γ,
1246 1553 1357 1596 equite
1378 1551 1573 1599 persultat-2⁶
1597 1552 1669 1587 Pu-

166 1598 352 1634 teolanus:
373 1601 520 1645 equitem
541 1599 739 1646 persultare
763 1601 872 1634 tacite
902 1599 1108 1634 Rhenanus.
1185 1600 1219 1635 6.
1247 1602 1357 1635 versis
1382 1603 1424 1636 Δ.
1501 1601 1536 1636 9.
1563 1613 1668 1636 save-

167 1654 220 1683 tas
245 1651 287 1682 A.
389 1650 442 1684 ¹0.
470 1650 656 1693 seaeaqinta
682 1650 746 1684 ΓΔ
761 1660 768 1682 :
798 1648 1015 1682 Puteolanus
1044 1649 1291 1695 quadraqinta.
1410 1650 1465 1685 10.
1491 1651 1669 1696 profectus

166 1699 212 1740 A,
238 1706 309 1730 non
337 1699 373 1732 Γ.
469 1699 523 1732 12.
552 1698 783 1741 Britannique
810 1699 858 1732 F:
887 1697 1045 1738 britanni
1070 1696 1298 1732 Puteolanus.
1419 1698 1475 1733 13.
1500 1698 1668 1744 palantas

157 1748 382 1790 (extremum
412 1756 436 1779 a
461 1745 688 1780 subnotatum
714 1751 749 1779 et
774 1756 952 1790 superscr.
981 1749 1017 1791 e)
1047 1747 1085 1789 Γ,
1109 1745 1288 1792 pallentes
1303 1744 1532 1782 Puteolanus.
1611 1747 1665 1782 16.

168 1805 340 1841 separare
367 1796 451 1830 TA:
479 1794 695 1828 Puteolanus
722 1806 878 1840 sperare.

165 1886 215 1916 los
242 1882 380 1916 collecti
404 1888 436 1916 et
462 1883 619 1917 locorum
644 1883 768 1928 ynart',
805 1883 879 1916 cir-

165 1931 453 1964 cumveniebant:
490 1931 572 1964 inde
599 1931 693 1975 quod
720 1932 755 1964 in
783 1932 878 1964 anti-

163 1987 233 2023 quo
263 1978 352 2012 libro
380 1979 434 2014 Ide
453 1984 633 2012 exaratum
654 1980 765 2013 fuisse
784 1989 877 2022 reor,

163 2025 299 2059 lineola
325 2036 508 2070 perperam
537 2027 651 2070 posita
681 2033 716 2060 et
743 2027 765 2061 d
792 2037 878 2071 pro-

161 2074 323 2107 nuntiata
350 2081 361 2108 t
391 2075 505 2108 evasit
531 2075 592 2117 ite,
621 2080 658 2108 ut
688 2080 741 2108 est
768 2076 803 2108 in
830 2075 878 2109 li-

161 2120 225 2156 bro
251 2125 294 2158 A.
348 2123 436 2156 llinc
470 2123 687 2157 Puteolanus
726 2123 878 2157 licenter

162 2170 381 2216 interpolare
409 2172 529 2215 coepit
554 2172 693 2205 omissis
715 2171 877 2205 ductibus

162 2218 230 2253 sibi
257 2218 416 2253 obscuris
463 2224 498 2253 et
535 2230 625 2254 voce
659 2220 796 2254 collecti
834 2219 877 2254 de

163 2277 227 2301 sua
252 2267 337 2302 sede
366 2272 519 2302 retracta
555 2274 636 2302 ante
662 2270 794 2314 primos
819 2280 877 2301 se-

161 2317 354 2360 quentium,
388 2316 423 2349 id
449 2316 543 2362 quod
580 2318 691 2351 ceteri
721 2317 877 2351 editores

159 2363 252 2398 male
294 2365 420 2398 imitati
471 2370 563 2399 suut.
627 2365 713 2400 Nam
754 2370 877 2410 aperte

159 2417 321 2446 narrator
349 2416 549 2457 composuit
588 2425 631 2448 ex
671 2425 739 2447 una
777 2419 876 2458 parte

146 2461 338 2503 inemtas,
367 2473 411 2494 ex
438 2461 550 2495 altera
577 2462 737 2496 collectos
763 2469 794 2496 et
821 2463 876 2496 lo-

159 2520 278 2543 corum
306 2520 447 2554 ynaros.
479 2509 532 2543 De
562 2510 673 2543 forma
693 2512 799 2555 quari
813 2520 875 2554 pro

156 2557 278 2602 ignari
322 2558 527 2602 reponenda
584 2559 651 2592 iam
704 2560 878 2604 cogitavit

155 2603 347 2639 Dronkius.
380 2605 532 2640 Verbum
560 2607 877 2641 circumveniebant

157 2653 200 2688 de
228 2661 357 2689 conatu
382 2653 630 2699 accipiendum
659 2659 724 2689 est.

247 2727 413 2770 frequens
461 2725 612 2770 ubique.-
660 2726 872 2770 exquisitius

153 2773 319 2818 frequens
344 2785 448 2819 quam
474 2785 656 2820 praesens.
683 2774 763 2808 Dux
789 2775 872 2808 ubi-

154 2832 223 2866 que
251 2831 460 2867 comparens
488 2824 589 2867 quasi
606 2823 767 2866 pluribus
789 2833 870 2857 cor-

151 2870 296 2912 poribus
323 2881 435 2916 agere
463 2872 560 2905 visus
590 2876 654 2906 est.
761 2872 868 2906 inda-

147 2919 241 2966 ginis
265 2919 364 2955 modo
382 2930 391 2954 :
420 2922 457 2953 ut
478 2921 631 2965 spatium
649 2929 781 2956 corona
799 2921 868 2956 ho-

947 1883 1082 1916 minum
1111 1883 1365 1918 circumdatum
1390 1881 1561 1928 paulatim
1578 1882 1665 1918 orbe

948 1930 1095 1965 reducto
1123 1938 1157 1966 et
1182 1933 1293 1966 artius
1322 1931 1444 1966 clauso
1473 1934 1663 1966 coartetur.

950 1980 1141 2025 Virgilius„
1156 1981 1246 2015 Aen.
1276 1980 1325 2014 lv
1355 1982 1446 2016 121:
1487 1980 1566 2014 dum
1590 1986 1664 2015 tre-

944 2029 1068 2073 pidant
1093 2028 1173 2062 alae
1205 2029 1376 2072 silvasque
1391 2029 1560 2074 inclaqine
1585 2030 1663 2063 cin-

945 2082 1042 2120 qunt.
1091 2076 1230 2110 Tacitus
1257 2076 1335 2110 XIII
1361 2076 1428 2111 42:
1459 2082 1664 2111 testamenta

947 2130 979 2157 et
1004 2124 1105 2158 orbos
1129 2125 1222 2159 velut
1253 2124 1424 2170 inclaqine
1462 2126 1535 2158 eius
1572 2126 1662 2172 capi.

946 2172 1072 2207 Florus
1101 2173 1148 2207 lV
1181 2174 1221 2208 12
1242 2173 1308 2208 48:
1335 2172 1416 2207 inde
1439 2174 1570 2218 partito
1599 2185 1663 2207 ea:-

947 2222 1058 2255 ercitu
1084 2227 1191 2255 totam
1217 2221 1396 2268 ampleoeus
1420 2221 1662 2265 Cantabvn'ain,

947 2271 1091 2314 efferam
1118 2276 1254 2316 yentem
1279 2271 1350 2304 ritu
1374 2271 1534 2314 serarum
1565 2271 1665 2315 quasi

946 2318 1113 2364 indaqine
1143 2318 1347 2354 debellabat.
1375 2317 1661 2354 Livius‘v11'37:

947 2377 1024 2400 cum
1048 2368 1261 2413 praemissus
1299 2378 1399 2412 eques
1432 2367 1524 2401 velut
1554 2367 1660 2401 inda-

944 2416 1027 2460 9ine
1056 2416 1240 2461 dissipatos
1266 2415 1442 2449 Samnites
1466 2421 1598 2461 aqeret,

1024 2486 1109 2529 Cap.
1137 2485 1197 2520 38.
1236 2486 1316 2519 dein
1343 2497 1535 2531 separare.-
1562 2485 1597 2520 h.
1626 2497 1658 2520 e.

946 2533 1098 2566 consilia
1111 2534 1146 2566 in
1164 2543 1350 2567 commune
1366 2534 1538 2578 capienda
1551 2536 1659 2568 omit-

944 2586 1034 2615 tere.
1110 2583 1237 2616 secreti
1261 2582 1366 2616 colles
1390 2583 1559 2628 (einsame
1581 2583 1659 2617 Ηᾱ-

942 2630 1044 2676 qel):
1089 2632 1219 2665 secreti
1260 2631 1355 2676 quod
1391 2630 1435 2664 ab
1475 2630 1658 2666 hominum

943 2679 1149 2723 frequentia
1176 2681 1279 2713 vacui
1306 2684 1400 2714 sunt.

1003 2728 1041 2760 in
1063 2728 1151 2770 fines
1163 2729 1408 2762 Borestorum:
1437 2727 1563 2772 populi
1589 2738 1656 2762 no-

940 2784 1021 2808 men
1062 2780 1098 2809 et
1124 2774 1230 2810 sedes
1258 2774 1402 2810 aliunde
1428 2786 1499 2810 non
1527 2778 1656 2822 cogni-

940 2827 985 2856 ta.
1001 2823 1188 2859 Habitasse
1203 2835 1309 2868 supra
1319 2823 1523 2859 Bodotriam
1535 2830 1655 2860 oeten-

939 2870 1025 2904 dunt
1059 2883 1149 2917 quae
1188 2883 1270 2907 mox
1307 2878 1538 2919 sequuntur:
1581 2874 1655 2919 ipse

931 2920 1083 2968 peditem
1106 2927 1208 2968 atque
1237 2922 1364 2968 equites
1395 2922 1486 2958 lento
1512 2922 1651 2966 itinere,
