1768 3216
159 232 235 269 0154

164 350 234 384 iam
270 345 462 393 legendum
497 348 560 388 pro
595 343 744 390 vulgato
781 345 887 379 etism

216 409 259 443 13
290 407 344 441 17.
373 415 437 450 pro
463 410 537 439 tum
560 404 593 439 A
619 403 654 439 9.

163 468 239 503 lani
266 467 335 500 duo
361 465 495 510 templa
520 465 543 499 2
571 464 632 500 49.

162 527 333 573 lazugum
360 526 464 561 sedes
493 526 521 560 H
552 525 575 561 3
602 525 635 559 5.

160 588 254 621 ictus
282 591 318 621 et
344 588 458 621 iactus
488 586 532 620 13
556 583 616 620 40.
649 585 678 618 Η
707 585 728 619 5
757 584 790 618 7.

161 646 351 682 Idistaviso
380 656 525 691 campus
552 647 575 681 2
606 645 663 680 16.

161 707 198 741 id
233 711 371 742 tantum
412 717 484 741 non
521 716 586 751 per
625 704 891 740 simulationem

214 768 259 803 14
282 767 317 803 6.
860 759 862 762 ’

161 827 198 862 id
222 826 393 871 temporis
423 826 465 861 12
491 826 526 861 8.

161 888 238 934 igni
266 887 445 922 ablativus
471 887 493 921 3
520 887 582 922 23.

161 950 256 995 ignis
283 959 347 994 per
375 952 462 994 quot
489 947 567 981 dies
593 946 658 981 sub
687 945 831 981 Nerone
850 945 884 979 in

213 1009 304 1043 urbe
332 1013 512 1055 grassatus
539 1008 585 1042 sit
615 1007 657 1042 15
683 1006 743 1042 40.

170 1069 235 1104 ille
273 1079 471 1114 pronomen
512 1079 591 1103 cum
637 1066 708 1101 alio
750 1066 830 1112 (hic
863 1071 899 1100 et

217 1131 316 1176 quis)
343 1130 503 1163 iunctum
533 1127 577 1162 14
595 1127 654 1162 22.
682 1137 757 1161 rem
773 1131 892 1160 notam

217 1195 254 1224 et
280 1189 498 1224 celebratam
525 1187 681 1223 ostendit
708 1187 735 1222 0
767 1189 821 1223 13.

165 1250 302 1295 lllyrici
329 1250 497 1296 legiones
528 1247 554 1282 Η
581 1250 603 1283 2
630 1249 688 1283 85.

163 1311 349 1356 illyricum
377 1320 507 1344 nomen
529 1308 781 1354 complectitur
802 1307 892 1342 Dal-

211 1371 355 1404 matiam
393 1369 613 1404 Pannoniam
655 1368 826 1403 Moesiam
870 1369 891 1403 2

209 1430 269 1466 44.
301 1431 330 1464 H
358 1431 379 1464 2
409 1430 469 1470 85.

166 1492 378 1525 immensum
406 1490 428 1524 i.
459 1500 491 1524 e.
517 1490 596 1524 sine
622 1489 727 1524 modo
757 1494 793 1524 et
816 1486 887 1523 tine

215 1552 258 1585 12
286 1551 345 1586 63.
377 1549 405 1585 G
431 1550 465 1585 6.

163 1611 383 1646 imminentis
410 1612 583 1656 principis
610 1612 758 1646 iuventa
781 1610 804 1646 6
829 1609 888 1646 48.

164 1671 356 1705 immittere
387 1672 427 1704 11
461 1674 490 1706 1.

164 1732 353 1766 immunire
385 1733 424 1765 11
460 1731 514 1767 19.

165 1792 433 1826 immutationes
459 1792 488 1825 H
515 1794 538 1828 2
563 1790 597 1826 4.

169 1850 360 1895 impellere
387 1852 524 1887 animos
556 1853 572 1885 1
601 1851 661 1885 31.

165 1911 397 1956 imperatoria
422 1911 617 1957 appellatio
640 1909 664 1944 3
692 1911 750 1945 74.
779 1910 896 1955 impe-

212 1972 346 2005 ratoria
390 1971 501 2015 stirpe
551 1972 575 2005 i.
613 1981 645 2005 e.
687 1980 766 2004 cum
805 1970 892 2004 viris

213 2030 436 2074 principibus
463 2035 638 2076 cognatus
666 2030 693 2064 ll
720 2030 743 2064 3
772 2029 831 2064 38.

166 2090 415 2134 imperfectum
429 2095 569 2134 tempus
596 2091 632 2124 in
658 2101 698 2124 re
725 2089 894 2124 inchoata

215 2149 280 2184 sed
296 2159 367 2183 non
387 2155 533 2195 peracta
551 2150 572 2183 2
588 2150 648 2193 34,
675 2151 698 2183 4
711 2150 770 2184 62.
787 2150 818 2184 Α
834 2148 893 2184 37.

166 2209 307 2254 imperii
333 2209 477 2256 collega
502 2209 665 2244 Tiberius
705 2211 720 2243 1
748 2210 783 2244 3.
824 2210 896 2243 im-

218 2270 357 2313 perium
383 2269 522 2304 Traiani
549 2270 581 2304 A
606 2270 640 2305 3.
827 2315 834 2321 ν

168 2330 340 2374 impetum
381 2340 510 2375 capere
550 2331 592 2365 15
625 2330 684 2366 50.
735 2330 890 2374 impetus

216 2389 254 2424 C.
283 2390 433 2424 Gracchi
459 2390 486 2425 Ο
513 2390 571 2426 26.

166 2449 327 2494 implecti
354 2450 454 2484 luctu
481 2452 652 2485 continuo
683 2450 726 2486 16
756 2451 811 2486 10.

166 2510 380 2554 impotentia
407 2511 435 2545 G
460 2510 520 2546 35.

167 2570 314 2615 impune
342 2570 403 2605 vel
430 2581 582 2615 poenam
621 2581 719 2605 suam
752 2571 893 2605 dissua-

217 2631 343 2666 dentes
373 2631 416 2665 13
440 2631 498 2666 26.

168 2691 343 2735 imputare
371 2689 573 2735 exemplum
601 2691 630 2724 11
664 2691 680 2723 1
710 2690 767 2724 71.
808 2690 892 2734 plu..

216 2751 342 2784 rimum
370 2752 402 2785 H
433 2753 446 2784 1
478 2750 537 2785 38.
581 2751 756 2795 imputare
784 2750 894 2794 perfi-

217 2810 310 2844 diam
336 2820 407 2844 non
434 2815 584 2855 possunt
616 2811 677 2856 qui
706 2809 892 2845 Vitellium

219 2870 444 2915 Vespasiano
493 2870 684 2915 prodidere
702 2896 712 2914 ,
761 2880 840 2904 cum
878 2880 898 2904 a

219 2929 331 2965 Galba
357 2930 596 2967 descivissent
621 2931 649 2965 ll
676 2932 699 2966 3
724 2930 784 2965 86.

845 225 990 262 INDEX

940 345 975 379 in
1019 344 1238 389 praepositio
1285 352 1365 379 cum
1403 347 1528 391 quarto
1578 354 1664 381 cusu

984 406 1107 439 iuncta
1141 404 1275 439 indicat
1323 414 1397 439 rem
1436 404 1600 440 effectam
1644 407 1663 440 1

983 464 1044 508 31,
1070 464 1095 500 4
1119 465 1180 508 45,
1206 465 1229 500 6
1257 465 1327 508 42,
1357 466 1401 499 12
1430 465 1491 509 37,
1534 465 1578 500 13
1602 464 1663 510 38,

990 524 1033 559 14
1057 524 1190 568 43,16
1222 526 1278 562 10.
1315 525 1466 561 11112
1491 529 1531 560 et
1555 525 1604 561 64
1630 529 1666 560 et

986 585 1059 628 87,
1094 586 1228 620 25et
1258 585 1300 620 16
1337 589 1373 620 et
1407 585 1456 620 42
1492 585 1667 621 etbfiet

983 645 1041 688 72,
1071 645 1094 679 3
1119 645 1143 680 8
1168 649 1204 680 et
1230 646 1276 680 45
1305 650 1342 680 ct
1367 645 1555 689 4913180,
1581 645 1607 681 4
1630 646 1662 680 1.

991 704 1087 740 G17
1115 709 1152 739 et
1179 705 1227 740 20
1270 706 1376 742 etna
1416 705 1524 742 0⁸26
1557 705 1666 741 03³6

986 769 1022 799 et
1048 764 1097 800 44
1123 769 1159 799 et
1182 765 1241 800 46.
1277 765 1309 799 A
1334 765 1356 800 6
1383 770 1420 800 et
1442 765 1502 801 31.
1543 765 1667 800 consi-

985 823 1079 875 lium&
1100 829 1136 859 et
1164 824 1270 859 finem
1299 824 1328 859 G
1360 824 1414 860 18.
1441 825 1474 860 A
1498 826 1520 860 5
1547 829 1584 860 et
1606 825 1664 862 25.

989 894 1068 919 cum
1098 887 1342 930 comparativo
1376 885 1496 920 neutri
1521 885 1667 932 generis

987 945 1033 980 14
1065 945 1124 981 43.
1164 945 1258 981 idem
1286 946 1381 993 quod
1416 945 1461 982 de
1495 945 1554 982 vel
1580 955 1667 992 pro-

991 1010 1071 1050 pter
1100 1006 1122 1040 3
1153 1006 1210 1040 24.

945 1067 1066 1101 inania
1093 1077 1222 1101 arcana
1248 1067 1277 1100 H
1303 1069 1324 1102 5
1352 1067 1386 1101 9.

943 1127 980 1160 in
1007 1131 1131 1171 aperto
1157 1127 1190 1161 A
1220 1127 1250 1161 1.

944 1188 1110 1221 incautus
1127 1188 1162 1221 vi
1189 1188 1332 1231 passiva
1347 1187 1548 1233 praeditum
1568 1189 1586 1223 2
1605 1188 1663 1224 50.

942 1246 1147 1281 incendium
1186 1247 1286 1281 urbis
1316 1258 1335 1281 a
1369 1247 1490 1282 multis
1525 1247 1571 1282 ad
1600 1247 1668 1282 do-

992 1306 1064 1341 lum
1092 1307 1244 1342 Neronis
1271 1307 1426 1342 refertur
1457 1309 1500 1344 15
1522 1307 1586 1344 38.

943 1368 1119 1402 incertam
1156 1368 1180 1402 i.
1212 1378 1244 1402 e.
1281 1368 1388 1402 maris
1420 1369 1662 1404 accrescentis

984 1432 1020 1462 et
1044 1427 1289 1463 decrescentis
1314 1429 1415 1463 vices
1445 1429 1490 1464 14
1515 1428 1575 1466 119.
1599 1429 1661 1463 in-

987 1493 1106 1523 certus
1133 1487 1337 1535 significatu
1363 1490 1508 1534 passivo
1532 1489 1576 1524 13
1605 1489 1660 1525 19.

962 1566 964 1568 v
989 1549 1015 1583 Η
1048 1550 1063 1583 1
1092 1548 1151 1584 81.
1178 1549 1201 1583 i.
1230 1548 1347 1584 undae
1377 1550 1405 1584 H
1433 1550 1455 1585 5
1481 1550 1516 1586 6.

940 1609 1069 1643 incesti
1098 1609 1242 1654 piacula
1268 1606 1425 1644 exTullo
1451 1618 1540 1657 rege
1560 1611 1603 1646 12
1625 1610 1663 1646 8.

943 1668 1184 1704 inclarescere
1213 1669 1334 1715 aliquo
1363 1669 1395 1703 A
1420 1669 1479 1706 42.

938 1729 1113 1765 inclinare
1140 1729 1304 1764 absolute
1330 1731 1486 1775 positum
1516 1730 1560 1765 14
1584 1730 1620 1765 5.

942 1790 1081 1825 incultu
1120 1800 1230 1837 agere
1255 1790 1382 1826 Latine
1425 1800 1495 1825 non
1539 1789 1669 1826 dieitur

991 1851 1015 1885 4
1043 1849 1101 1886 46.

945 1909 1125 1957 indaginis
1150 1910 1255 1945 modo
1279 1912 1311 1945 Α
1336 1908 1396 1946 37.

943 1969 1027 2003 inde
1052 1969 1150 2013 vilis,
1181 1981 1252 2004 non
1278 1970 1363 2006 inde
1390 1970 1521 2006 debilis
1549 1969 1667 2009 ¹314.

947 2028 1071 2063 indere
1104 2029 1256 2065 hostiles
1289 2032 1462 2075 spiritns,
1499 2040 1570 2065 non
1605 2031 1668 2064 in-

993 2090 1103 2123 duere
1130 2091 1159 2123 tl
1187 2090 1211 2123 4
1237 2091 1294 2126 57.

945 2148 1053 2183 index
1084 2150 1126 2184 15
1153 2150 1213 2193 55,
1242 2150 1287 2185 16
1310 2150 1346 2185 8.

946 2208 1163 2243 indicativus
1188 2208 1313 2243 modus
1339 2211 1376 2243 in
1402 2208 1551 2255 apodosi
1581 2218 1669 2246 sen-

994 2270 1130 2303 tentiae
1158 2268 1411 2303 conditionalis
1434 2270 1450 2303 1
1479 2270 1539 2314 42,
1569 2271 1613 2305 15
1633 2269 1668 2306 6.

993 2330 1020 2364 H
1053 2331 1070 2363 1
1105 2330 1160 2364 15.
1207 2330 1243 2363 in
1275 2330 1461 2363 enuntiato
1500 2328 1670 2376 obliquae

989 2389 1202 2424 allocutioni
1239 2390 1454 2434 interposito
1494 2388 1518 2425 2
1543 2388 1597 2431 26
1634 2394 1670 2424 et

992 2450 1053 2492 81,
1089 2450 1112 2484 3
1137 2450 1211 2493 69,
1257 2449 1300 2485 16
1331 2454 1362 2484 i.
1404 2455 1486 2494 post
1520 2450 1669 2485 verbum

989 2509 1251 2544 substantivum
1292 2512 1470 2556 sequente
1514 2509 1668 2545 relativo

995 2571 1024 2604 H
1050 2570 1073 2604 3
1102 2570 1159 2605 77.

942 2629 1157 2664 indiscretus
1184 2631 1207 2664 i.
1237 2641 1269 2664 e.
1301 2639 1393 2676 quae
1417 2628 1575 2665 discerni
1600 2638 1669 2665 ne-

993 2694 1128 2735 queunt
1149 2691 1190 2725 15
1219 2691 1276 2725 74.
1303 2699 1395 2735 quae
1423 2688 1572 2725 dissolvi
1597 2697 1669 2724 non

993 2754 1143 2794 possunt
1165 2752 1190 2784 11
1220 2750 1243 2784 4
1269 2751 1328 2786 52.

943 2810 1171 2844 indolescere
1200 2811 1223 2844 3
1252 2811 1309 2845 73.

948 2868 1098 2903 induere
1138 2875 1174 2904 et
1199 2870 1323 2904 indere
1356 2869 1384 2905 ll
1410 2868 1435 2904 4
1461 2870 1520 2905 57.
1559 2869 1584 2905 i.
1608 2869 1670 2904 *as-

998 2929 1132 2964 fectum
1164 2929 1192 2965 Ο
1223 2929 1258 2965 6.
