1768 3216
70 255 92 279 a
119 241 160 280 c.
185 233 243 280 69.
575 243 712 279 LiBEn
739 243 801 279 ιν.
853 244 940 278 cn.
969 243 1126 280 22-24.
1497 245 1569 279 303

70 373 165 404 sere
196 361 362 415 vallum,
396 362 597 416 adpositis
626 362 815 417 plerique
839 362 980 414 scalis,
1014 361 1082 403 alii
1102 374 1178 416 per
1193 361 1444 404 testudinem
1466 372 1573 404 suo-

69 450 174 480 rum.
234 438 584 492 scandebantque
612 439 691 480 iam
725 437 922 492 quidam,
972 450 1061 479 cum
1092 437 1243 492 gladiis
1285 440 1325 478 et
1365 449 1572 501 anum

72 513 243 580 inQu
272 514 533 568 praecipitati
565 513 736 555 sudibus
783 517 823 554 et
862 512 956 567 pilis
999 512 1255 565 obruuntur,
1302 512 1573 566 praeferoces

73 588 191 629 initio
225 592 266 629 et
296 589 423 630 rebus
464 588 660 630 secundis
709 587 838 628 nimii.
901 587 983 630 Sed
1031 591 1115 628 tum
1162 587 1346 641 praedae
1382 585 1576 640 cupidine

74 661 251 704 adversa
287 675 451 717 quoque
482 663 730 705 tolerabant.
792 662 1005 704 Machinas
1045 662 1183 714 etiam,
1229 655 1439 703 insolitum
1480 660 1608 712 sibi,⁵
1699 710 1725 727 ,a

77 737 180 778 ausi.
241 738 329 780 Nec
362 737 442 779 ulla
473 737 575 791 ipsis
605 737 814 807 sollertia:
844 737 1049 792 perfugae
1097 737 1330 791 captivique
1369 735 1578 777 docebant
1618 723 1764 801 “⁴³25ss

1623 796 1716 814 affluo-a

74 815 237 853 struere
269 812 464 877 materias
497 813 538 853 in
570 812 735 854 modum
767 812 931 866 pontis,
971 823 1069 852 mox
1111 811 1312 853 subiectis
1341 811 1444 852 rotis
1473 821 1577 864 pro-
1634 818 1729 872 ‘f-..ss

73 886 242 941 pellere,
270 891 314 927 ut
342 886 412 928 alii
443 892 726 941 superstantes
758 891 963 940 tamquam
995 899 1047 928 ex
1074 898 1234 940 aggere
1255 886 1577 939 proeliarentur,

72 972 169 1015 pars
198 961 306 1002 intus
339 961 492 1002 occulti
538 974 678 1003 muros
722 961 985 1003 subruerent.
1049 960 1132 1003 Sed
1178 972 1357 1002 excussa
1401 959 1577 1002 ballistis

71 1048 173 1078 saxa
204 1039 393 1077 stravere
426 1036 603 1078 informe
635 1048 751 1090 opus,
810 1035 861 1077 Et
892 1040 1028 1078 crates
1059 1036 1288 1088 vineasque
1333 1035 1574 1089 parantibus
1594 1045 1631 1073 ιιι

73 1109 248 1152 adactae
279 1110 497 1152 tormentis
529 1111 725 1152 ardentes
757 1110 918 1163 hastae,
950 1109 1142 1164 ultroque
1169 1110 1246 1163 ipsi
1268 1114 1576 1165 oppugnatores

74 1185 239 1239 ignibus
267 1185 529 1238 petebantur,
563 1185 700 1228 donec
730 1185 947 1239 desperata
981 1185 1023 1226 vi
1044 1189 1258 1226 verterent
1283 1185 1502 1226 consilium
1520 1185 1576 1235 „ad
1605 1211 1634 1253 ᾧ
1670 1204 1766 1246 sm„

74 1270 228 1311 moras,
260 1258 370 1300 haud
391 1259 526 1313 ignari
556 1271 784 1313 paucorum
817 1259 976 1300 dierum
1008 1259 1148 1301 inesse
1180 1259 1374 1301 alimenta
1407 1239 1469 1300 et„
1515 1242 1694 1313 dyst)
1718 1304 1727 1308 Ἢ

74 1337 158 1374 tum
190 1333 368 1375 imbellis
386 1333 557 1387 Qljbsse·
620 1333 748 1376 Simul
780 1347 833 1375 cx
863 1333 1002 1387 inopia
1033 1333 1214 1387 proditio
1248 1338 1289 1374 et
1330 1334 1439 1376 fluxa
1485 1324 1580 1376 ser-

1488 1313 1549 1325 *
1678 1305 1692 1335 i

4 1410 61 1450 24
75 1382 405 1450 vms
437 1422 486 1450 ac
520 1408 686 1450 fortuita
716 1408 815 1450 belli
855 1408 1141 1462 sperabantur.
1202 1408 1374 1450 Flaccus
1414 1396 1633 1450 interimis

78 1482 250 1537 cognito
283 1486 515 1524 castrorum
547 1483 714 1524 obsidio
733 1514 744 1535 ,
795 1487 834 1524 et
863 1483 1003 1525 missis
1033 1495 1109 1537 per
1141 1482 1294 1525 Gallias
1327 1483 1396 1537 qui
1427 1483 1581 1525 auxilia

75 1557 321 1610 concirent,
364 1557 497 1598 lectos
530 1570 552 1598 e
587 1557 824 1612 legionibus
853 1557 977 1598 Dillio
1009 1557 1193 1599 Voculae
1226 1557 1582 1599 duoetvieesimae

79 1630 262 1686 legionis
294 1630 440 1689 legato*
465 1631 621 1684 tradit,
653 1636 697 1672 ut
727 1644 846 1685 quam
879 1633 1069 1674 maximis
1095 1645 1170 1686 per
1199 1632 1331 1687 ripam
1363 1633 1582 1675 itineribus
1621 1681 1642 1697 Η

76 1704 294 1758 celeraret,
328 1681 715 1759 ipsesrsffi‘vffffis]
744 1706 949 1748 invalidus
973 1719 1167 1761 corpore,
1191 1707 1351 1749 invisus
1369 1708 1579 1750 militibus.
1680 1695 1693 1719 ‘¹

384 1758 659 1775 m

83 1780 228 1834 Neque
256 1780 366 1822 enim
397 1780 590 1835 ambigue
624 1770 856 1823 fremebant
878 1781 1067 1837 emissas
1100 1795 1122 1823 a
1155 1782 1424 1837 Mogontiaco
1455 1782 1584 1825 Bata·
1597 1792 1636 1821 πο

219 1913 249 1945 1.
287 1911 368 1957 adp.
397 1910 475 1945 Ma:
502 1922 582 1957 app.
612 1911 651 1947 G.
753 1913 962 1947 tustudinem
989 1911 1055 1946 Ma.

78 1959 111 1994 7.
137 1959 306 1994 materias
333 1959 437 1994 GMflz
464 1961 648 1995 machinas
675 1961 764 2006 Reg.
835 1961 868 1996 9.
898 1961 1042 1995 occultis
1067 1973 1166 1995 muro
1194 1961 1268 1996 Ma:
1298 1962 1325 1997 G
1351 1964 1480 1998 occulti
1503 1976 1584 1998 mu-

75 2018 145 2041 ros.
213 2007 361 2042 ballistis
388 2007 461 2043 Ma:
491 2009 624 2043 balistis
652 2009 690 2044 G.
759 2011 813 2044 11.
842 2016 940 2044 astae
967 2009 1033 2045 Ma.
1101 2011 1175 2056 obp.
1202 2010 1267 2046 Ma.
1336 2011 1391 2047 14.
1416 2013 1487 2047 inb.
1517 2012 1582 2048 Ma.

80 2055 134 2090 17.
162 2067 180 2089 e
205 2055 306 2091 deest
332 2056 437 2100 GM²¹;
476 2059 648 2092 insertum
677 2063 732 2092 est
756 2058 791 2091 in
822 2058 929 2093 Corb.
959 2063 994 2093 et
1024 2070 1044 2092 a
1070 2058 1229 2093 Pichena
1255 2065 1402 2094 auctore
1431 2061 1582 2096 Mureto.

76 2104 389 2139 duoetvicensimae
417 2104 481 2141 Ma.
537 2107 593 2142 19.
621 2108 707 2140 navi
731 2113 848 2141 vectus
875 2107 1013 2141 editor:
1043 2106 1096 2141 Ma
1124 2113 1159 2142 et
1186 2108 1247 2142 alii
1275 2110 1434 2152 navibus,
1463 2109 1490 2144 G
1514 2121 1585 2156 pa-

75 2152 184 2187 vidus.
261 2154 319 2190 20.
349 2154 533 2200 ambiguae
560 2154 625 2189 Ma.
682 2156 851 2201 finiebant
878 2157 1140 2203 (praemebant)
1167 2157 1220 2190 Ma
1248 2162 1283 2191 et
1310 2160 1442 2193 ceteri:
1474 2160 1583 2193 tacite

78 2203 233 2235 correxit
260 2202 466 2237 Rhenanus.
545 2204 771 2249 Moqontiaco
802 2204 876 2238 Ma:
912 2206 1143 2250 maqoncicico
1172 2205 1211 2239 G.

1154 1915 1188 1949 2.
1215 1914 1484 1960 scandebanque
1511 1914 1577 1950 Ma.

79 2316 211 2350 dictum
236 2316 281 2350 ad
306 2316 366 2350 XII
391 2319 448 2352 33.
483 2317 624 2352 Armati
642 2319 795 2353 Romani

911 2320 1040 2365 9ladiis
1066 2326 1097 2353 et
1118 2331 1296 2354 armorum
1314 2321 1477 2354 incussu:
1504 2321 1586 2368 gla-

78 2366 172 2398 iuste
202 2365 431 2408 dicerentur,
470 2367 498 2399 si
528 2366 676 2400 aliarum
703 2378 796 2412 gen-

865 2367 932 2401 diis
952 2369 1135 2413 scutisque
1151 2369 1303 2402 militum
1319 2370 1354 2401 in
1380 2369 1475 2403 vallo
1495 2381 1586 2404 con-

78 2414 165 2446 tium
192 2415 315 2447 armati
343 2415 530 2458 compositi
560 2420 692 2449 essent.

151 2460 236 2507 Cap.
253 2463 311 2497 23.
343 2462 494 2496 obsideri
516 2464 692 2508 premique
705 2464 797 2498 Ger-

78 2511 236 2544 manias.-
270 2510 483 2545 Germaniae
509 2511 544 2545 h.
567 2511 590 2546 l.
620 2517 688 2546 tam
710 2523 797 2557 pro-

79 2559 217 2593 vincias
259 2559 434 2593 Romanas
474 2562 508 2594 in
549 2559 686 2595 Gallica
720 2562 798 2605 ripa

80 2617 182 2651 quam
225 2606 438 2642 Germaniae
494 2610 638 2652 proprie
680 2609 796 2643 dictae

80 2659 209 2688 terram
235 2656 553 2700 comprehendunt,
575 2659 796 2692 utmonitum

80 2703 123 2737 ad
151 2714 181 2736 c.
215 2704 268 2737 17.

150 2762 222 2784 non
248 2751 324 2784 loco
349 2762 459 2795 neque
495 2753 715 2786 munimentis
741 2753 799 2786 la-

80 2798 142 2832 bor
167 2799 323 2833 additus:
358 2801 576 2834 munimenta
603 2805 637 2834 et
663 2801 797 2836 vallum

80 2848 159 2880 sine
200 2847 323 2881 labore
363 2852 397 2881 et
435 2858 558 2892 parum
604 2847 800 2895 diligenter

79 2897 195 2940 posita
222 2900 342 2939 erant,
381 2895 482 2931 locus
509 2907 578 2930 non
606 2904 798 2943 praerupte

81 2946 224 2978 excisus
267 2949 327 2978 aut
352 2948 469 2980 terrae
499 2950 652 2991 aggestu
678 2947 714 2979 in
740 2947 797 2981 al..

79 2997 152 3028 tum
180 2993 308 3028 editus.

186 3078 310 3110 Tacitus
331 3078 383 3108 111.

865 2417 1089 2459 sistentium3
1128 2428 1230 2450 arma
1262 2417 1419 2463 intelligi
1448 2418 1585 2463 clipeos

866 2465 923 2498 vel
960 2471 1060 2499 scuta
1103 2464 1259 2499 additum
1294 2467 1436 2500 incussu
1474 2479 1586 2514 argu-

867 2518 986 2547 mento
1016 2518 1090 2557 est;
1122 2514 1167 2548 cf.
1200 2526 1229 2548 c.
1259 2514 1327 2557 29,
1355 2514 1414 2547 ubi
1439 2514 1585 2562 propel-

867 2561 940 2596 lere
966 2563 1112 2596 umbone
1139 2562 1231 2596 idem
1259 2562 1417 2597 denotat.

942 2610 1028 2655 Cap.
1062 2611 1120 2646 24.
1171 2610 1365 2654 celeraret,
1402 2613 1475 2657 ipse
1502 2612 1587 2644 navi

867 2665 1002 2700 vectus,
1043 2658 1220 2693 invalidus
1248 2671 1413 2705 corpore,
1455 2660 1588 2692 invisus

868 2707 1052 2741 militibus:
1098 2707 1190 2740 malo
1225 2717 1395 2741 successu
1430 2706 1588 2740 Pichena

867 2755 1095 2789 scribendum
1136 2756 1271 2788 suasit:
1319 2756 1391 2800 ipse
1427 2754 1586 2799 paviduS,

868 2803 1044 2837 invalidus
1071 2814 1240 2847 corpore,
1275 2804 1346 2836 inv.
1376 2803 1468 2845 mit„
1517 2813 1587 2847 quo

868 2852 1013 2896 gravius
1039 2851 1141 2884 ulcus
1175 2851 1235 2883 vix
1273 2861 1314 2884 ac
1341 2861 1386 2884 ne
1416 2851 1476 2884 vix
1506 2852 1588 2895 qui-

867 2900 945 2933 dem
972 2899 1165 2944 obtegitur.
1195 2899 1254 2933 Sic
1282 2899 1376 2932 enim
1406 2899 1449 2932 de
1467 2898 1589 2933 Flacci

869 2958 887 2981 e
927 2947 1155 2992 Mogontiaco
1189 2947 1416 2991 profectione
1450 2946 1588 2981 nullum

867 2995 1015 3030 verbum
1053 2995 1258 3039 praecedit,
1303 3001 1338 3030 et
1373 3000 1494 3030 tamen
1526 2995 1590 3030 ille

1320 3062 1373 3105 20
