1768 3216
114 247 184 283 394
705 242 1014 279 fflSTORIAvau
1400 257 1432 282 a.
1459 256 1495 282 u.
1522 245 1607 293 823.

115 344 251 418 plures
284 373 403 416 quam
432 371 506 414 pro
537 369 709 400 numero
746 357 967 400 audebant.
1016 359 1250 402 obstinatio
1285 359 1387 403 viris'
1418 361 1612 404 feminis:-

116 451 194 492 que
224 450 298 490 par
308 451 318 487 3
349 448 397 477 ac
428 435 463 476 si
497 434 724 475 transferre
755 434 880 476 sedes
899 439 1164 490 cogerentur,
1195 435 1330 477 maior
1348 435 1459 478 vitae
1480 441 1612 479 metus

116 525 234 566 quam
265 510 424 551 mortis.
486 510 600 551 Hanc
637 510 841 552 adversus
871 510 1016 552 urbem
1038 515 1288 566 gentemque
1310 511 1466 554 Caesar
1483 511 1610 564 Titus,

115 585 279 639 quando
323 585 497 639 impetus
535 589 575 627 et
614 585 749 627 subita
794 585 892 626 belli
938 585 1054 627 loeus
1105 587 1334 640 abnueret,
1384 580 1613 642 aggeribus

83 661 328 714 svineisque
373 663 535 702 certare
573 660 725 702 statuit.
796 661 1060 703 Dividuntur·
1086 661 1323 714 legionibus
1361 662 1525 715 munia,
1574 665 1614 703 et

114 736 230 788 quies
263 734 513 788 proeliorum
544 720 631 787 suit,
665 735 801 777 donec
835 739 985 778 cuncta
1019 737 1307 792 expugnandis
1335 736 1506 778 urbibus
1542 749 1616 778 re-

112 813 226 864 perta
260 809 364 862 apud
397 814 564 851 veteres
598 814 667 851 aut
693 811 815 852 novis
847 811 1030 866 ingeniis
1060 815 1330 854 struerentur.

250 884 304 924 At
337 883 478 925 Civilis
510 889 604 938 post
633 885 780 927 malam
811 885 853 926 in
890 885 1071 928 Treviris
1102 899 1281 942 pugnam
1315 891 1508 941 reparato
1540 897 1616 941 per
1629 890 1684 930 14

115 959 375 1001 Germaniam
407 959 592 1001 exercitu
627 960 733 1014 apud
766 961 916 1003 Vetera
949 965 1083 1003 castra
1115 962 1328 1015 consedit,
1360 965 1470 1003 tutus
1501 961 1612 1015 loeo,

65 1044 101 1073 ιο
115 1037 154 1074 et
187 1037 229 1073 ut
260 1034 458 1075 memoria
491 1046 782 1088 prosperarum
828 1035 913 1076 illic
951 1047 1088 1077 rerum
1136 1040 1414 1092 augescerent
1460 1034 1616 1077 barba-

112 1119 251 1149 rorum
286 1109 424 1150 animi.
485 1110 659 1151 Secutus
691 1114 754 1152 est
786 1110 933 1152 eodem
985 1110 1186 1163 Cerialis,
1233 1111 1451 1165 duplicatis
1483 1110 1614 1165 copiis

114 1182 292 1224 adventu
322 1183 534 1226 secundae
565 1188 606 1226 et
649 1189 792 1227 sextae
839 1189 879 1227 et
929 1189 1101 1239 quartae
1148 1186 1348 1229 decumae
1388 1186 1613 1242 legionum.
1676 1217 1678 1219 »

113 1258 398 1312 Cohortesque
418 1263 458 1301 et
485 1259 576 1302 alae
605 1260 686 1302 iam
715 1260 872 1314 pridem
907 1261 1068 1302 accitae
1097 1265 1192 1315 post
1217 1261 1434 1303 victoriam
1460 1272 1616 1316 prope-

111 1337 317 1374 raverant.
394 1334 548 1376 Neuter
596 1334 744 1377 ducum
796 1339 1025 1384 cunctator.
1101 1335 1182 1378 Sed
1228 1335 1397 1378 arcebat
1438 1335 1613 1378 latitudo

62 1418 98 1448 ¹5
114 1420 350 1463 camporum
384 1413 530 1463 suopte
560 1409 732 1465 ingenio
763 1410 1029 1453 humentium.
1089 1410 1325 1452 Addiderat
1355 1410 1498 1453 Civilis
1533 1411 1614 1465 ob-

110 1482 263 1538 liquam
309 1486 351 1526 in
395 1484 581 1527 Rhenum
627 1485 805 1539 molem,
856 1486 972 1528 cuius
1019 1486 1186 1529 obiectu
1226 1485 1439 1528 revolutus
1483 1485 1615 1528 amnis

654 1555 744 1563 ..a-—

250 1651 284 1685 4.
311 1651 387 1696 inp.
416 1650 480 1685 Ma.

113 1698 140 1732 G
166 1699 320 1733 treuiris.

114 1747 141 1780 G
166 1748 430 1784 seztedecimae.

114 1795 141 1830 G
169 1796 392 1832 humentium.

565 1651 600 1686 8.
629 1651 726 1685 mala
751 1650 826 1686 Ma:
858 1650 885 1685 G
908 1650 1016 1685 malci.
1113 1651 1270 1686 Treveris
1298 1651 1407 1685 tacite
1435 1649 1614 1686 Orellius:

408 1700 442 1735 9.
473 1706 592 1734 castra
619 1710 674 1734 om
705 1700 857 1745 Lipsius,
963 1701 1016 1736 12.
1045 1706 1165 1735 sextae
1191 1701 1392 1735 Mercerus:
1419 1698 1474 1734 Ma
1499 1699 1614 1743 XVI„

500 1754 656 1794 »quartae
682 1749 864 1797 decumae]
894 1748 1011 1783 XIIII
1035 1748 1131 1783 Giufi.
1239 1749 1294 1784 15.
1324 1749 1513 1784 amentium
1539 1747 1614 1784 Ma:

114 1930 344 1977 interfuere),
363 1931 563 1975 respiciens
583 1931 735 1965 aliorum
752 1932 826 1965 dis-

114 1983 300 2022 crepantes
346 1980 569 2013 narrationes
593 1991 602 2013 :
662 1980 825 2014 nonnulli

115 2028 208 2061 enim
224 2028 415 2071 scriptores
442 2028 476 2060 in
496 2029 608 2061 maius
627 2039 712 2061 vero
732 2029 826 2062 hunc

113 2085 311 2118 numerum,
340 2075 375 2108 id
404 2075 498 2120 quod
524 2076 599 2109 fieri
625 2077 731 2119 solet,
758 2088 824 2110 au-

114 2128 254 2166 xerunt,
293 2123 408 2157 veluti
453 2124 627 2168 Iosephus
666 2124 705 2158 B.
748 2125 822 2158 Iud.

116 2171 163 2206 vl
189 2172 211 2206 9
241 2173 276 2214 §.
304 2173 327 2206 3
364 2177 398 2206 et
425 2172 580 2206 Zonaras
611 2173 652 2206 Vl
679 2173 736 2214 26,
766 2174 824 2217 qui

113 2221 222 2254 totius
249 2220 449 2255 obsidionis
477 2226 636 2265 tempore
656 2221 826 2254 undecies

114 2274 266 2304 centena
300 2269 398 2304 milia
433 2274 468 2303 et
504 2270 654 2314 amplius
691 2271 827 2314 perisse

116 2318 287 2352 referunt.
335 2317 394 2352 Sic
429 2319 535 2352 etiam
570 2318 759 2353 Sallustius
792 2319 826 2351 in

111 2378 149 2401 re
178 2377 196 2400 a
224 2366 406 2411 plerisque
433 2367 538 2401 aliter
564 2372 704 2401 narrata
721 2366 826 2400 Catil.

111 2416 152 2450 δε
178 2415 297 2448 urbem
313 2416 473 2458 Romam,
500 2417 604 2449 sicuti
630 2427 691 2461 eyo
708 2416 831 2460 accepi

114 2463 177 2508 (ab
205 2464 461 2508 antiquissimis
477 2465 682 2497 auctoribus
701 2465 749 2497 ita
766 2474 829 2497 ac-

113 2512 210 2555 cepit
239 2511 343 2545 aliter
367 2514 579 2545 recentioris
596 2513 723 2546 aetatis
743 2522 830 2544 suae

113 2561 340 2605 scriptores),
369 2560 556 2593 condidere
575 2566 677 2604 atque
696 2560 830 2593 habue-

113 2621 152 2642 re
178 2609 222 2641 ab
256 2609 356 2641 initio
396 2608 549 2641 Troiani.
592 2608 831 2653 Negligenler

114 2662 149 2691 et
178 2656 269 2690 falso
300 2655 447 2690 Orosius
475 2656 534 2691 Vll
561 2657 604 2692 9:
632 2657 699 2690 DC
733 2656 831 2689 milia

120 2705 331 2740 Iudaeorum
357 2706 547 2750 interfecta
576 2705 760 2739 Cornelius
800 2710 831 2737 et

115 2755 302 2787 Suetonius
326 2755 498 2798 referunt.
528 2754 767 2797 Hieronymus
794 2752 829 2785 in

117 2802 320 2836 Chronico:
355 2802 446 2836 Titus
482 2803 617 2837 Iudaea
656 2808 760 2847 capta
801 2807 834 2835 et

117 2851 365 2895 Hierosolymis
376 2851 547 2885 subversis
557 2857 723 2884 seaecenta
734 2850 832 2883 milia

115 2899 270 2933 virorum
312 2900 501 2944 interfecit.
551 2899 716 2945 Iosephus
750 2910 831 2933 vero

116 2946 236 2980 scribit
259 2947 422 2981 undecies
449 2954 597 2982 centena
624 2947 721 2982 milia
740 2951 833 2993 [ame

118 2999 150 3027 et
174 2993 292 3039 yladio
317 2996 461 3040 perisse.
492 2994 545 3030 De
563 2995 715 3031 formula
732 2996 834 3031 virile

898 1944 942 1966 ac
966 1930 1133 1965 muliebre
1155 1942 1253 1966 secus
1277 1941 1312 1965 v.
1343 1933 1468 1964 annot.
1505 1928 1550 1963 ad
1583 1928 1615 1963 11

897 1981 945 2015 84
971 1985 1005 2014 et
1031 1980 1079 2013 lV
1106 1980 1164 2014 62.

968 2029 1112 2073 impetus
1148 2033 1180 2061 et
1212 2027 1327 2060 subita
1359 2026 1440 2060 belli
1479 2027 1617 2072 (Slurm

896 2077 968 2110 vend
992 2076 1295 2110 unvorbereiteten
1321 2074 1470 2121 Kampf)
1486 2086 1497 2107 .-
1524 2084 1615 2119 qua-

896 2126 940 2160 lis
966 2126 1111 2170 impetus
1137 2124 1296 2166 dicatur,
1328 2123 1456 2156 additis
1491 2122 1611 2156 verbis

898 2174 1012 2208 subita
1042 2172 1123 2206 belli
1149 2172 1362 2206 declaratur.

971 2222 1068 2255 novis
1085 2222 1258 2266 ingeniis:
1284 2220 1430 2265 ingenia
1454 2219 1486 2253 h.
1508 2218 1531 2252 l.
1552 2228 1614 2263 pro

899 2270 1101 2304 hominibus
1149 2270 1350 2315 ingeniosis
1395 2267 1490 2302 dicta
1537 2277 1617 2302 esse

899 2319 1091 2353 observes:
1121 2319 1166 2352 cf.
1197 2318 1208 2351 1
1246 2319 1260 2350 1
1294 2318 1424 2351 decora
1452 2317 1611 2361 ingenia,

900 2367 943 2401 lV
971 2369 1016 2402 35
1049 2368 1180 2413 punitis
1214 2367 1364 2412 ingeniis
1399 2365 1514 2411 gliscit
1548 2376 1616 2398 au·-

899 2418 1055 2450 ctoritas.
1085 2415 1126 2449 H.
1147 2415 1159 2448 l
1186 2417 1201 2449 1
1221 2426 1353 2460 magma
1368 2414 1431 2447 itta
1455 2413 1616 2459 inyem'a.

901 2464 941 2499 O.
974 2467 987 2497 l
1019 2465 1242 2507 antiquorum
1269 2463 1430 2507 inqem‘is.
1540 2469 1554 2474 '

974 2511 1060 2555 Cap.
1095 2511 1149 2545 14.
1178 2511 1223 2544 At
1251 2511 1395 2544 Civilis.-
1427 2509 1470 2543 ad
1498 2520 1615 2543 rerum

901 2562 935 2593 in
956 2559 1152 2594 Occidente
1179 2563 1357 2604 gestarum
1386 2557 1546 2591 ordinem
1574 2557 1614 2590 H.

901 2608 946 2641 IV
976 2608 1021 2643 79
1047 2607 1211 2641 relictum
1239 2607 1442 2641 revertitur.
1528 2617 1616 2650 pro-

900 2668 1082 2702 sperarum
1107 2656 1182 2690 illic
1207 2667 1347 2690 rernm:
1374 2666 1409 2689 v.
1438 2655 1479 2689 H.
1507 2653 1618 2688 1V28

900 2716 975 2750 sqq.
1005 2710 1041 2739 et
1069 2706 1116 2740 33
1144 2709 1179 2738 et
1205 2704 1359 2739 55—60.

973 2759 1111 2790 sextae:
1152 2754 1188 2786 in
1228 2753 1398 2786 librorum
1442 2751 1616 2795 scriptura

902 2802 982 2836 XVI
999 2807 1083 2835 nota
1099 2803 1127 2835 X
1146 2813 1189 2835 ex
1208 2801 1451 2846 subsequente
1467 2809 1616 2833 numero

902 2850 1197 2894 Xllllperperam
1226 2851 1310 2883 huic
1327 2849 1514 2882 adhaesit:
1541 2849 1616 2882 sci-

904 2899 989 2932 licet
1015 2899 1113 2945 legio
1141 2903 1243 2932 sexta
1268 2898 1404 2931 decima
1432 2906 1503 2929 non
1530 2900 1615 2929 tunc

904 2947 1061 2990 advenit,
1092 2947 1153 2981 sed
1183 2946 1242 2980 diu
1274 2947 1309 2979 in
1346 2946 1506 2978 exercitu
1543 2943 1616 2978 Ce-

903 2995 1002 3030 rialis
1035 3000 1121 3039 erat,
1151 2999 1188 3029 ut
1207 2994 1338 3030 clarum
1358 3004 1401 3027 ex
1421 2992 1461 3028 H.
1491 2991 1539 3027 lv
1557 2990 1614 3034 72,
