1768 3216
133 216 182 252 ·72
742 212 1007 248 GERMANIAE

135 333 340 385 terrisque
371 332 509 373 inesse
542 330 818 382 crediderim3
851 342 957 384 quae
988 331 1115 373 vicini
1146 331 1247 374 solis
1280 332 1410 374 radiis
1427 344 1624 386 expressa

138 412 259 460 atque
289 405 486 458 liquentia
517 405 557 445 iu
584 405 820 458 proximum
848 418 963 448 mare
993 405 1207 458 labuntur,
1251 418 1300 447 ac
1330 406 1372 447 vi
1402 409 1626 459 tempesta-

135 486 217 521 tum
248 480 289 520 in
322 473 499 521 adversa
530 479 650 521 litora
681 480 904 522 exundant.
967 480 1010 522 Si
1039 484 1227 522 naturam
1258 480 1418 522 succini
1459 479 1626 522 admoto

135 554 221 608 igni
252 558 441 607 temptes,
488 554 528 594 in
559 554 727 595 modum
756 554 903 596 taedae
935 554 1192 607 accenditur,
1240 554 1392 608 alitque
1422 554 1627 596 flammam

105 628 330 683 spinguem
362 632 403 669 et
436 627 637 679 olentem;
667 640 764 670 mox
793 632 837 669 ut
867 629 907 669 in
937 629 1072 682 picem
1105 629 1342 671 resinamve
1371 629 1593 671 lentescit„

269 702 491 744 Suionibus
525 702 711 745 Sitonum
744 707 892 757 gentes
927 703 1230 745 continuantur.
1295 703 1442 745 Cetera
1470 701 1626 745 similes

133 788 216 817 uno
249 775 458 829 differunt,
492 776 601 830 quod
635 777 787 818 semina
818 777 1076 819 dominatur:
1130 777 1170 818 in
1203 781 1357 819 tantum
1386 788 1470 818 non
1502 767 1626 819 modo

135 864 158 892 a
203 850 393 893 libertate
437 850 512 893 sed
549 850 673 893 etiam
705 865 727 893 a
758 852 959 894 servitute
991 852 1266 907 degenerant.

133 924 240 965 finis.

209 1071 239 1104 1.
267 1070 389 1104 radius
416 1070 440 1103 P
466 1081 544 1104 cum
571 1070 765 1105 nonnullis.

133 1130 222 1200 nuni.)
241 1118 293 1152 P.-
322 1120 431 1153 ceteri
458 1119 628 1154 Sitonum.

133 1178 173 1211 pr
226 1191 234 1200 .

823 1071 858 1106 4.
886 1071 961 1116 iyni
986 1076 1094 1106 tentes
1120 1071 1157 1105 P.
1209 1071 1308 1105 teclae
1334 1071 1371 1105 P.
1446 1071 1479 1106 6.

692 1131 776 1165 qens
802 1130 978 1164 superscr.
1006 1120 1049 1154 ab
1075 1119 1121 1153 al.
1150 1131 1194 1153 m.
1222 1126 1271 1154 tes
1296 1119 1334 1154 P.

329 1168 361 1202 7.
400 1168 535 1203 struitur
556 1168 581 1201 P
608 1171 690 1213 (pro
716 1168 876 1215 dantur).

132 1221 261 1249 nerant
291 1221 326 1249 et
352 1215 418 1248 litt.
447 1223 503 1251 tur
531 1217 672 1260 punctis
705 1217 846 1251 subnot.
874 1217 919 1250 P:
961 1217 1125 1261 plerique
1153 1217 1380 1262 degenerant.

1330 851 1406 893 Hic
1448 851 1627 895 Sueviae

1516 1070 1627 1105 sitho-

1402 1120 1629 1154 continuatur

954 1168 989 1203 8.
1020 1169 1204 1213 deyn’atur
1230 1178 1407 1212 superscr.
1434 1167 1478 1202 ab
1507 1166 1553 1202 al.
1580 1178 1627 1202 m.

1481 1216 1515 1251 9.
1539 1217 1628 1261 fines

132 1263 157 1297 P
184 1275 261 1297 cum
289 1264 492 1309 plerisque:
519 1265 599 1308 finis
629 1265 896 1299 Hummelianus
924 1270 959 1299 et
985 1265 1040 1300 ed.
1068 1264 1268 1299 Puteolani.

134 1424 409 1458 vehementiores
433 1425 472 1458 in
498 1430 632 1459 terram
645 1430 743 1459 actos
762 1426 846 1470 pin-

134 1484 234 1517 quem
258 1473 419 1506 sudorem
446 1473 484 1506 in
513 1484 555 1506 ea
582 1480 686 1519 parte
713 1473 848 1508 Oceani

134 1522 345 1565 relinquere,
364 1521 488 1555 deinde
504 1522 692 1556 aestatibus
710 1522 845 1567 (Μαιη-

132 1570 343 1615 pestatibus)
377 1571 416 1603 in
446 1570 700 1604 Germanorum
740 1571 848 1605 litora

137 1619 230 1653 eiici.
281 1618 380 1652 Hanc
404 1619 617 1653 sententiam
634 1618 775 1653 Tacitus
797 1621 847 1654 ita

137 1677 236 1700 suain
270 1666 376 1710 fecit,
420 1671 457 1700 ut
493 1673 614 1701 cetera
648 1668 846 1712 adoptaret,

138 1716 201 1748 sed
230 1724 292 1759 pro
319 1725 428 1749 succo
457 1716 633 1749 radiorum
675 1717 762 1750 solis
789 1728 847 1751 ar-

136 1763 234 1797 boris
262 1774 406 1798 succum
435 1764 680 1799 substitueret.

210 1859 328 1893 Verba
355 1871 442 1904 quae
470 1872 636 1907 eaepressa
669 1867 771 1906 atque
798 1862 846 1896 li-

136 1908 277 1951 quentia
311 1910 541 1953 grammatica
576 1911 715 1944 ratione
746 1910 845 1944 refe-

136 1960 259 1988 runtur
288 1955 330 1988 ad
359 1968 505 1990 nemora
528 1957 701 2002 lucosque,
726 1958 844 2004 logica

136 2003 179 2035 ad
207 2014 247 2036 ea
269 2013 359 2047 quac
374 2004 531 2038 sudando
551 2005 730 2047 dessuunt3
751 2006 845 2051 quod

136 2055 173 2082 ut
200 2050 277 2085 fieri
308 2050 450 2085 facilius
476 2050 607 2096 possit,
645 2054 763 2087 addito
788 2057 844 2098 se-

137 2099 309 2132 cundiora
347 2101 527 2143 provisum
571 2106 645 2134 est:
673 2112 753 2135 nam
787 2105 844 2147 se-

136 2147 309 2180 cundiora
360 2159 507 2182 nemora
561 2154 642 2182 sunt
694 2160 843 2194 quorum

134 2194 226 2228 silva
263 2199 383 2238 partus
431 2196 600 2241 quosdam
653 2198 756 2232 sudat
810 2204 845 2232 et

134 2248 310 2286 procreat.

196 2323 261 2357 Hic
286 2324 481 2370 adiungere
508 2337 579 2360 non
606 2327 761 2362 alienum
786 2330 844 2362 vi-

134 2372 236 2405 detur
262 2383 353 2416 quae
367 2373 523 2407 Berendt
549 2375 572 2409 l.
600 2387 630 2409 c.
659 2387 739 2422 pag.
759 2377 782 2411 8
801 2377 844 2411 de

133 2421 269 2453 succini
291 2421 491 2463 primordiis
512 2428 547 2457 ct
566 2430 692 2458 natura
715 2426 843 2469 explo-

134 2469 269 2502 ravisse
296 2468 363 2502 sibi
392 2471 489 2503 visus
517 2476 590 2504 est:

205 2549 254 2582 ‘In
292 2549 353 2583 der
393 2551 540 2596 Gegend
575 2553 636 2586 des
671 2547 843 2599 heuti¹gen

182 2597 390 2632 Samlandes
425 2600 569 2633 tauchte
612 2602 692 2635 eine
734 2602 842 2645 1nsel,

183 2645 270 2678 oder
296 2647 377 2680 eine
405 2647 661 2694 1nsclgruppe,
699 2651 756 2682 ein
782 2650 843 2683 In-

183 2693 319 2727 sellam]
347 2695 433 2729 oder
461 2697 518 2729 ein
550 2697 744 2731 Continent
770 2698 842 2740 auf,

186 2764 226 2768 -
258 2753 335 2775 man
363 2743 562 2780 bezeichue
600 2756 637 2779 cs
664 2747 736 2780 wie
764 2757 842 2779 man

187 2790 275 2832 wilt.
304 2791 360 2824 ich
380 2803 497 2826 nenne
519 2804 556 2828 cs
583 2793 842 2828 inselland!

190 2856 224 2860 —
243 2839 368 2872 wuchs
395 2852 436 2873 an
459 2841 611 2888 Uinfang
637 2842 707 2875 und
734 2843 843 2876 iiber-

186 2895 254 2931 zog
281 2886 378 2929 sich,
424 2888 634 2936 liegiinstigt
662 2900 731 2924 von
759 2891 843 2924 mil-

185 2931 261 2966 dem
289 2933 488 2980 Secklima,
526 2939 590 2972 mit
630 2939 842 2985 Vegetation

965 1427 1036 1460 und
1081 1425 1194 1461 Wald.
1246 1425 1374 1461 Dieser
1409 1427 1513 1462 Wald
1552 1438 1629 1462 war

964 1475 1023 1508 die
1040 1474 1302 1509 Geburtsstiitte
1327 1475 1390 1510 des
1406 1475 1627 1520 Bernsteins‚

967 1524 1003 1556 in
1030 1523 1102 1556 ihm
1119 1523 1336 1558 schwitzten
1355 1526 1514 1570 gewisse
1529 1524 1627 1559 Baiu-

966 1581 1022 1605 me
1051 1571 1106 1604 ihr
1122 1572 1213 1606 Harz
1234 1573 1274 1605 -in
1305 1582 1344 1605 so
1365 1571 1628 1607 unheschreib-

964 1619 1223 1666 licherMenge
1249 1631 1324 1663 aus,
1353 1620 1432 1654 dass
1460 1621 1518 1655 die
1542 1632 1627 1656 ver-

963 1668 1127 1702 sunkene
1168 1668 1521 1712 Vorrathskammer,
1562 1670 1625 1704 der

964 1716 1168 1762 ehemalige
1210 1716 1434 1751 Waldboden
1451 1744 1460 1760 ‚
1506 1718 1624 1752 davon

962 1765 1056 1798 noch
1088 1765 1182 1808 jetzt
1218 1775 1258 1799 so
1294 1765 1418 1800 erfultt
1458 1772 1513 1799 zu·
1544 1768 1623 1801 sein

963 1812 1116 1856 scheint,
1143 1814 1196 1847 als
1223 1817 1321 1848 wzire
1347 1815 1400 1848 sie
1427 1813 1538 1848 durch
1565 1815 1623 1849 die

962 1864 1081 1905 spiiter
1108 1862 1427 1908 eingebrochenen
1464 1862 1623 1898 Meeres-

962 1909 1097 1944 ssuthen
1125 1911 1196 1944 und
1222 1910 1332 1944 durch
1361 1910 1418 1945 die
1456 1910 1623 1958 unzzihli-

963 1969 1033 2002 gen
1081 1959 1150 1992 den
1196 1958 1316 1993 Ocean
1365 1958 1626 1994 Jahrtausende

963 2006 1048 2050 lang
1098 2006 1450 2045 durchwiihlenden
1484 2007 1626 2042 Stin-me

963 2059 1035 2086 crst
1073 2055 1172 2088 eines
1210 2056 1406 2100 geringen‚
1448 2055 1553 2088 kaum
1589 2056 1625 2089 in

961 2100 1146 2147 Auschlag
1174 2113 1216 2135 zu
1243 2102 1626 2148 bringenden'l'heiics

961 2149 1225 2184 ihreslnhaltes
1243 2150 1404 2185 beraubt.
1428 2151 1501 2185 Der
1516 2151 1626 2185 nord-

963 2197 1154 2232 westliche
1177 2199 1276 2232 Rand
1304 2198 1422 2233 dieses
1449 2199 1626 2234 ehemali-

963 2257 1033 2291 gen
1062 2246 1283 2281 Insellandes
1323 2248 1521 2282 erstreckte
1548 2248 1626 2283 sich

964 2294 1077 2328 hoher
1104 2294 1156 2328 als
1172 2295 1229 2329 die
1252 2295 1400 2342 beutige
1415 2295 1626 2331 Nordwest-

963 2342 1084 2385 Spitze
1130 2343 1325 2378 Samtands.
1387 2344 1510 2378 Neben
1554 2345 1626 2379 und

963 2390 1051 2424 iiber
1078 2390 1132 2424 ihr
1152 2391 1223 2436 lag,
1253 2393 1390 2426 meines
1408 2392 1620 2436 Erachtens‚

957 2439 1062 2481 jenes
1090 2439 1344 2474 urweltlichen
1366 2440 1510 2475 waldes
1532 2451 1625 2487 geo-

962 2486 1196 2532 graphischer
1210 2487 1452 2531 Mittelpunld,
1467 2489 1530 2522 der
1547 2489 1630 2524 sich

961 2534 1053 2567 noch
1081 2533 1190 2568 heute
1217 2536 1263 2568 im
1292 2535 1534 2570 Vorkommen
1561 2537 1624 2571 des

962 2583 1169 2616 Bernsteins
1208 2583 1260 2617 als
1297 2583 1442 2618 solcher
1478 2595 1522 2618 zu
1565 2595 1624 2618 er-

961 2631 1103 2664 kennen
1133 2631 1243 2676 giebt.
1294 2631 1355 2665 ich
1371 2632 1478 2666 stelle
1500 2633 1624 2668 diesen

963 2677 1222 2722 Centralpunkt
1243 2680 1276 2712 in
1292 2680 1359 2714 den
1377 2680 1623 2715 sudostlichen

961 2727 1061 2760 'l'heil
1093 2727 1155 2761 (les
1182 2728 1353 2773 heutigen
1374 2729 1624 2763 Ostsee-Bek-

960 2775 1049 2808 kens
1086 2781 1190 2809 unter
1226 2781 1321 2811 etwa
1353 2777 1418 2811 550
1449 2777 1523 2811 Lat.
1553 2778 1623 2811 und

960 2823 1121 2857 37-380
1146 2824 1270 2870 Long.’

993 2893 1152 2927 Sitonum
1185 2900 1304 2939 ⁸(Jentes
1350 2896 1622 2931 continuantur:

913 2940 1054 2977 Sitones
1078 2942 1269 2978 Suionibus
1296 2942 1339 2978 ad
1369 2943 1528 2978 dext-ram
1555 2943 1621 2978 ha-
