<?xml version="1.0" encoding="UTF-8"?>
<!DOCTYPE html PUBLIC "-//W3C//DTD XHTML 1.0 Transitional//EN"
    "http://www.w3.org/TR/xhtml1/DTD/xhtml1-transitional.dtd">
<html xmlns="http://www.w3.org/1999/xhtml" xml:lang="en" lang="en">
 <head>
  <title>
</title>
<meta http-equiv="Content-Type" content="text/html;charset=utf-8" />
  <meta name='ocr-system' content='tesseract 3.04.00' />
  <meta name='ocr-capabilities' content='ocr_page ocr_carea ocr_par ocr_line ocrx_word'/>
</head>
<body>
  <div class='ocr_page' id='page_1' title='image "./operaadcodicesan03taciuoft/operaadcodicesan03taciuoft_0362.png"; bbox 0 0 1768 3216; ppageno 0'>
   <div class='ocr_carea' id='block_1_1' title="bbox 127 225 1672 286">
    <p class='ocr_par' dir='ltr' id='par_1_1' title="bbox 127 225 1672 286">
     <span class='ocr_line' id='line_1_1' title="bbox 127 225 1672 286; baseline 0.009 -34"><span class='ocrx_word' id='word_1_1' title='bbox 127 261 147 284; x_wconf 36' lang='grc' dir='ltr'>φ</span> <span class='ocrx_word' id='word_1_2' title='bbox 165 234 239 281; x_wconf 43' lang='lat'>3524</span> <span class='ocrx_word' id='word_1_3' title='bbox 308 276 318 286; x_wconf 77' lang='lat'><strong>.</strong></span> <span class='ocrx_word' id='word_1_4' title='bbox 752 225 1062 261; x_wconf 70' lang='lat' dir='ltr'>insroiuAnvn</span> <span class='ocrx_word' id='word_1_5' title='bbox 1449 238 1482 263; x_wconf 82' lang='lat' dir='ltr'>a.</span> <span class='ocrx_word' id='word_1_6' title='bbox 1509 237 1545 263; x_wconf 83' lang='lat' dir='ltr'>u.</span> <span class='ocrx_word' id='word_1_7' title='bbox 1571 227 1672 267; x_wconf 73' lang='lat' dir='ltr'>823.v</span> 
     </span>
    </p>
   </div>
   <div class='ocr_carea' id='block_1_2' title="bbox 5 342 1735 1594">
    <p class='ocr_par' dir='ltr' id='par_1_2' title="bbox 3 342 1735 1594">
     <span class='ocr_line' id='line_1_2' title="bbox 165 342 1660 398; baseline -0.003 -8"><span class='ocrx_word' id='word_1_8' title='bbox 165 348 201 390; x_wconf 93' lang='lat' dir='ltr'>si</span> <span class='ocrx_word' id='word_1_9' title='bbox 233 347 458 390; x_wconf 86' lang='lat' dir='ltr'>exercitum</span> <span class='ocrx_word' id='word_1_10' title='bbox 489 344 742 396; x_wconf 87' lang='lat' dir='ltr'>invasisset,</span> <span class='ocrx_word' id='word_1_11' title='bbox 774 343 868 396; x_wconf 91' lang='lat' dir='ltr'>paci</span> <span class='ocrx_word' id='word_1_12' title='bbox 899 343 1093 398; x_wconf 85' lang='lat' dir='ltr'>belloque</span> <span class='ocrx_word' id='word_1_13' title='bbox 1123 343 1232 386; x_wconf 87' lang='lat' dir='ltr'>male</span> <span class='ocrx_word' id='word_1_14' title='bbox 1263 342 1514 387; x_wconf 84' lang='lat' dir='ltr'><strong>consuleret.</strong></span> <span class='ocrx_word' id='word_1_15' title='bbox 1574 344 1660 387; x_wconf 87' lang='lat' dir='ltr'>Le·-</span> 
     </span>
     <span class='ocr_line' id='line_1_3' title="bbox 165 407 1658 478; baseline -0.001 -15"><span class='ocrx_word' id='word_1_16' title='bbox 165 407 312 478; x_wconf 85' lang='lat' dir='ltr'>giones</span> <span class='ocrx_word' id='word_1_17' title='bbox 344 420 539 462; x_wconf 88' lang='lat' dir='ltr'>victrices</span> <span class='ocrx_word' id='word_1_18' title='bbox 573 422 690 460; x_wconf 83' lang='lat' dir='ltr'>sexta</span> <span class='ocrx_word' id='word_1_19' title='bbox 723 422 763 459; x_wconf 90' lang='lat' dir='ltr'>et</span> <span class='ocrx_word' id='word_1_20' title='bbox 789 423 953 472; x_wconf 89' lang='lat' dir='ltr'>octava,</span> <span class='ocrx_word' id='word_1_21' title='bbox 985 418 1299 460; x_wconf 87' lang='lat' dir='ltr'>Vitellianarum</span> <span class='ocrx_word' id='word_1_22' title='bbox 1316 419 1658 471; x_wconf 82' lang='lat' dir='ltr'>unaetvicesima,</span> 
     </span>
     <span class='ocr_line' id='line_1_4' title="bbox 166 492 1657 556; baseline -0.002 -18"><span class='ocrx_word' id='word_1_23' title='bbox 166 511 188 538; x_wconf 94' lang='lat' dir='ltr'>e</span> <span class='ocrx_word' id='word_1_24' title='bbox 219 507 367 556; x_wconf 81' lang='lat' dir='ltr'>recens</span> <span class='ocrx_word' id='word_1_25' title='bbox 400 494 649 548; x_wconf 77' lang='lat' dir='ltr'><strong>conscriptis</strong></span> <span class='ocrx_word' id='word_1_26' title='bbox 688 493 896 547; x_wconf 86' lang='lat' dir='ltr'>secunda,</span> <span class='ocrx_word' id='word_1_27' title='bbox 928 493 1122 535; x_wconf 87' lang='lat' dir='ltr'>Poeninis</span> <span class='ocrx_word' id='word_1_28' title='bbox 1153 493 1438 548; x_wconf 81' lang='lat' dir='ltr'><strong>Cottianisque</strong></span> <span class='ocrx_word' id='word_1_29' title='bbox 1467 492 1657 547; x_wconf 76' lang='lat' dir='ltr'>Alpibus,</span> 
     </span>
     <span class='ocr_line' id='line_1_5' title="bbox 164 567 1664 624; baseline -0.002 -12"><span class='ocrx_word' id='word_1_30' title='bbox 164 583 259 624; x_wconf 85' lang='lat' dir='ltr'>pars</span> <span class='ocrx_word' id='word_1_31' title='bbox 291 573 430 611; x_wconf 90' lang='lat' dir='ltr'>monte</span> <span class='ocrx_word' id='word_1_32' title='bbox 462 568 588 611; x_wconf 87' lang='lat' dir='ltr'>Graio</span> <span class='ocrx_word' id='word_1_33' title='bbox 620 569 912 620; x_wconf 84' lang='lat' dir='ltr'>traducuntur3</span> <span class='ocrx_word' id='word_1_34' title='bbox 945 573 1090 623; x_wconf 87' lang='lat' dir='ltr'>quarta</span> <span class='ocrx_word' id='word_1_35' title='bbox 1121 569 1297 611; x_wconf 90' lang='lat' dir='ltr'>decuma</span> <span class='ocrx_word' id='word_1_36' title='bbox 1318 568 1432 624; x_wconf 88' lang='lat' dir='ltr'>legio</span> <span class='ocrx_word' id='word_1_37' title='bbox 1453 567 1664 612; x_wconf 83' lang='lat' dir='ltr'>eBritan-</span> 
     </span>
     <span class='ocr_line' id='line_1_6' title="bbox 132 643 1195 697; baseline 0.001 -13"><span class='ocrx_word' id='word_1_38' title='bbox 132 644 247 697; x_wconf 85' lang='lat' dir='ltr'>⁵nia,</span> <span class='ocrx_word' id='word_1_39' title='bbox 278 648 394 685; x_wconf 87' lang='lat' dir='ltr'>sexta</span> <span class='ocrx_word' id='word_1_40' title='bbox 426 656 475 684; x_wconf 89' lang='lat' dir='ltr'>ac</span> <span class='ocrx_word' id='word_1_41' title='bbox 507 643 681 685; x_wconf 85' lang='lat' dir='ltr'>decuma</span> <span class='ocrx_word' id='word_1_42' title='bbox 714 656 766 684; x_wconf 86' lang='lat' dir='ltr'>ex</span> <span class='ocrx_word' id='word_1_43' title='bbox 794 643 994 697; x_wconf 82' lang='lat' dir='ltr'>Hispania</span> <span class='ocrx_word' id='word_1_44' title='bbox 1021 643 1195 685; x_wconf 86' lang='lat' dir='ltr'>accitae.</span> 
     </span>
     <span class='ocr_line' id='line_1_7' title="bbox 295 705 1662 772; baseline 0.001 -14"><span class='ocrx_word' id='word_1_45' title='bbox 295 717 424 772; x_wconf 84' lang='lat' dir='ltr'>Igitur</span> <span class='ocrx_word' id='word_1_46' title='bbox 442 705 648 758; x_wconf 89' lang='lat' dir='ltr'>venientis</span> <span class='ocrx_word' id='word_1_47' title='bbox 680 717 890 758; x_wconf 85' lang='lat' dir='ltr'>exercitus</span> <span class='ocrx_word' id='word_1_48' title='bbox 923 717 1031 759; x_wconf 86' lang='lat' dir='ltr'>fama</span> <span class='ocrx_word' id='word_1_49' title='bbox 1063 722 1104 758; x_wconf 88' lang='lat' dir='ltr'>et</span> <span class='ocrx_word' id='word_1_50' title='bbox 1135 721 1283 771; x_wconf 91' lang='lat' dir='ltr'>suopte</span> <span class='ocrx_word' id='word_1_51' title='bbox 1313 717 1486 772; x_wconf 86' lang='lat' dir='ltr'>ingenio</span> <span class='ocrx_word' id='word_1_52' title='bbox 1507 716 1559 759; x_wconf 89' lang='lat' dir='ltr'>ad</span> <span class='ocrx_word' id='word_1_53' title='bbox 1578 717 1662 759; x_wconf 89' lang='lat' dir='ltr'>mi-</span> 
     </span>
     <span class='ocr_line' id='line_1_8' title="bbox 161 791 1662 855; baseline 0 -23"><span class='ocrx_word' id='word_1_54' title='bbox 161 792 267 833; x_wconf 85' lang='lat' dir='ltr'>tiora</span> <span class='ocrx_word' id='word_1_55' title='bbox 315 791 564 833; x_wconf 81' lang='lat' dir='ltr'>inclinantes</span> <span class='ocrx_word' id='word_1_56' title='bbox 613 791 838 833; x_wconf 89' lang='lat' dir='ltr'>Galliarum</span> <span class='ocrx_word' id='word_1_57' title='bbox 883 791 1071 834; x_wconf 86' lang='lat' dir='ltr'>civitates</span> <span class='ocrx_word' id='word_1_58' title='bbox 1117 792 1159 855; x_wconf 83' lang='lat' dir='ltr'>in</span> <span class='ocrx_word' id='word_1_59' title='bbox 1201 793 1354 835; x_wconf 90' lang='lat' dir='ltr'>Remos</span> <span class='ocrx_word' id='word_1_60' title='bbox 1406 803 1662 834; x_wconf 86' lang='lat' dir='ltr'>convenere.</span> 
     </span>
     <span class='ocr_line' id='line_1_9' title="bbox 21 866 1664 921; baseline 0 -14"><span class='ocrx_word' id='word_1_61' title='bbox 21 886 38 905; x_wconf 56' lang='lat' dir='ltr'>&gt;a</span> <span class='ocrx_word' id='word_1_62' title='bbox 120 866 425 908; x_wconf 63' lang='lat' dir='ltr'>Trexirorum</span> <span class='ocrx_word' id='word_1_63' title='bbox 472 867 627 921; x_wconf 82' lang='lat' dir='ltr'>legatio</span> <span class='ocrx_word' id='word_1_64' title='bbox 670 866 754 908; x_wconf 95' lang='lat' dir='ltr'>illic</span> <span class='ocrx_word' id='word_1_65' title='bbox 799 867 1120 920; x_wconf 86' lang='lat' dir='ltr'>opperiebatur,</span> <span class='ocrx_word' id='word_1_66' title='bbox 1165 867 1374 909; x_wconf 87' lang='lat' dir='ltr'>acerrimo</span> <span class='ocrx_word' id='word_1_67' title='bbox 1415 867 1664 909; x_wconf 83' lang='lat' dir='ltr'>instinctore</span> 
     </span>
     <span class='ocr_line' id='line_1_10' title="bbox 161 941 1665 997; baseline 0 -14"><span class='ocrx_word' id='word_1_68' title='bbox 161 943 260 984; x_wconf 91' lang='lat' dir='ltr'>belli</span> <span class='ocrx_word' id='word_1_69' title='bbox 300 943 402 983; x_wconf 91' lang='lat' dir='ltr'>lulio</span> <span class='ocrx_word' id='word_1_70' title='bbox 443 942 678 985; x_wconf 78' lang='lat' dir='ltr'>Valentino.</span> <span class='ocrx_word' id='word_1_71' title='bbox 751 942 789 983; x_wconf 95' lang='lat' dir='ltr'>Is</span> <span class='ocrx_word' id='word_1_72' title='bbox 835 942 1030 984; x_wconf 86' lang='lat' dir='ltr'>meditata</span> <span class='ocrx_word' id='word_1_73' title='bbox 1072 943 1262 985; x_wconf 87' lang='lat' dir='ltr'>oratione</span> <span class='ocrx_word' id='word_1_74' title='bbox 1307 946 1457 984; x_wconf 86' lang='lat' dir='ltr'>cuncta</span> <span class='ocrx_word' id='word_1_75' title='bbox 1501 941 1665 997; x_wconf 79' lang='lat' dir='ltr'>magnis</span> 
     </span>
     <span class='ocr_line' id='line_1_11' title="bbox 113 1017 1666 1072; baseline -0.001 -13"><span class='ocrx_word' id='word_1_76' title='bbox 113 1026 150 1054; x_wconf 85' lang='lat'>¹0</span> <span class='ocrx_word' id='word_1_77' title='bbox 163 1018 349 1072; x_wconf 86' lang='lat' dir='ltr'>imperiis</span> <span class='ocrx_word' id='word_1_78' title='bbox 381 1018 584 1059; x_wconf 85' lang='lat' dir='ltr'>obiectari</span> <span class='ocrx_word' id='word_1_79' title='bbox 616 1017 738 1059; x_wconf 87' lang='lat' dir='ltr'>solita</span> <span class='ocrx_word' id='word_1_80' title='bbox 771 1018 1127 1072; x_wconf 80' lang='lat' dir='ltr'>contumeliasque</span> <span class='ocrx_word' id='word_1_81' title='bbox 1159 1022 1200 1059; x_wconf 88' lang='lat' dir='ltr'>et</span> <span class='ocrx_word' id='word_1_82' title='bbox 1228 1018 1427 1059; x_wconf 88' lang='lat' dir='ltr'>invidiam</span> <span class='ocrx_word' id='word_1_83' title='bbox 1458 1017 1501 1058; x_wconf 93' lang='lat' dir='ltr'>in</span> <span class='ocrx_word' id='word_1_84' title='bbox 1529 1028 1666 1071; x_wconf 90' lang='lat' dir='ltr'>popu-</span> 
     </span>
     <span class='ocr_line' id='line_1_12' title="bbox 164 1090 1667 1145; baseline -0.001 -11"><span class='ocrx_word' id='word_1_85' title='bbox 164 1092 246 1134; x_wconf 88' lang='lat' dir='ltr'>lum</span> <span class='ocrx_word' id='word_1_86' title='bbox 277 1093 505 1134; x_wconf 86' lang='lat' dir='ltr'>Romanum</span> <span class='ocrx_word' id='word_1_87' title='bbox 539 1091 698 1145; x_wconf 79' lang='lat' dir='ltr'>effudit,</span> <span class='ocrx_word' id='word_1_88' title='bbox 730 1092 919 1134; x_wconf 87' lang='lat' dir='ltr'>turbidus</span> <span class='ocrx_word' id='word_1_89' title='bbox 950 1092 1178 1134; x_wconf 88' lang='lat' dir='ltr'>miscendis</span> <span class='ocrx_word' id='word_1_90' title='bbox 1209 1091 1484 1134; x_wconf 83' lang='lat' dir='ltr'>seditionibus</span> <span class='ocrx_word' id='word_1_91' title='bbox 1514 1094 1556 1133; x_wconf 91' lang='lat' dir='ltr'>et</span> <span class='ocrx_word' id='word_1_92' title='bbox 1572 1090 1667 1145; x_wconf 89' lang='lat' dir='ltr'>ple-</span> 
     </span>
     <span class='ocr_line' id='line_1_13' title="bbox 5 1164 1735 1234; baseline -0.012 -12"><span class='ocrx_word' id='word_1_93' title='bbox 5 1215 26 1222; x_wconf 75' lang='lat'>..</span> <span class='ocrx_word' id='word_1_94' title='bbox 52 1180 108 1222; x_wconf 56' lang='lat' dir='ltr'>r..</span> <span class='ocrx_word' id='word_1_95' title='bbox 163 1167 305 1220; x_wconf 90' lang='lat' dir='ltr'>risquc</span> <span class='ocrx_word' id='word_1_96' title='bbox 336 1171 478 1220; x_wconf 84' lang='lat' dir='ltr'>gratus</span> <span class='ocrx_word' id='word_1_97' title='bbox 508 1166 684 1234; x_wconf 79' lang='lat' dir='ltr'>vecordi</span> <span class='ocrx_word' id='word_1_98' title='bbox 705 1166 914 1208; x_wconf 82' lang='lat' dir='ltr'>facundia.</span> <span class='ocrx_word' id='word_1_99' title='bbox 962 1166 1018 1208; x_wconf 88' lang='lat' dir='ltr'>At</span> <span class='ocrx_word' id='word_1_100' title='bbox 1036 1166 1160 1208; x_wconf 91' lang='lat' dir='ltr'>Iulius</span> <span class='ocrx_word' id='word_1_101' title='bbox 1178 1166 1349 1220; x_wconf 86' lang='lat' dir='ltr'>Auspex</span> <span class='ocrx_word' id='word_1_102' title='bbox 1371 1179 1393 1208; x_wconf 92' lang='lat' dir='ltr'>e</span> <span class='ocrx_word' id='word_1_103' title='bbox 1413 1164 1665 1220; x_wconf 85' lang='lat' dir='ltr'>primoribus</span> <span class='ocrx_word' id='word_1_104' title='bbox 1677 1164 1735 1203; x_wconf 84' lang='lat'>69</span> 
     </span>
     <span class='ocr_line' id='line_1_14' title="bbox 52 1227 1705 1306; baseline -0.002 -23"><span class='ocrx_word' id='word_1_105' title='bbox 52 1227 57 1231; x_wconf 46' lang='grc'>’</span> <span class='ocrx_word' id='word_1_106' title='bbox 144 1242 414 1306; x_wconf 89' lang='lat' dir='ltr'>Remorum,</span> <span class='ocrx_word' id='word_1_107' title='bbox 443 1242 526 1282; x_wconf 88' lang='lat' dir='ltr'>vim</span> <span class='ocrx_word' id='word_1_108' title='bbox 559 1242 786 1283; x_wconf 89' lang='lat' dir='ltr'>Romanam</span> <span class='ocrx_word' id='word_1_109' title='bbox 815 1241 1014 1295; x_wconf 82' lang='lat' dir='ltr'>pacisque</span> <span class='ocrx_word' id='word_1_110' title='bbox 1043 1242 1155 1283; x_wconf 89' lang='lat' dir='ltr'>bona</span> <span class='ocrx_word' id='word_1_111' title='bbox 1183 1241 1444 1293; x_wconf 77' lang='lat' dir='ltr'>dissertans,</span> <span class='ocrx_word' id='word_1_112' title='bbox 1475 1243 1517 1281; x_wconf 90' lang='lat' dir='ltr'>et</span> <span class='ocrx_word' id='word_1_113' title='bbox 1559 1238 1665 1281; x_wconf 87' lang='lat' dir='ltr'>sumi</span> <span class='ocrx_word' id='word_1_114' title='bbox 1697 1246 1705 1258; x_wconf 86' lang='lat'><strong>·</strong></span> 
     </span>
     <span class='ocr_line' id='line_1_15' title="bbox 126 1307 1664 1387; baseline -0.001 -29.952"><span class='ocrx_word' id='word_1_115' title='bbox 126 1307 313 1357; x_wconf 84' lang='lat' dir='ltr'>bellum</span> <span class='ocrx_word' id='word_1_116' title='bbox 345 1316 466 1370; x_wconf 68' lang='lat' dir='ltr'>etiam</span> <span class='ocrx_word' id='word_1_117' title='bbox 501 1329 522 1357; x_wconf 89' lang='lat' dir='ltr'>a</span> <span class='ocrx_word' id='word_1_118' title='bbox 558 1316 761 1387; x_wconf 69' lang='grc' dir='ltr'>ἰσῃεινίε,</span> <span class='ocrx_word' id='word_1_119' title='bbox 798 1316 1077 1357; x_wconf 87' lang='lat' dir='ltr'>strenuissimi</span> <span class='ocrx_word' id='word_1_120' title='bbox 1109 1316 1308 1370; x_wconf 88' lang='lat' dir='ltr'>cuiusque</span> <span class='ocrx_word' id='word_1_121' title='bbox 1338 1314 1526 1370; x_wconf 89' lang='lat' dir='ltr'>periculo</span> <span class='ocrx_word' id='word_1_122' title='bbox 1557 1313 1664 1369; x_wconf 83' lang='lat' dir='ltr'>geri,</span> 
     </span>
     <span class='ocr_line' id='line_1_16' title="bbox 80 1362 1667 1452; baseline 0.002 -23.861"><span class='ocrx_word' id='word_1_123' title='bbox 80 1362 551 1452; x_wconf 38' lang='lat' dir='ltr'>tsiainqucsssupg‘r‘</span> <span class='ocrx_word' id='word_1_124' title='bbox 516 1372 640 1444; x_wconf 78' lang='lat' dir='ltr'>caput</span> <span class='ocrx_word' id='word_1_125' title='bbox 668 1390 883 1445; x_wconf 86' lang='lat' dir='ltr'>legiones,</span> <span class='ocrx_word' id='word_1_126' title='bbox 916 1391 1268 1443; x_wconf 84' lang='lat' dir='ltr'>sapientissimum</span> <span class='ocrx_word' id='word_1_127' title='bbox 1297 1384 1503 1444; x_wconf 84' lang='lat' dir='ltr'>quemque</span> <span class='ocrx_word' id='word_1_128' title='bbox 1536 1401 1667 1431; x_wconf 84' lang='lat' dir='ltr'>reve-</span> 
     </span>
     <span class='ocr_line' id='line_1_17' title="bbox 31 1456 1669 1519; baseline -0.001 -13"><span class='ocrx_word' id='word_1_129' title='bbox 31 1456 59 1466; x_wconf 77' lang='grc'>”</span> <span class='ocrx_word' id='word_1_130' title='bbox 110 1458 112 1461; x_wconf 61' lang='grc'>’</span> <span class='ocrx_word' id='word_1_131' title='bbox 163 1465 300 1506; x_wconf 84' lang='lat' dir='ltr'>rentia</span> <span class='ocrx_word' id='word_1_132' title='bbox 330 1465 519 1518; x_wconf 88' lang='lat' dir='ltr'>fideque,</span> <span class='ocrx_word' id='word_1_133' title='bbox 567 1465 754 1506; x_wconf 83' lang='lat' dir='ltr'>iuniores</span> <span class='ocrx_word' id='word_1_134' title='bbox 785 1465 973 1519; x_wconf 89' lang='lat' dir='ltr'>periculo</span> <span class='ocrx_word' id='word_1_135' title='bbox 1006 1478 1056 1507; x_wconf 88' lang='lat' dir='ltr'>ac</span> <span class='ocrx_word' id='word_1_136' title='bbox 1083 1469 1194 1507; x_wconf 92' lang='lat' dir='ltr'>metu</span> <span class='ocrx_word' id='word_1_137' title='bbox 1231 1465 1446 1506; x_wconf 82' lang='lat' dir='ltr'>continuit.</span> <span class='ocrx_word' id='word_1_138' title='bbox 1505 1463 1557 1505; x_wconf 90' lang='lat' dir='ltr'>Et</span> <span class='ocrx_word' id='word_1_139' title='bbox 1580 1462 1669 1505; x_wconf 88' lang='lat' dir='ltr'>Va·-</span> 
     </span>
     <span class='ocr_line' id='line_1_18' title="bbox 164 1538 1666 1594; baseline -0.001 -15"><span class='ocrx_word' id='word_1_140' title='bbox 164 1539 310 1579; x_wconf 92' lang='lat' dir='ltr'>lentini</span> <span class='ocrx_word' id='word_1_141' title='bbox 355 1540 532 1581; x_wconf 76' lang='lat' dir='ltr'>animuin</span> <span class='ocrx_word' id='word_1_142' title='bbox 575 1539 823 1592; x_wconf 89' lang='lat' dir='ltr'>laudabant,</span> <span class='ocrx_word' id='word_1_143' title='bbox 870 1539 1089 1581; x_wconf 90' lang='lat' dir='ltr'>consilium</span> <span class='ocrx_word' id='word_1_144' title='bbox 1129 1540 1326 1594; x_wconf 89' lang='lat' dir='ltr'>Auspicis</span> <span class='ocrx_word' id='word_1_145' title='bbox 1372 1538 1666 1593; x_wconf 85' lang='lat' dir='ltr'>sequebantur.</span> 
     </span>
    </p>
   </div>
   <div class='ocr_carea' id='block_1_3' title="bbox 166 1611 1666 1670">
    <p class='ocr_par' dir='ltr' id='par_1_3' title="bbox 166 1611 1666 1670">
     <span class='ocr_line' id='line_1_19' title="bbox 166 1611 1666 1670; baseline -0.001 -15"><span class='ocrx_word' id='word_1_146' title='bbox 166 1614 337 1656; x_wconf 87' lang='lat' dir='ltr'>Constat</span> <span class='ocrx_word' id='word_1_147' title='bbox 368 1614 579 1656; x_wconf 88' lang='lat' dir='ltr'>obstitisse</span> <span class='ocrx_word' id='word_1_148' title='bbox 610 1614 791 1657; x_wconf 88' lang='lat' dir='ltr'>Treviris</span> <span class='ocrx_word' id='word_1_149' title='bbox 823 1614 1164 1670; x_wconf 86' lang='lat' dir='ltr'>Lingonibusque</span> <span class='ocrx_word' id='word_1_150' title='bbox 1199 1614 1306 1669; x_wconf 91' lang='lat' dir='ltr'>apud</span> <span class='ocrx_word' id='word_1_151' title='bbox 1342 1613 1522 1667; x_wconf 85' lang='lat' dir='ltr'>Gallias,</span> <span class='ocrx_word' id='word_1_152' title='bbox 1556 1611 1666 1667; x_wconf 91' lang='lat' dir='ltr'>quod</span> 
     </span>
    </p>
   </div>
   <div class='ocr_carea' id='block_1_4' title="bbox 1151 845 1329 858">
    <p class='ocr_par' dir='ltr' id='par_1_4' title="bbox 1151 845 1329 858">
     <span class='ocr_line' id='line_1_20' title="bbox 1151 845 1329 858; baseline 0 2358"><span class='ocrx_word' id='word_1_153' title='bbox 1151 845 1329 858; x_wconf 95' lang='lat' dir='ltr'> </span> 
     </span>
    </p>
   </div>
   <div class='ocr_carea' id='block_1_5' title="bbox 167 1760 1672 2002">
    <p class='ocr_par' dir='ltr' id='par_1_5' title="bbox 167 1760 1672 2002">
     <span class='ocr_line' id='line_1_21' title="bbox 314 1760 1670 1806; baseline -0.001 -11"><span class='ocrx_word' id='word_1_154' title='bbox 314 1763 342 1796; x_wconf 84' lang='lat'>1.</span> <span class='ocrx_word' id='word_1_155' title='bbox 371 1761 487 1796; x_wconf 85' lang='lat' dir='ltr'>malae</span> <span class='ocrx_word' id='word_1_156' title='bbox 515 1761 580 1796; x_wconf 70' lang='lat' dir='ltr'>Ma.</span> <span class='ocrx_word' id='word_1_157' title='bbox 682 1763 715 1798; x_wconf 84' lang='lat'>2.</span> <span class='ocrx_word' id='word_1_158' title='bbox 755 1763 921 1798; x_wconf 79' lang='lat' dir='ltr'>uictrices</span> <span class='ocrx_word' id='word_1_159' title='bbox 945 1775 1018 1798; x_wconf 80' lang='lat' dir='ltr'>mm</span> <span class='ocrx_word' id='word_1_160' title='bbox 1043 1764 1083 1806; x_wconf 67' lang='lat' dir='ltr'>xj</span> <span class='ocrx_word' id='word_1_161' title='bbox 1107 1763 1171 1806; x_wconf 76' lang='lat' dir='ltr'>unj</span> <span class='ocrx_word' id='word_1_162' title='bbox 1197 1773 1276 1797; x_wconf 90' lang='lat' dir='ltr'>cum</span> <span class='ocrx_word' id='word_1_163' title='bbox 1304 1762 1369 1797; x_wconf 90' lang='lat' dir='ltr'>lin.</span> <span class='ocrx_word' id='word_1_164' title='bbox 1396 1760 1470 1797; x_wconf 67' lang='lat' dir='ltr'>Ma:</span> <span class='ocrx_word' id='word_1_165' title='bbox 1513 1760 1670 1795; x_wconf 84' lang='lat' dir='ltr'>correxit</span> 
     </span>
     <span class='ocr_line' id='line_1_22' title="bbox 167 1806 1668 1851; baseline -0.002 -5"><span class='ocrx_word' id='word_1_166' title='bbox 167 1809 324 1846; x_wconf 85' lang='lat' dir='ltr'>Savilius</span> <span class='ocrx_word' id='word_1_167' title='bbox 351 1822 395 1844; x_wconf 86' lang='lat' dir='ltr'>ex</span> <span class='ocrx_word' id='word_1_168' title='bbox 423 1811 465 1845; x_wconf 88' lang='lat' dir='ltr'>H.</span> <span class='ocrx_word' id='word_1_169' title='bbox 493 1812 516 1846; x_wconf 80' lang='lat'><strong>2</strong></span> <span class='ocrx_word' id='word_1_170' title='bbox 542 1811 589 1846; x_wconf 88' lang='grc'>83</span> <span class='ocrx_word' id='word_1_171' title='bbox 617 1816 652 1844; x_wconf 91' lang='lat' dir='ltr'>et</span> <span class='ocrx_word' id='word_1_172' title='bbox 677 1810 735 1846; x_wconf 87' lang='lat'>85.</span> <span class='ocrx_word' id='word_1_173' title='bbox 846 1812 1150 1846; x_wconf 78' lang='lat' dir='ltr'>unaetuicensima</span> <span class='ocrx_word' id='word_1_174' title='bbox 1188 1810 1254 1846; x_wconf 68' lang='lat' dir='ltr'>Ma.</span> <span class='ocrx_word' id='word_1_175' title='bbox 1360 1812 1395 1846; x_wconf 87' lang='lat'>3.</span> <span class='ocrx_word' id='word_1_176' title='bbox 1434 1809 1577 1844; x_wconf 77' lang='lat' dir='ltr'>Pem‘m&#39;s</span> <span class='ocrx_word' id='word_1_177' title='bbox 1601 1806 1668 1851; x_wconf 67' lang='lat' dir='ltr'>Ma,</span> 
     </span>
     <span class='ocr_line' id='line_1_23' title="bbox 167 1858 1670 1905; baseline -0.002 -12"><span class='ocrx_word' id='word_1_178' title='bbox 167 1859 328 1905; x_wconf 80' lang='lat' dir='ltr'>apeninis</span> <span class='ocrx_word' id='word_1_179' title='bbox 354 1859 393 1893; x_wconf 91' lang='lat' dir='ltr'>G.</span> <span class='ocrx_word' id='word_1_180' title='bbox 506 1860 540 1894; x_wconf 76' lang='lat'>4.</span> <span class='ocrx_word' id='word_1_181' title='bbox 579 1859 705 1894; x_wconf 83' lang='lat' dir='ltr'><em>XIIII.</em></span> <span class='ocrx_word' id='word_1_182' title='bbox 734 1859 799 1894; x_wconf 68' lang='lat' dir='ltr'>Ma.</span> <span class='ocrx_word' id='word_1_183' title='bbox 903 1861 995 1894; x_wconf 77' lang='lat' dir='ltr'>brice.</span> <span class='ocrx_word' id='word_1_184' title='bbox 1031 1859 1098 1895; x_wconf 68' lang='lat' dir='ltr'>Ma.</span> <span class='ocrx_word' id='word_1_185' title='bbox 1150 1861 1185 1895; x_wconf 90' lang='lat'>5.</span> <span class='ocrx_word' id='word_1_186' title='bbox 1218 1860 1269 1895; x_wconf 90' lang='lat' dir='ltr'>VI</span> <span class='ocrx_word' id='word_1_187' title='bbox 1292 1871 1336 1894; x_wconf 82' lang='lat' dir='ltr'>ac</span> <span class='ocrx_word' id='word_1_188' title='bbox 1358 1870 1441 1905; x_wconf 80' lang='lat' dir='ltr'>pma</span> <span class='ocrx_word' id='word_1_189' title='bbox 1466 1858 1534 1892; x_wconf 84' lang='lat' dir='ltr'>litt.</span> <span class='ocrx_word' id='word_1_190' title='bbox 1556 1870 1580 1904; x_wconf 83' lang='lat' dir='ltr'>p</span> <span class='ocrx_word' id='word_1_191' title='bbox 1605 1868 1670 1891; x_wconf 85' lang='lat' dir='ltr'>su-</span> 
     </span>
     <span class='ocr_line' id='line_1_24' title="bbox 167 1907 1671 1953; baseline -0.001 -12"><span class='ocrx_word' id='word_1_192' title='bbox 167 1919 300 1953; x_wconf 85' lang='lat' dir='ltr'>perscr.</span> <span class='ocrx_word' id='word_1_193' title='bbox 330 1908 448 1942; x_wconf 86' lang='lat' dir='ltr'>littera</span> <span class='ocrx_word' id='word_1_194' title='bbox 474 1908 508 1941; x_wconf 80' lang='lat' dir='ltr'>i:</span> <span class='ocrx_word' id='word_1_195' title='bbox 545 1909 700 1942; x_wconf 86' lang='lat' dir='ltr'>correxit</span> <span class='ocrx_word' id='word_1_196' title='bbox 741 1907 897 1943; x_wconf 85' lang='lat' dir='ltr'>Savilius</span> <span class='ocrx_word' id='word_1_197' title='bbox 925 1920 969 1942; x_wconf 85' lang='lat' dir='ltr'>ex</span> <span class='ocrx_word' id='word_1_198' title='bbox 995 1909 1036 1942; x_wconf 88' lang='lat' dir='ltr'>H.</span> <span class='ocrx_word' id='word_1_199' title='bbox 1067 1911 1090 1943; x_wconf 84' lang='lat'><strong>2</strong></span> <span class='ocrx_word' id='word_1_200' title='bbox 1115 1909 1174 1950; x_wconf 86' lang='lat'>58,</span> <span class='ocrx_word' id='word_1_201' title='bbox 1198 1909 1222 1944; x_wconf 83' lang='lat'><strong>3</strong></span> <span class='ocrx_word' id='word_1_202' title='bbox 1243 1909 1303 1943; x_wconf 81' lang='lat'>44.</span> <span class='ocrx_word' id='word_1_203' title='bbox 1354 1907 1400 1942; x_wconf 82' lang='lat' dir='ltr'>cf.</span> <span class='ocrx_word' id='word_1_204' title='bbox 1428 1907 1471 1942; x_wconf 87' lang='grc' dir='ltr'><strong>Η.</strong></span> <span class='ocrx_word' id='word_1_205' title='bbox 1501 1907 1531 1941; x_wconf 88' lang='lat' dir='ltr'>V</span> <span class='ocrx_word' id='word_1_206' title='bbox 1565 1907 1671 1941; x_wconf 65' lang='lat' dir='ltr'>ill-et</span> 
     </span>
     <span class='ocr_line' id='line_1_25' title="bbox 170 1953 1672 2002; baseline -0.002 -11"><span class='ocrx_word' id='word_1_207' title='bbox 170 1956 214 1991; x_wconf 88' lang='grc'>16</span> <span class='ocrx_word' id='word_1_208' title='bbox 241 1962 276 1990; x_wconf 87' lang='lat' dir='ltr'>et</span> <span class='ocrx_word' id='word_1_209' title='bbox 306 1956 360 1991; x_wconf 88' lang='lat'>19.</span> <span class='ocrx_word' id='word_1_210' title='bbox 453 1956 488 1990; x_wconf 87' lang='lat'>9.</span> <span class='ocrx_word' id='word_1_211' title='bbox 516 1956 606 1990; x_wconf 83' lang='lat' dir='ltr'>Iulio</span> <span class='ocrx_word' id='word_1_212' title='bbox 636 1956 778 1990; x_wconf 78' lang='lat' dir='ltr'>editor:</span> <span class='ocrx_word' id='word_1_213' title='bbox 807 1957 890 1991; x_wconf 80' lang='lat' dir='ltr'>lulio</span> <span class='ocrx_word' id='word_1_214' title='bbox 917 1956 983 1999; x_wconf 67' lang='lat' dir='ltr'>Ma,</span> <span class='ocrx_word' id='word_1_215' title='bbox 1020 1956 1113 1991; x_wconf 80' lang='lat' dir='ltr'>Tulio</span> <span class='ocrx_word' id='word_1_216' title='bbox 1143 1956 1182 1991; x_wconf 89' lang='lat' dir='ltr'>G.</span> <span class='ocrx_word' id='word_1_217' title='bbox 1285 1958 1340 1993; x_wconf 88' lang='lat'>10.</span> <span class='ocrx_word' id='word_1_218' title='bbox 1366 1956 1507 2002; x_wconf 79' lang='lat' dir='ltr'>imperii</span> <span class='ocrx_word' id='word_1_219' title='bbox 1534 1953 1589 1990; x_wconf 70' lang='lat' dir='ltr'>Ma</span> <span class='ocrx_word' id='word_1_220' title='bbox 1607 1954 1672 1989; x_wconf 70' lang='lat' dir='ltr'>:G</span> 
     </span>
    </p>
   </div>
   <div class='ocr_carea' id='block_1_6' title="bbox 168 2004 781 2050">
    <p class='ocr_par' dir='ltr' id='par_1_6' title="bbox 168 2004 781 2050">
     <span class='ocr_line' id='line_1_26' title="bbox 168 2004 781 2050; baseline 0.002 -12"><span class='ocrx_word' id='word_1_221' title='bbox 168 2005 335 2050; x_wconf 75' lang='lat' dir='ltr'>imperiis.</span> <span class='ocrx_word' id='word_1_222' title='bbox 439 2006 493 2039; x_wconf 85' lang='lat'>12.</span> <span class='ocrx_word' id='word_1_223' title='bbox 521 2005 690 2038; x_wconf 81' lang='lat' dir='ltr'>uaecordi</span> <span class='ocrx_word' id='word_1_224' title='bbox 716 2004 781 2039; x_wconf 70' lang='lat' dir='ltr'>Ma.</span> 
     </span>
    </p>
   </div>
   <div class='ocr_carea' id='block_1_7' title="bbox 170 2186 890 2378">
    <p class='ocr_par' dir='ltr' id='par_1_7' title="bbox 170 2186 887 2329">
     <span class='ocr_line' id='line_1_27' title="bbox 172 2186 887 2233; baseline 0 -12"><span class='ocrx_word' id='word_1_225' title='bbox 172 2187 345 2233; x_wconf 81' lang='lat' dir='ltr'>cingunt3</span> <span class='ocrx_word' id='word_1_226' title='bbox 388 2186 423 2220; x_wconf 90' lang='lat' dir='ltr'>id</span> <span class='ocrx_word' id='word_1_227' title='bbox 459 2197 538 2220; x_wconf 90' lang='lat' dir='ltr'>cum</span> <span class='ocrx_word' id='word_1_228' title='bbox 581 2186 715 2221; x_wconf 87' lang='lat' dir='ltr'>faciant</span> <span class='ocrx_word' id='word_1_229' title='bbox 749 2189 809 2232; x_wconf 89' lang='lat' dir='ltr'>qui</span> <span class='ocrx_word' id='word_1_230' title='bbox 844 2187 887 2221; x_wconf 87' lang='lat' dir='ltr'>ad</span> 
     </span>
     <span class='ocr_line' id='line_1_28' title="bbox 170 2235 886 2280; baseline 0 -10"><span class='ocrx_word' id='word_1_231' title='bbox 170 2236 303 2270; x_wconf 88' lang='lat' dir='ltr'>bellum</span> <span class='ocrx_word' id='word_1_232' title='bbox 331 2235 617 2280; x_wconf 85' lang='lat' dir='ltr'>proficiscuntur,</span> <span class='ocrx_word' id='word_1_233' title='bbox 648 2241 730 2280; x_wconf 83' lang='lat' dir='ltr'>apte</span> <span class='ocrx_word' id='word_1_234' title='bbox 748 2241 886 2280; x_wconf 87' lang='lat' dir='ltr'>partem</span> 
     </span>
     <span class='ocr_line' id='line_1_29' title="bbox 171 2285 492 2329; baseline -0.003 -11"><span class='ocrx_word' id='word_1_235' title='bbox 171 2295 235 2329; x_wconf 82' lang='lat' dir='ltr'>pro</span> <span class='ocrx_word' id='word_1_236' title='bbox 258 2289 332 2318; x_wconf 84' lang='lat' dir='ltr'>toto</span> <span class='ocrx_word' id='word_1_237' title='bbox 362 2285 492 2328; x_wconf 84' lang='lat' dir='ltr'>posuit.</span> 
     </span>
    </p>

    <p class='ocr_par' dir='ltr' id='par_1_8' title="bbox 255 2334 890 2378">
     <span class='ocr_line' id='line_1_30' title="bbox 255 2334 890 2378; baseline 0 -11"><span class='ocrx_word' id='word_1_238' title='bbox 255 2335 418 2367; x_wconf 74' lang='lat' dir='ltr'>victrices</span> <span class='ocrx_word' id='word_1_239' title='bbox 455 2338 556 2368; x_wconf 76' lang='lat' dir='ltr'>sexta</span> <span class='ocrx_word' id='word_1_240' title='bbox 593 2340 626 2367; x_wconf 85' lang='lat' dir='ltr'>et</span> <span class='ocrx_word' id='word_1_241' title='bbox 665 2339 813 2368; x_wconf 79' lang='lat' dir='ltr'>octava:</span> <span class='ocrx_word' id='word_1_242' title='bbox 852 2334 890 2378; x_wconf 73' lang='lat' dir='ltr'>iL&#39;</span> 
     </span>
    </p>
   </div>
   <div class='ocr_carea' id='block_1_8' title="bbox 171 2392 892 3020">
    <p class='ocr_par' dir='ltr' id='par_1_9' title="bbox 171 2392 892 3020">
     <span class='ocr_line' id='line_1_31' title="bbox 172 2392 889 2435; baseline -0.001 -9"><span class='ocrx_word' id='word_1_243' title='bbox 172 2395 265 2426; x_wconf 88' lang='lat' dir='ltr'>notis</span> <span class='ocrx_word' id='word_1_244' title='bbox 290 2393 372 2427; x_wconf 87' lang='lat' dir='ltr'>libri</span> <span class='ocrx_word' id='word_1_245' title='bbox 395 2392 447 2427; x_wconf 68' lang='lat' dir='ltr'>ms·</span> <span class='ocrx_word' id='word_1_246' title='bbox 470 2393 635 2427; x_wconf 80' lang='lat' dir='ltr'>uictrices</span> <span class='ocrx_word' id='word_1_247' title='bbox 661 2403 734 2427; x_wconf 82' lang='lat' dir='ltr'>mm</span> <span class='ocrx_word' id='word_1_248' title='bbox 759 2394 799 2435; x_wconf 68' lang='lat' dir='ltr'>:ej</span> <span class='ocrx_word' id='word_1_249' title='bbox 824 2394 889 2435; x_wconf 60' lang='grc' dir='ltr'>ειη]</span> 
     </span>
     <span class='ocr_line' id='line_1_32' title="bbox 172 2442 887 2486; baseline 0 -12"><span class='ocrx_word' id='word_1_250' title='bbox 172 2442 328 2475; x_wconf 83' lang='lat' dir='ltr'>additum</span> <span class='ocrx_word' id='word_1_251' title='bbox 352 2442 425 2475; x_wconf 80' lang='lat' dir='ltr'>uim</span> <span class='ocrx_word' id='word_1_252' title='bbox 443 2446 558 2474; x_wconf 88' lang='lat' dir='ltr'>ortum</span> <span class='ocrx_word' id='word_1_253' title='bbox 583 2445 638 2475; x_wconf 87' lang='lat' dir='ltr'>cst</span> <span class='ocrx_word' id='word_1_254' title='bbox 658 2452 702 2475; x_wconf 87' lang='lat' dir='ltr'>ex</span> <span class='ocrx_word' id='word_1_255' title='bbox 723 2442 887 2486; x_wconf 88' lang='lat' dir='ltr'>proximo</span> 
     </span>
     <span class='ocr_line' id='line_1_33' title="bbox 171 2489 888 2536; baseline 0 -13"><span class='ocrx_word' id='word_1_256' title='bbox 171 2491 359 2532; x_wconf 78' lang='lat' dir='ltr'>uictrices3</span> <span class='ocrx_word' id='word_1_257' title='bbox 401 2489 495 2534; x_wconf 90' lang='lat' dir='ltr'>quod</span> <span class='ocrx_word' id='word_1_258' title='bbox 520 2491 681 2533; x_wconf 85' lang='lat' dir='ltr'>sequitur</span> <span class='ocrx_word' id='word_1_259' title='bbox 705 2492 762 2532; x_wconf 75' lang='lat' dir='ltr'>xj,</span> <span class='ocrx_word' id='word_1_260' title='bbox 788 2500 888 2536; x_wconf 58' lang='lat' dir='ltr'>⁸per-</span> 
     </span>
     <span class='ocr_line' id='line_1_34' title="bbox 171 2537 887 2582; baseline -0.004 -10"><span class='ocrx_word' id='word_1_261' title='bbox 171 2548 293 2582; x_wconf 83' lang='lat' dir='ltr'>peram</span> <span class='ocrx_word' id='word_1_262' title='bbox 321 2548 529 2581; x_wconf 88' lang='lat' dir='ltr'>expressum</span> <span class='ocrx_word' id='word_1_263' title='bbox 562 2547 624 2580; x_wconf 91' lang='lat' dir='ltr'>pro</span> <span class='ocrx_word' id='word_1_264' title='bbox 651 2548 686 2570; x_wconf 83' lang='lat' dir='ltr'>uz</span> <span class='ocrx_word' id='word_1_265' title='bbox 717 2541 782 2582; x_wconf 86' lang='lat'>(=</span> <span class='ocrx_word' id='word_1_266' title='bbox 799 2537 887 2582; x_wconf 88' lang='lat' dir='ltr'>Vl):</span> 
     </span>
     <span class='ocr_line' id='line_1_35' title="bbox 173 2585 887 2630; baseline -0.001 -11"><span class='ocrx_word' id='word_1_267' title='bbox 173 2597 253 2620; x_wconf 87' lang='lat' dir='ltr'>nam</span> <span class='ocrx_word' id='word_1_268' title='bbox 281 2591 419 2620; x_wconf 86' lang='lat' dir='ltr'>sextam</span> <span class='ocrx_word' id='word_1_269' title='bbox 447 2586 642 2630; x_wconf 83' lang='lat' dir='ltr'>legionem,</span> <span class='ocrx_word' id='word_1_270' title='bbox 670 2596 742 2618; x_wconf 87' lang='lat' dir='ltr'>non</span> <span class='ocrx_word' id='word_1_271' title='bbox 771 2585 887 2618; x_wconf 83' lang='lat' dir='ltr'>unde-</span> 
     </span>
     <span class='ocr_line' id='line_1_36' title="bbox 174 2633 888 2678; baseline -0.003 -10"><span class='ocrx_word' id='word_1_272' title='bbox 174 2636 321 2675; x_wconf 81' lang='lat' dir='ltr'>cimam,</span> <span class='ocrx_word' id='word_1_273' title='bbox 349 2635 548 2676; x_wconf 80' lang='lat' dir='ltr'>nominari,</span> <span class='ocrx_word' id='word_1_274' title='bbox 575 2633 690 2678; x_wconf 88' lang='lat' dir='ltr'>liquet</span> <span class='ocrx_word' id='word_1_275' title='bbox 715 2644 760 2667; x_wconf 84' lang='lat' dir='ltr'>ex</span> <span class='ocrx_word' id='word_1_276' title='bbox 786 2633 826 2666; x_wconf 91' lang='lat' dir='ltr'>H.</span> <span class='ocrx_word' id='word_1_277' title='bbox 858 2633 888 2666; x_wconf 82' lang='grc' dir='ltr'>Π</span> 
     </span>
     <span class='ocr_line' id='line_1_37' title="bbox 173 2681 888 2724; baseline -0.006 -6"><span class='ocrx_word' id='word_1_278' title='bbox 173 2683 221 2719; x_wconf 79' lang='grc'>83</span> <span class='ocrx_word' id='word_1_279' title='bbox 249 2688 284 2717; x_wconf 61' lang='grc' dir='ltr'>εἰ</span> <span class='ocrx_word' id='word_1_280' title='bbox 307 2684 365 2718; x_wconf 84' lang='grc'><strong>85.</strong></span> <span class='ocrx_word' id='word_1_281' title='bbox 397 2683 522 2716; x_wconf 85' lang='lat' dir='ltr'>Restat</span> <span class='ocrx_word' id='word_1_282' title='bbox 549 2683 614 2724; x_wconf 68' lang='grc' dir='ltr'>ψῃ·</span> <span class='ocrx_word' id='word_1_283' title='bbox 641 2693 720 2716; x_wconf 90' lang='lat' dir='ltr'>cum</span> <span class='ocrx_word' id='word_1_284' title='bbox 741 2681 888 2723; x_wconf 90' lang='lat' dir='ltr'>lineola,</span> 
     </span>
     <span class='ocr_line' id='line_1_38' title="bbox 176 2730 889 2774; baseline -0.003 -10"><span class='ocrx_word' id='word_1_285' title='bbox 176 2731 208 2765; x_wconf 80' lang='grc' dir='ltr'>Ιι.</span> <span class='ocrx_word' id='word_1_286' title='bbox 238 2743 318 2770; x_wconf 82' lang='lat' dir='ltr'>e.,u</span> <span class='ocrx_word' id='word_1_287' title='bbox 346 2733 424 2765; x_wconf 86' lang='lat' dir='ltr'>sive</span> <span class='ocrx_word' id='word_1_288' title='bbox 456 2732 482 2765; x_wconf 93' lang='lat' dir='ltr'>V</span> <span class='ocrx_word' id='word_1_289' title='bbox 512 2735 547 2764; x_wconf 86' lang='lat' dir='ltr'>et</span> <span class='ocrx_word' id='word_1_290' title='bbox 573 2735 645 2764; x_wconf 88' lang='lat' dir='ltr'>tres</span> <span class='ocrx_word' id='word_1_291' title='bbox 673 2731 801 2764; x_wconf 90' lang='lat' dir='ltr'>ductus</span> <span class='ocrx_word' id='word_1_292' title='bbox 828 2730 889 2774; x_wconf 91' lang='lat' dir='ltr'>qui</span> 
     </span>
     <span class='ocr_line' id='line_1_39' title="bbox 174 2777 891 2825; baseline -0.004 -11"><span class='ocrx_word' id='word_1_293' title='bbox 174 2779 367 2814; x_wconf 81' lang='lat' dir='ltr'>valentlll.</span> <span class='ocrx_word' id='word_1_294' title='bbox 399 2779 511 2825; x_wconf 88' lang='lat' dir='ltr'>Legio</span> <span class='ocrx_word' id='word_1_295' title='bbox 533 2784 634 2813; x_wconf 84' lang='lat' dir='ltr'>sexta</span> <span class='ocrx_word' id='word_1_296' title='bbox 649 2780 780 2813; x_wconf 83' lang='lat' dir='ltr'>victrix</span> <span class='ocrx_word' id='word_1_297' title='bbox 797 2777 891 2823; x_wconf 92' lang='lat' dir='ltr'>quod</span> 
     </span>
     <span class='ocr_line' id='line_1_40' title="bbox 176 2827 891 2873; baseline -0.004 -11"><span class='ocrx_word' id='word_1_298' title='bbox 176 2830 296 2863; x_wconf 85' lang='lat' dir='ltr'>Dacos</span> <span class='ocrx_word' id='word_1_299' title='bbox 326 2828 467 2862; x_wconf 86' lang='lat' dir='ltr'>fuderat</span> <span class='ocrx_word' id='word_1_300' title='bbox 496 2828 558 2872; x_wconf 90' lang='grc' dir='ltr'><strong>(Η.</strong></span> <span class='ocrx_word' id='word_1_301' title='bbox 586 2827 634 2861; x_wconf 88' lang='lat' dir='ltr'>Ill</span> <span class='ocrx_word' id='word_1_302' title='bbox 654 2828 735 2873; x_wconf 83' lang='lat'>46),</span> <span class='ocrx_word' id='word_1_303' title='bbox 763 2832 891 2860; x_wconf 84' lang='lat' dir='ltr'>octava</span> 
     </span>
     <span class='ocr_line' id='line_1_41' title="bbox 177 2875 891 2920; baseline 0 -11"><span class='ocrx_word' id='word_1_304' title='bbox 177 2877 271 2920; x_wconf 91' lang='lat' dir='ltr'>quod</span> <span class='ocrx_word' id='word_1_305' title='bbox 307 2877 344 2910; x_wconf 93' lang='lat' dir='ltr'>in</span> <span class='ocrx_word' id='word_1_306' title='bbox 382 2877 522 2920; x_wconf 89' lang='lat' dir='ltr'>proelio</span> <span class='ocrx_word' id='word_1_307' title='bbox 560 2875 653 2920; x_wconf 84' lang='lat' dir='ltr'>apud</span> <span class='ocrx_word' id='word_1_308' title='bbox 681 2875 891 2910; x_wconf 86' lang='lat' dir='ltr'>Cremonam</span> 
     </span>
     <span class='ocr_line' id='line_1_42' title="bbox 179 2924 891 2970; baseline 0 -13"><span class='ocrx_word' id='word_1_309' title='bbox 179 2925 240 2968; x_wconf 83' lang='lat' dir='ltr'>(ll.</span> <span class='ocrx_word' id='word_1_310' title='bbox 269 2924 317 2958; x_wconf 86' lang='lat'>111</span> <span class='ocrx_word' id='word_1_311' title='bbox 347 2926 390 2960; x_wconf 88' lang='grc'>10</span> <span class='ocrx_word' id='word_1_312' title='bbox 418 2929 452 2958; x_wconf 86' lang='lat' dir='ltr'>et</span> <span class='ocrx_word' id='word_1_313' title='bbox 478 2926 543 2970; x_wconf 85' lang='lat'>21)</span> <span class='ocrx_word' id='word_1_314' title='bbox 583 2924 800 2959; x_wconf 86' lang='lat' dir='ltr'>Vitellianos</span> <span class='ocrx_word' id='word_1_315' title='bbox 832 2924 891 2958; x_wconf 91' lang='lat' dir='ltr'>vi-</span> 
     </span>
     <span class='ocr_line' id='line_1_43' title="bbox 179 2973 892 3020; baseline 0 -13"><span class='ocrx_word' id='word_1_316' title='bbox 179 2977 287 3007; x_wconf 80' lang='lat' dir='ltr'>cerat.</span> <span class='ocrx_word' id='word_1_317' title='bbox 347 2974 490 3009; x_wconf 83' lang='lat' dir='ltr'>Sextam</span> <span class='ocrx_word' id='word_1_318' title='bbox 519 2973 703 3020; x_wconf 86' lang='lat' dir='ltr'>legionem</span> <span class='ocrx_word' id='word_1_319' title='bbox 736 2973 892 3010; x_wconf 79' lang='lat' dir='ltr'>victricis</span> 
     </span>
    </p>
   </div>
   <div class='ocr_carea' id='block_1_9' title="bbox 169 2004 1238 2097">
    <p class='ocr_par' dir='ltr' id='par_1_10' title="bbox 169 2004 1238 2097">
     <span class='ocr_line' id='line_1_44' title="bbox 899 2004 1199 2038; baseline 0 0"><span class='ocrx_word' id='word_1_320' title='bbox 899 2006 929 2038; x_wconf 57' lang='grc' dir='ltr'><strong>Γ.</strong></span> <span class='ocrx_word' id='word_1_321' title='bbox 981 2017 1048 2038; x_wconf 83' lang='lat' dir='ltr'>uen</span> <span class='ocrx_word' id='word_1_322' title='bbox 1071 2017 1113 2038; x_wconf 86' lang='lat' dir='ltr'>ue</span> <span class='ocrx_word' id='word_1_323' title='bbox 1136 2004 1199 2038; x_wconf 70' lang='lat' dir='ltr'>Ma.</span> 
     </span>
     <span class='ocr_line' id='line_1_45' title="bbox 169 2007 1238 2097; baseline -0.001 -9"><span class='ocrx_word' id='word_1_324' title='bbox 169 2052 234 2096; x_wconf 67' lang='lat' dir='ltr'>Ma,</span> <span class='ocrx_word' id='word_1_325' title='bbox 264 2052 373 2097; x_wconf 90' lang='lat' dir='ltr'>paulo</span> <span class='ocrx_word' id='word_1_326' title='bbox 403 2057 483 2096; x_wconf 89' lang='lat' dir='ltr'>post</span> <span class='ocrx_word' id='word_1_327' title='bbox 511 2054 660 2087; x_wconf 84' lang='lat' dir='ltr'>treviros</span> <span class='ocrx_word' id='word_1_328' title='bbox 687 2058 723 2087; x_wconf 87' lang='lat' dir='ltr'>et</span> <span class='ocrx_word' id='word_1_329' title='bbox 749 2007 1028 2096; x_wconf 48' lang='grc' dir='ltr'>ινευὶνὶῗᾶειᾳείο</span> <span class='ocrx_word' id='word_1_330' title='bbox 1051 2017 1238 2097; x_wconf 54' lang='lat' dir='ltr'>‘deinceps</span> 
     </span>
    </p>
   </div>
   <div class='ocr_carea' id='block_1_10' title="bbox 1303 2004 1671 2040">
    <p class='ocr_par' dir='ltr' id='par_1_11' title="bbox 1303 2004 1671 2040">
     <span class='ocr_line' id='line_1_46' title="bbox 1303 2004 1671 2040; baseline -0.011 0"><span class='ocrx_word' id='word_1_331' title='bbox 1303 2005 1358 2040; x_wconf 90' lang='lat'>18.</span> <span class='ocrx_word' id='word_1_332' title='bbox 1392 2004 1550 2039; x_wconf 70' lang='lat' dir='ltr'>Treveris</span> <span class='ocrx_word' id='word_1_333' title='bbox 1575 2013 1671 2037; x_wconf 88' lang='lat' dir='ltr'>nunc</span> 
     </span>
    </p>
   </div>
   <div class='ocr_carea' id='block_1_11' title="bbox 958 2186 1672 2813">
    <p class='ocr_par' dir='ltr' id='par_1_12' title="bbox 958 2186 1672 2282">
     <span class='ocr_line' id='line_1_47' title="bbox 959 2186 1672 2232; baseline 0 -11"><span class='ocrx_word' id='word_1_334' title='bbox 959 2188 1104 2222; x_wconf 89' lang='lat' dir='ltr'>nomine</span> <span class='ocrx_word' id='word_1_335' title='bbox 1131 2187 1292 2222; x_wconf 85' lang='lat' dir='ltr'>distinxit</span> <span class='ocrx_word' id='word_1_336' title='bbox 1317 2198 1338 2221; x_wconf 86' lang='lat' dir='ltr'>a</span> <span class='ocrx_word' id='word_1_337' title='bbox 1362 2191 1464 2221; x_wconf 87' lang='lat' dir='ltr'>sexta</span> <span class='ocrx_word' id='word_1_338' title='bbox 1479 2186 1672 2232; x_wconf 83' lang='lat' dir='ltr'>Hispanica</span> 
     </span>
     <span class='ocr_line' id='line_1_48' title="bbox 958 2236 1406 2282; baseline 0.002 -12"><span class='ocrx_word' id='word_1_339' title='bbox 958 2236 1068 2282; x_wconf 88' lang='lat' dir='ltr'>paulo</span> <span class='ocrx_word' id='word_1_340' title='bbox 1095 2242 1175 2281; x_wconf 92' lang='lat' dir='ltr'>post</span> <span class='ocrx_word' id='word_1_341' title='bbox 1199 2241 1406 2271; x_wconf 87' lang='lat' dir='ltr'>memorata.</span> 
     </span>
    </p>

    <p class='ocr_par' dir='ltr' id='par_1_13' title="bbox 959 2283 1672 2813">
     <span class='ocr_line' id='line_1_49' title="bbox 1029 2283 1672 2320; baseline 0 -2"><span class='ocrx_word' id='word_1_342' title='bbox 1029 2285 1067 2318; x_wconf 83' lang='lat' dir='ltr'>in</span> <span class='ocrx_word' id='word_1_343' title='bbox 1105 2286 1231 2320; x_wconf 82' lang='lat' dir='ltr'>Remos</span> <span class='ocrx_word' id='word_1_344' title='bbox 1267 2295 1481 2319; x_wconf 79' lang='lat' dir='ltr'>convenere:</span> <span class='ocrx_word' id='word_1_345' title='bbox 1519 2283 1672 2318; x_wconf 76' lang='lat' dir='ltr'>fortasse</span> 
     </span>
     <span class='ocr_line' id='line_1_50' title="bbox 959 2332 1670 2379; baseline 0 -14"><span class='ocrx_word' id='word_1_346' title='bbox 959 2334 995 2366; x_wconf 91' lang='lat' dir='ltr'>in</span> <span class='ocrx_word' id='word_1_347' title='bbox 1011 2334 1193 2368; x_wconf 82' lang='lat' dir='ltr'>civitatem</span> <span class='ocrx_word' id='word_1_348' title='bbox 1203 2334 1483 2368; x_wconf 86' lang='lat' dir='ltr'>Durocortorum</span> <span class='ocrx_word' id='word_1_349' title='bbox 1497 2332 1670 2379; x_wconf 75' lang='lat' dir='ltr'>(Rheims)</span> 
     </span>
     <span class='ocr_line' id='line_1_51' title="bbox 963 2379 1671 2427; baseline -0.001 -12"><span class='ocrx_word' id='word_1_350' title='bbox 963 2383 1144 2426; x_wconf 89' lang='lat' dir='ltr'>copiosam</span> <span class='ocrx_word' id='word_1_351' title='bbox 1174 2388 1208 2417; x_wconf 86' lang='lat' dir='ltr'>et</span> <span class='ocrx_word' id='word_1_352' title='bbox 1235 2382 1454 2427; x_wconf 84' lang='lat' dir='ltr'>opulentam.</span> <span class='ocrx_word' id='word_1_353' title='bbox 1580 2379 1671 2415; x_wconf 79' lang='lat' dir='ltr'>lulio</span> 
     </span>
     <span class='ocr_line' id='line_1_52' title="bbox 967 2428 1670 2471; baseline -0.004 -7"><span class='ocrx_word' id='word_1_354' title='bbox 967 2430 1178 2465; x_wconf 78' lang='lat' dir='ltr'>Valentino:</span> <span class='ocrx_word' id='word_1_355' title='bbox 1210 2442 1254 2465; x_wconf 87' lang='lat' dir='ltr'>ex</span> <span class='ocrx_word' id='word_1_356' title='bbox 1280 2431 1364 2464; x_wconf 76' lang='lat' dir='ltr'>iulio</span> <span class='ocrx_word' id='word_1_357' title='bbox 1381 2429 1433 2464; x_wconf 65' lang='lat' dir='ltr'>Ma</span> <span class='ocrx_word' id='word_1_358' title='bbox 1458 2439 1530 2463; x_wconf 88' lang='lat' dir='ltr'>non</span> <span class='ocrx_word' id='word_1_359' title='bbox 1551 2428 1670 2471; x_wconf 77' lang='lat' dir='ltr'>Tullio,</span> 
     </span>
     <span class='ocr_line' id='line_1_53' title="bbox 959 2477 1672 2524; baseline 0 -13"><span class='ocrx_word' id='word_1_360' title='bbox 959 2483 998 2511; x_wconf 90' lang='lat' dir='ltr'>ut</span> <span class='ocrx_word' id='word_1_361' title='bbox 1025 2479 1136 2524; x_wconf 85' lang='lat' dir='ltr'>vulgo</span> <span class='ocrx_word' id='word_1_362' title='bbox 1163 2480 1324 2520; x_wconf 85' lang='lat' dir='ltr'>faciunt,</span> <span class='ocrx_word' id='word_1_363' title='bbox 1351 2478 1414 2512; x_wconf 90' lang='lat' dir='ltr'>sed</span> <span class='ocrx_word' id='word_1_364' title='bbox 1440 2478 1530 2512; x_wconf 82' lang='lat' dir='ltr'>Iulio</span> <span class='ocrx_word' id='word_1_365' title='bbox 1557 2477 1672 2511; x_wconf 85' lang='lat' dir='ltr'>corri-</span> 
     </span>
     <span class='ocr_line' id='line_1_54' title="bbox 960 2526 1672 2571; baseline -0.003 -11"><span class='ocrx_word' id='word_1_366' title='bbox 960 2526 1114 2570; x_wconf 86' lang='lat' dir='ltr'>gendum</span> <span class='ocrx_word' id='word_1_367' title='bbox 1161 2531 1247 2561; x_wconf 85' lang='lat' dir='ltr'>erat.</span> <span class='ocrx_word' id='word_1_368' title='bbox 1305 2526 1403 2559; x_wconf 85' lang='lat' dir='ltr'>Nihil</span> <span class='ocrx_word' id='word_1_369' title='bbox 1445 2526 1672 2571; x_wconf 82' lang='lat' dir='ltr'>frequentius</span> 
     </span>
     <span class='ocr_line' id='line_1_55' title="bbox 960 2573 1672 2619; baseline 0 -13"><span class='ocrx_word' id='word_1_370' title='bbox 960 2574 1053 2618; x_wconf 89' lang='lat' dir='ltr'>apud</span> <span class='ocrx_word' id='word_1_371' title='bbox 1078 2585 1247 2619; x_wconf 87' lang='lat' dir='ltr'>proceres</span> <span class='ocrx_word' id='word_1_372' title='bbox 1277 2573 1458 2608; x_wconf 88' lang='lat' dir='ltr'>Gallorum</span> <span class='ocrx_word' id='word_1_373' title='bbox 1486 2573 1551 2607; x_wconf 88' lang='lat' dir='ltr'>illo</span> <span class='ocrx_word' id='word_1_374' title='bbox 1578 2578 1672 2607; x_wconf 82' lang='lat' dir='ltr'>tem-</span> 
     </span>
     <span class='ocr_line' id='line_1_56' title="bbox 959 2620 1672 2668; baseline -0.001 -13"><span class='ocrx_word' id='word_1_375' title='bbox 959 2632 1046 2665; x_wconf 88' lang='lat' dir='ltr'>pore</span> <span class='ocrx_word' id='word_1_376' title='bbox 1073 2634 1175 2668; x_wconf 87' lang='lat' dir='ltr'>quam</span> <span class='ocrx_word' id='word_1_377' title='bbox 1203 2633 1334 2657; x_wconf 89' lang='lat' dir='ltr'>nomen</span> <span class='ocrx_word' id='word_1_378' title='bbox 1361 2622 1457 2656; x_wconf 75' lang='lat' dir='ltr'>latii.</span> <span class='ocrx_word' id='word_1_379' title='bbox 1487 2621 1546 2656; x_wconf 95' lang='lat' dir='ltr'>Sic</span> <span class='ocrx_word' id='word_1_380' title='bbox 1562 2620 1672 2656; x_wconf 75' lang='lat' dir='ltr'>lulius</span> 
     </span>
     <span class='ocr_line' id='line_1_57' title="bbox 968 2669 1672 2717; baseline -0.004 -12"><span class='ocrx_word' id='word_1_381' title='bbox 968 2670 1112 2713; x_wconf 72' lang='lat' dir='ltr'>Vindex,</span> <span class='ocrx_word' id='word_1_382' title='bbox 1143 2671 1251 2706; x_wconf 81' lang='lat' dir='ltr'>Iulius</span> <span class='ocrx_word' id='word_1_383' title='bbox 1263 2671 1415 2717; x_wconf 74' lang='lat' dir='ltr'>Auspex,</span> <span class='ocrx_word' id='word_1_384' title='bbox 1443 2670 1552 2705; x_wconf 77' lang='lat' dir='ltr'>Iulius</span> <span class='ocrx_word' id='word_1_385' title='bbox 1568 2669 1672 2716; x_wconf 58' lang='lat' dir='ltr'>Afri-</span> 
     </span>
     <span class='ocr_line' id='line_1_58' title="bbox 961 2716 1672 2762; baseline -0.004 -10"><span class='ocrx_word' id='word_1_386' title='bbox 961 2720 1219 2762; x_wconf 80' lang='lat' dir='ltr'>canus‚1ulius</span> <span class='ocrx_word' id='word_1_387' title='bbox 1247 2720 1385 2762; x_wconf 63' lang='lat' dir='ltr'>Bur-‚do</span> <span class='ocrx_word' id='word_1_388' title='bbox 1413 2723 1448 2754; x_wconf 84' lang='lat' dir='ltr'>et</span> <span class='ocrx_word' id='word_1_389' title='bbox 1480 2717 1584 2752; x_wconf 86' lang='lat' dir='ltr'>multi</span> <span class='ocrx_word' id='word_1_390' title='bbox 1610 2716 1672 2754; x_wconf 81' lang='lat' dir='ltr'>alii</span> 
     </span>
     <span class='ocr_line' id='line_1_59' title="bbox 961 2765 1669 2813; baseline -0.001 -12"><span class='ocrx_word' id='word_1_391' title='bbox 961 2768 1004 2801; x_wconf 87' lang='lat' dir='ltr'>dc</span> <span class='ocrx_word' id='word_1_392' title='bbox 1032 2768 1159 2813; x_wconf 91' lang='lat' dir='ltr'>quibus</span> <span class='ocrx_word' id='word_1_393' title='bbox 1184 2780 1218 2803; x_wconf 89' lang='lat' dir='ltr'>v.</span> <span class='ocrx_word' id='word_1_394' title='bbox 1236 2768 1310 2802; x_wconf 94' lang='lat' dir='ltr'>Ind.</span> <span class='ocrx_word' id='word_1_395' title='bbox 1341 2768 1465 2802; x_wconf 86' lang='lat' dir='ltr'>histor.</span> <span class='ocrx_word' id='word_1_396' title='bbox 1491 2778 1527 2802; x_wconf 88' lang='lat' dir='ltr'>n.</span> <span class='ocrx_word' id='word_1_397' title='bbox 1548 2765 1669 2808; x_wconf 71' lang='lat' dir='ltr'>lulius</span> 
     </span>
    </p>
   </div>
   <div class='ocr_carea' id='block_1_12' title="bbox 962 2826 1675 3020">
    <p class='ocr_par' dir='ltr' id='par_1_14' title="bbox 962 2826 1675 3020">
     <span class='ocr_line' id='line_1_60' title="bbox 1048 2826 1671 2872; baseline -0.006 -10"><span class='ocrx_word' id='word_1_398' title='bbox 1048 2828 1132 2872; x_wconf 79' lang='lat' dir='ltr'>Cap.</span> <span class='ocrx_word' id='word_1_399' title='bbox 1161 2828 1218 2864; x_wconf 87' lang='lat'>69.</span> <span class='ocrx_word' id='word_1_400' title='bbox 1277 2827 1325 2862; x_wconf 79' lang='lat' dir='ltr'>At</span> <span class='ocrx_word' id='word_1_401' title='bbox 1358 2827 1468 2862; x_wconf 79' lang='lat' dir='ltr'>Iulius</span> <span class='ocrx_word' id='word_1_402' title='bbox 1502 2826 1671 2872; x_wconf 70' lang='lat' dir='ltr'>Auspex:</span> 
     </span>
     <span class='ocr_line' id='line_1_61' title="bbox 963 2875 1674 2924; baseline -0.006 -14"><span class='ocrx_word' id='word_1_403' title='bbox 963 2882 1162 2911; x_wconf 88' lang='lat' dir='ltr'>conventus</span> <span class='ocrx_word' id='word_1_404' title='bbox 1190 2875 1318 2924; x_wconf 70' lang='lat' dir='ltr'>Gallici</span> <span class='ocrx_word' id='word_1_405' title='bbox 1346 2875 1577 2917; x_wconf 85' lang='lat' dir='ltr'>consultatio,</span> <span class='ocrx_word' id='word_1_406' title='bbox 1608 2883 1674 2907; x_wconf 86' lang='lat' dir='ltr'>cu·-</span> 
     </span>
     <span class='ocr_line' id='line_1_62' title="bbox 962 2922 1675 2970; baseline -0.004 -12"><span class='ocrx_word' id='word_1_407' title='bbox 962 2926 1016 2958; x_wconf 90' lang='lat' dir='ltr'>ius</span> <span class='ocrx_word' id='word_1_408' title='bbox 1047 2925 1240 2970; x_wconf 88' lang='lat' dir='ltr'>descriptio</span> <span class='ocrx_word' id='word_1_409' title='bbox 1266 2924 1372 2969; x_wconf 89' lang='lat' dir='ltr'>paulo</span> <span class='ocrx_word' id='word_1_410' title='bbox 1399 2929 1482 2958; x_wconf 82' lang='lat' dir='ltr'>ante</span> <span class='ocrx_word' id='word_1_411' title='bbox 1505 2922 1675 2957; x_wconf 82' lang='lat' dir='ltr'>inchoata</span> 
     </span>
     <span class='ocr_line' id='line_1_63' title="bbox 962 2972 1674 3020; baseline -0.007 -11"><span class='ocrx_word' id='word_1_412' title='bbox 962 2979 1028 3017; x_wconf 85' lang='lat' dir='ltr'>est,</span> <span class='ocrx_word' id='word_1_413' title='bbox 1054 2985 1149 3010; x_wconf 90' lang='lat' dir='ltr'>nunc</span> <span class='ocrx_word' id='word_1_414' title='bbox 1175 2983 1281 3020; x_wconf 86' lang='lat' dir='ltr'>porro</span> <span class='ocrx_word' id='word_1_415' title='bbox 1306 2974 1357 3008; x_wconf 83' lang='lat' dir='ltr'>ita</span> <span class='ocrx_word' id='word_1_416' title='bbox 1382 2972 1609 3020; x_wconf 83' lang='lat' dir='ltr'>depingitur,</span> <span class='ocrx_word' id='word_1_417' title='bbox 1635 2973 1674 3004; x_wconf 78' lang='lat' dir='ltr'>ut</span> 
     </span>
    </p>
   </div>
  </div>
 </body>
</html>
