1768 3216
150 227 240 267 Μ

150 345 355 390 ‚exaperire
381 353 453 378 non
476 342 673 378 Tacitinum
701 345 729 378 H
759 345 780 379 5
811 345 866 380 13.

173 405 348 440 excedere
388 403 554 439 absolute
595 405 749 449 positum
790 404 813 439 2
839 405 898 440 33.

215 475 258 499 eo
288 463 403 499 laudis
431 464 609 500 excedere
637 465 668 502 A
693 464 753 500 42.

155 535 339 560 ¹excessus
366 525 403 559 in
430 525 653 560 orationibus
681 524 709 560 0
735 527 794 562 22.

147 585 329 622 »excusari
356 595 436 619 cum
462 584 582 619 dativo
618 586 635 620 1
666 585 720 620 12.

148 643 334 689 :exempla
357 644 568 688 novissima,
598 645 621 679 i.
652 656 684 679 e.
711 649 892 679 extremae

215 715 356 750 poenae
383 705 463 740 aliis
499 707 534 739 in
571 704 738 750 exempla
765 716 892 739 cessu-

215 776 276 800 rae
307 767 350 800 12
380 766 440 809 20,
473 766 515 800 15
541 765 600 801 44.
631 765 676 800 cf.
704 767 735 800 Α
761 766 796 801 8.
831 777 897 800 ex-

151 847 154 850 ·
215 825 356 871 empla,
384 836 455 860 non
483 825 703 870 exemplaria
732 827 759 860 ll
787 826 810 860 4
836 827 893 861 25.

167 884 316 920 exilium
353 885 535 931 significat
567 885 686 920 locum
724 885 784 920 ubi
815 886 894 931 quis

148 978 157 981 ,⁷
217 944 340 993 exulat
370 947 386 979 1
416 945 474 980 53.

151 1004 363 1044 „exitiabilis
389 1010 425 1040 et
454 1004 699 1050 perniciabilis
729 1004 751 1042 6
778 1005 811 1040 7.

165 1067 283 1100 exitus
311 1067 335 1101 i.
366 1077 396 1100 e.
426 1071 600 1100 exeuntes
627 1065 656 1100 G
681 1066 739 1101 37.

166 1125 337 1171 expedire
365 1136 451 1160 arcu
477 1126 647 1160 alimenta
673 1126 695 1161 6
721 1126 781 1162 43.

144 1186 339 1232 'expedire
364 1187 388 1221 i.
417 1197 449 1221 e.
476 1185 742 1231 expeditionem
771 1187 890 1222 facere

212 1248 244 1282 H
277 1249 294 1282 1
326 1248 381 1282 10.
410 1246 580 1291 expedire
606 1251 643 1282 et
669 1246 831 1291 expediri
860 1247 889 1282 H

216 1308 238 1342 2
266 1306 324 1342 99.

145 1367 303 1412 ,experti
343 1367 379 1401 in
410 1366 527 1402 vicem
563 1378 704 1412 sumus,
747 1378 818 1415 ego
854 1378 895 1403 ac

218 1427 377 1462 Fortuna
404 1428 430 1462 Η
458 1429 480 1464 2
510 1428 568 1463 47.

147 1489 372 1534 ..explorator
398 1491 422 1524 i.
452 1500 483 1524 e.
509 1488 659 1524 satelles
689 1489 729 1524 11
762 1489 817 1524 16.

163 1550 364 1596 expugnari
397 1548 442 1584 ad
476 1549 640 1584 homines
679 1548 887 1584 translatum

210 1612 238 1646 H
265 1612 287 1646 5
318 1611 372 1645 12.
398 1611 429 1645 Α
455 1608 514 1646 41.

162 1676 310 1707 externa
336 1672 361 1706 i.
388 1683 421 1706 e.
452 1670 598 1706 hostilia
626 1671 653 1705 H
676 1672 698 1706 3
724 1671 758 1714 5,
787 1670 810 1704 4
828 1670 887 1706 32.

155 1732 357 1768 exterritus
388 1731 430 1767 16
456 1731 492 1767 8.

167 1797 327 1827 extrema
352 1792 451 1826 vitae
477 1791 648 1826 alimenta
672 1790 696 1826 6
722 1790 781 1826 24.

164 1857 331 1887 extruere
379 1851 414 1886 h.
445 1862 476 1886 e.
511 1855 650 1886 struere
691 1855 727 1885 et
763 1860 890 1885 ornare

218 1912 261 1946 14
280 1911 340 1947 53.

161 1972 304 2006 exuisse
330 1971 418 2004 vitia
442 1969 473 2003 A
497 1970 532 2004 9.

162 2031 247 2066 exul
290 2031 366 2076 egit
404 2029 521 2064 Rhodi
563 2031 687 2074 specie
729 2040 893 2065 secessus

215 2089 392 2133 Tiberius,
420 2099 492 2123 non
520 2089 662 2123 exulem
693 2092 706 2122 1
737 2089 772 2124 4.

155 2148 326 2184 :exultare
378 2148 581 2182 cubiculum
628 2149 800 2193 principis
847 2150 886 2183 11

210 2209 271 2246 28.
293 2208 501 2245 exultabant
518 2208 730 2243 fruebantur
747 2210 773 2243 Η
792 2209 814 2244 3
830 2208 887 2244 83.

160 2329 345 2366 Fabricius
382 2330 537 2365 Veiento
573 2331 777 2365 venditator
809 2341 893 2364 mu-

208 2400 333 2424 nerum
359 2390 552 2434 principis,
592 2390 617 2425 i.
651 2401 683 2424 e.
712 2389 887 2424 honorum

151 2482 156 2485 .
209 2461 229 2484 a
255 2450 418 2495 principe
445 2450 744 2485 conferendorum
767 2451 810 2485 14
828 2452 887 2486 50.

160 2508 305 2544 fabulae
330 2509 521 2544 Atellanae
553 2520 624 2544 non
645 2509 737 2545 Osca
760 2509 885 2557 lingua

207 2570 363 2615 scriptae
392 2570 415 2603 4
447 2572 501 2604 14.

150 2630 282 2665 ›facere
309 2629 419 2664 alicui
446 2630 645 2675 periculum
678 2631 721 2665 13
745 2631 805 2665 33.

160 2690 272 2726 facies
299 2701 341 2725 ac
370 2690 483 2737 figura
504 2691 618 2725 animi
654 2690 880 2725 emendatum

205 2751 237 2784 A
266 2750 325 2786 46.

158 2811 308 2855 primum
320 2810 460 2845 facinus
472 2811 558 2845 novi
573 2811 793 2856 principatus
813 2811 828 2845 1
847 2811 881 2846 6.

153 2870 285 2914 falces,
311 2881 383 2905 non
410 2871 510 2906 faces
537 2875 651 2906 castra
665 2881 882 2918 oppugnan-

206 2930 301 2967 tibus
327 2930 435 2967 utiles
462 2932 491 2966 H
517 2930 542 2967 4
565 2931 624 2968 84.

848 225 993 264 INDEX

942 344 1070 380 fallere
1093 354 1173 380 cum
1190 346 1409 392 accusativo,
1447 347 1472 384 i.
1497 357 1531 382 e.
1556 346 1670 384 latere

1000 405 1028 439 G
1059 405 1112 441 16.

944 463 1034 499 falsa
1064 468 1238 502 exterreri
1266 477 1330 514 pro
1355 466 1448 506 ,falso
1474 477 1546 502 non
1574 466 1668 503 dici-

993 530 1050 561 tur
1075 527 1099 562 4
1125 528 1182 562 28.

941 585 1052 620 falsus
1093 587 1115 620 i.
1148 598 1179 621 e.
1221 588 1265 622 ad
1291 587 1490 626 fallendum
1516 598 1667 634 compo-

989 647 1078 680 situs
1110 648 1126 681 1
1158 648 1192 681 1.

944 705 1080 741 familia
1106 706 1214 742 filiam
1241 707 1428 755 filiumque
1462 709 1670 756 significans

1000 767 1041 800 12
1069 768 1101 801 2.

947 826 1162 862 familiarum
1192 833 1227 863 et
1248 829 1402 865 familias
1428 839 1494 865 seu
1509 829 1670 867 familiae

991 886 1013 920 3
1039 886 1073 922 8.

945 945 998 980 fas
1025 946 1201 993 nefasque
1234 947 1259 983 Η
1290 949 1313 985 2
1340 948 1397 993 56,
1425 948 1448 985 3
1474 950 1532 984 51.
1555 976 1558 978 -

943 1005 1055 1040 fastos
1083 1006 1289 1042 adulatione
1316 1013 1515 1054 temporum
1538 1009 1669 1046 foeda-

990 1071 1046 1100 tos
1072 1077 1269 1103 exonerare
1297 1069 1326 1103 H
1353 1068 1378 1105 4
1401 1067 1462 1106 40.

942 1127 1014 1161 fata
1040 1127 1182 1172 imperii
1209 1130 1374 1175 urg-entia
1404 1129 1432 1164 G
1456 1129 1516 1166 33.

942 1187 1062 1222 fatalis
1090 1187 1166 1222 dies
1194 1189 1222 1223 Ο
1260 1190 1313 1224 13.

942 1247 1059 1282 fausta
1086 1249 1231 1284 nomina
1260 1250 1290 1284 H
1319 1247 1343 1283 4
1369 1249 1415 1285 53
1442 1254 1478 1284 et
1501 1249 1562 1287 82.

945 1307 1156 1342 favorabilis
1184 1307 1218 1344 h.
1249 1320 1281 1344 e.
1319 1309 1443 1345 favore
1482 1310 1612 1358 dignus
1644 1311 1667 1348 2

995 1367 1052 1404 36.

940 1428 1069 1463 felices
1095 1430 1184 1464 rami
1214 1429 1242 1466 H
1271 1429 1296 1464 4
1321 1430 1379 1466 53.

944 1488 1100 1524 feminae
1127 1489 1298 1527 inlustres
1323 1501 1388 1536 per
1415 1502 1558 1530 arenam
1584 1493 1668 1528 foe-

988 1549 1092 1585 datae
1122 1551 1164 1586 15
1191 1551 1249 1586 32.
1277 1550 1446 1588 fatidicae
1467 1551 1667 1589 Germano-

987 1620 1063 1644 rum
1093 1620 1155 1656 pro
1182 1611 1316 1646 deabus
1343 1612 1487 1648 habitae
1513 1613 1541 1648 G
1571 1614 1606 1650 8.

939 1670 1044 1705 fenus
1077 1672 1216 1718 agitare
1250 1677 1288 1708 et
1320 1674 1357 1708 in
1382 1683 1508 1710 usuras
1531 1679 1666 1714 exten-

989 1730 1074 1766 dere
1102 1731 1129 1766 G
1155 1731 1214 1767 26.

943 1790 1066 1825 feralis
1093 1792 1274 1827 exercitus
1300 1792 1329 1827 G
1355 1793 1415 1829 43.

939 1850 1041 1885 ferax
1067 1861 1146 1885 cum
1165 1852 1332 1898 genitivo
1354 1857 1389 1887 et
1411 1852 1570 1889 ablativo
1587 1853 1660 1891 G5.

937 1909 1153 1944 ferentarius
1180 1910 1284 1946 miles
1313 1912 1355 1947 12
1381 1912 1441 1948 35.

932 1969 1163 2005 Ferentinum
1191 1971 1360 2016 oppidum
1396 1973 1432 2006 in
1458 1971 1603 2009 Etruria
1629 1977 1666 2008 et

993 2031 1029 2064 in
1054 2030 1156 2066 Latio
1185 2032 1228 2067 15
1255 2032 1314 2067 53.
1341 2031 1431 2068 illud
1456 2031 1591 2072 librarii
1607 2034 1664 2067 vi-

993 2091 1045 2124 tio
1072 2090 1277 2125 Ferentium
1294 2091 1499 2136 appellatur
1515 2093 1541 2127 H
1558 2093 1580 2128 2
1604 2093 1663 2128 50-

937 2159 1009 2182 non
1050 2150 1189 2184 occulti
1235 2151 1355 2185 ferunt
1402 2150 1438 2186 h.
1474 2163 1506 2186 e.
1541 2155 1664 2196 aperte

989 2210 1201 2254 profitentur
1226 2210 1250 2245 4
1273 2210 1332 2246 40.

934 2269 1020 2304 fessi
1047 2281 1138 2305 aevo
1157 2275 1218 2305 aut
1242 2271 1339 2306 rudis
1360 2271 1539 2316 pueritiae
1566 2258 1670 2308 aetas'

992 2317 1293 2367 emendatum'15
1318 2331 1379 2368 38.

938 2389 1110 2425 festinare
1139 2402 1217 2425 cum
1249 2392 1455 2426 accusativo
1487 2393 1526 2426 11
1555 2394 1590 2431 2.

940 2450 1050 2486 fibrae
1078 2462 1140 2496 pro
1167 2453 1258 2486 extis
1286 2453 1316 2486 H
1344 2452 1367 2486 2
1391 2452 1427 2487 3.

934 2510 1069 2545 Fidena
1095 2511 1271 2558 singulari
1299 2522 1447 2547 numero
1472 2511 1495 2548 4
1516 2513 1579 2547 [62.

936 2571 1023 2606 fides
1052 2582 1116 2606 sua
1143 2573 1167 2606 i.
1197 2583 1228 2606 e.
1256 2571 1386 2606 fiducia
1412 2573 1467 2607 sui
1492 2573 1516 2608 3
1548 2574 1603 2608 12.

935 2631 1126 2666 fidissimus
1170 2633 1195 2666 i.
1238 2643 1270 2667 e.
1321 2643 1391 2678 quo
1433 2634 1512 2678 quis
1552 2632 1663 2668 fidere

981 2693 1136 2727 maxime
1162 2696 1282 2736 potest
1307 2693 1340 2726 A
1369 2693 1422 2727 19.

932 2750 1060 2785 fiducia
1088 2753 1111 2786 i.
1143 2763 1177 2787 e.
1206 2752 1334 2798 quibus
1363 2753 1442 2798 quis
1464 2752 1540 2787 fidit
1558 2752 1659 2788 311.

933 2811 1045 2856 figere
1072 2811 1208 2856 domos,
1235 2823 1306 2847 non
1331 2812 1469 2858 fingere
1498 2812 1526 2846 G
1550 2810 1610 2848 46.

933 2870 1091 2906 filiarum
1118 2872 1360 2908 Romanorum
1386 2871 1495 2909 solita
1517 2873 1662 2916 nomi-na

981 2933 1007 2969 4
1034 2931 1091 2967 64.
1511 2947 1513 2949 ·
