1768 3216
992 0 1021 11 nn
1036 0 1042 6 =
1067 0 1126 12 t-vx
1140 0 1239 13 -ws-
1302 0 1411 13 mzwv

731 67 808 108 ..a
867 68 945 106 w.
987 49 1029 116 0³5
1059 41 1115 108 a.
1146 64 1218 109 r>

1011 121 1022 141 d

1417 0 1547 12 “xvh-*V
1562 0 1588 12 Ἀ
1644 0 1752 12 ww

159 242 232 277 328
749 225 1055 263 HISTORtARVM
1447 236 1480 260 a.
1507 234 1543 260 u.
1569 223 1654 261 823.

160 357 257 412 pelli
278 356 480 410 poterant.
513 348 591 391 Sed
622 348 822 388 immensa
838 345 1016 399 pecunia
1040 342 1103 385 fer
1135 355 1160 384 :er
1191 355 1253 422 *A
1266 342 1487 397 Ingressus
1516 345 1654 385 castra

160 431 388 478 Mucianus,
421 437 499 478 quo
543 422 697 464 rectius
733 419 938 474 stipendia
980 417 1240 472 singulorum
1285 419 1522 470 spectaret,
1566 417 1653 460 suis

162 517 250 545 cum
283 498 512 554 insignibus
547 496 756 548 armisque
786 494 971 535 victores
1002 491 1228 543 constituit,
1266 489 1442 532 modicis
1473 490 1582 532 inter
1610 501 1658 532 se

160 576 301 630 spatiis
334 574 554 614 discretos.
615 570 715 611 Tum
746 567 985 620 Vitelliani,
1032 578 1136 620 quos
1167 564 1274 619 apud
1298 563 1479 606 Bovillas
1507 563 1548 606 in
1579 564 1660 607 de-

127 650 359 694 5diti0nem
390 650 586 699 acceptos
618 642 954 694 memoravimus,
989 641 1203 694 ceterique
1233 651 1309 694 per
1339 638 1485 681 urbem
1505 641 1546 680 et
1561 638 1656 680 urbi

160 725 299 767 vicina
340 720 562 775 conquisiti
609 718 895 772 producuntur
936 727 1066 770 prope
1110 715 1263 756 intecto
1309 725 1502 768 corpore.
1574 713 1659 755 Eos

155 798 370 841 Mucianus
403 795 558 847 diduci,
592 798 632 835 et
664 792 956 834 Germanicum
990 789 1357 842 Britannicumque
1391 787 1576 840 militem,
1610 799 1661 829 ue

157 874 193 915 si
225 872 293 926 qui
325 871 500 912 aliorum
532 868 816 918 exercituum,
859 865 1082 919 separatim
1126 864 1331 906 adsistere
1369 862 1493 905 iubet.
1555 862 1655 918 Illos

157 947 312 1002 primus
345 945 478 987 statim
510 947 701 997 aspectus
735 941 1096 995 obstupefecerat,
1139 951 1231 980 cum
1263 951 1316 980 ex
1347 938 1516 980 diverso
1546 937 1662 979 velut.

110 1022 293 1069 maciem
321 1019 416 1061 telis
446 1023 486 1059 et
517 1018 642 1060 armis
670 1021 845 1068 trucem,
879 1018 1010 1056 semet
1037 1012 1452 1075 clausospnudosque
1483 1016 1524 1055 et
1553 1011 1664 1053 inlu-

162 1096 231 1137 vie
262 1095 471 1136 deformes
504 1093 752 1147 aspicerent.
815 1091 866 1132 Ut
895 1101 996 1131 vero
1029 1088 1109 1130 huc
1137 1088 1232 1130 illuc
1265 1087 1439 1129 distrahi
1466 1099 1661 1142 coepere,

161 1174 293 1212 metus
324 1181 396 1224 per
427 1180 570 1209 omnes
602 1171 642 1208 et
672 1166 897 1220 praecipua
926 1163 1162 1206 Germanici
1179 1163 1318 1204 militis
1339 1162 1535 1215 formido,
1556 1166 1664 1204 tam-

163 1258 281 1298 quam
332 1257 380 1285 ea
428 1242 692 1297 separatione
740 1241 790 1282 ad
841 1239 1014 1282 caedem
1062 1238 1384 1280 destinarentur.
1459 1237 1664 1279 Prensare

163 1317 573 1371 commanipularium
604 1320 791 1370 pectora,
828 1313 1063 1356 cervicibus
1094 1313 1263 1364 innecti,
1296 1324 1487 1365 suprema
1520 1310 1664 1353 oscula

111 1407 148 1435 15
161 1398 316 1447 petere,
347 1404 399 1433 ne
433 1391 730 1432 desererentur
761 1389 866 1440 soli,
899 1400 980 1429 neu
1010 1387 1100 1443 pari
1130 1399 1256 1428 causa
1289 1386 1497 1440 disparem
1529 1386 1667 1427 fortu-

161 1480 255 1508 nam
281 1469 544 1520 paterentur3
576 1464 701 1505 modo
732 1463 980 1513 Mucianum,
1013 1461 1138 1503 modo
1171 1461 1386 1502 absentem
1416 1452 1661 1513 principem,

162 1544 415 1595 postremum
448 1538 608 1579 caelum
640 1550 689 1579 ac
724 1537 827 1579 deos
860 1535 1090 1587 obtestari,
1137 1535 1273 1576 donec
1313 1534 1528 1576 Mucianus
1561 1545 1667 1576 cun-

162 1619 252 1656 ctos
287 1614 472 1656 eiusdem
506 1613 780 1664 sacramenti,
825 1612 1012 1654 eiusdem
1045 1612 1305 1666 imperatoris
1338 1611 1487 1654 milites
1519 1610 1666 1666 appel-

298 1781 328 1814 1..
355 1781 412 1824 fer
439 1790 517 1813 cum
546 1779 608 1813 lin.
636 1790 744 1823 super
775 1779 841 1812 litt.
871 1790 890 1811 r
918 1778 973 1823 (id
1003 1783 1056 1812 est
1081 1780 1219 1823 ferunt,
1248 1784 1286 1812 ut
1318 1778 1364 1826 G)
1384 1777 1449 1813 Ma.
1478 1778 1520 1813 ad
1546 1780 1604 1824 fer
1629 1779 1666 1813 in

158 1840 228 1875 mg.
258 1827 329 1863 Ma:
357 1829 439 1861 ltine
465 1829 503 1860 in
528 1827 599 1861 alio
626 1827 723 1872 solio.
778 1828 943 1861 nimirum
981 1825 1032 1860 Ma
1069 1827 1276 1871 perturbato
1304 1829 1513 1874 paginarum
1540 1827 1667 1862 ordine

157 1878 218 1912 sed
241 1878 401 1911 inmensa
435 1877 588 1922 pecunia
614 1877 674 1920 fei
699 1887 739 1909 ae
765 1877 883 1909 statim
910 1886 952 1908 ne
980 1875 1242 1909 criminantium
1268 1879 1318 1921 (c.
1342 1878 1388 1912 52
1413 1875 1478 1909 sub
1505 1876 1666 1923 initium)

157 1936 271 1970 usque
305 1925 347 1958 ad
386 1926 491 1958 finem
528 1937 557 1958 c.
593 1925 639 1959 53
681 1925 830 1968 defecisse
857 1923 959 1958 crede
994 1925 1066 1968 (sic
1092 1923 1144 1957 Ma
1172 1934 1234 1968 pro
1263 1925 1448 1970 creditum)
1479 1929 1580 1959 tanta
1613 1926 1668 1960 uis

160 1975 335 2007 hominum
362 1973 549 2006 retinenda
578 1979 665 2007 erat.
718 1975 753 2006 in
781 1973 806 2006 G
834 1973 982 2005 mutatio
1013 1973 1222 2017 paginarum
1251 1974 1366 2017 spatio
1409 1983 1523 2007 vacuo
1564 1973 1661 2007 indi-

161 2027 240 2055 cata
267 2026 339 2064 est3
378 2022 489 2054 ceteri
525 2021 672 2065 perinde
700 2021 877 2055 aberrant.
930 2030 992 2064 pro
1019 2022 1075 2065 fer
1102 2020 1355 2054 Doederlinius
1381 2023 1473 2056 scite
1500 2022 1665 2056 terrebat.

162 2080 284 2104 verum
311 2068 470 2103 ordinem
497 2069 652 2102 restituit
680 2069 908 2110 Puteolanus,
938 2068 1006 2101 nisi
1034 2068 1127 2113 quod
1154 2069 1214 2102 sed
1239 2070 1408 2103 immensa
1432 2070 1584 2115 pecunia
1610 2072 1668 2114 fer

162 2117 293 2152 omisit.
369 2119 402 2152 5.
433 2117 537 2151 urbes
564 2118 628 2151 Ma.
705 2117 739 2152 6.
769 2118 964 2161 conquisita
989 2115 1064 2150 Ma:
1092 2116 1118 2150 G
1147 2119 1342 2161 conquisiti.
1413 2119 1446 2153 7.
1475 2117 1566 2152 britt.
1600 2117 1665 2152 Mu.

160 2166 195 2200 8.
223 2166 380 2211 separati
405 2164 507 2199 GMa:
537 2170 735 2200 correctum
764 2168 799 2200 in
826 2166 884 2199 AB
915 2170 950 2199 et
980 2175 999 2198 a
1026 2164 1236 2200 Puteolano.

166 2216 220 2248 11.
238 2226 309 2260 cep.
328 2213 393 2248 Ma.

162 2272 267 2296 nano.

1342 2167 1395 2201 10.
1439 2166 1572 2200 inlubie
1598 2165 1664 2201 Ma.

450 2215 503 2248 13.
532 2226 642 2259 seper.
659 2213 754 2248 Gala.
807 2214 1043 2247 destinaretur
1058 2213 1162 2247 Gala:
1191 2220 1390 2248 correctum
1418 2226 1437 2249 e
1463 2214 1490 2248 B
1517 2225 1535 2248 a
1567 2213 1668 2249 Rhe-

347 2264 401 2297 14.
429 2262 562 2296 innecti
588 2261 658 2296 Ma:
687 2263 819 2296 inuecti
844 2262 882 2296 G.
959 2262 1090 2307 sup—nna
1114 2261 1179 2296 Ma.
1251 2264 1303 2298 15.
1327 2265 1434 2309 patiri
1463 2265 1578 2297 causes
1600 2262 1665 2306 Ma,

163 2311 197 2344 h.
227 2323 258 2346 e.
284 2311 367 2356 pari
392 2321 512 2353 causa,
539 2311 629 2345 flexa
658 2311 791 2345 lineola
811 2311 954 2355 longam
974 2310 1148 2354 syllabam
1170 2311 1383 2346 denotante:
1409 2312 1539 2358 impari
1558 2322 1672 2359 causti,

164 2359 202 2401 G,
230 2361 268 2393 in
291 2361 373 2404 pari
399 2371 506 2393 causa
532 2359 760 2402 Puteolanus,
781 2361 864 2405 pari
889 2362 927 2394 in
955 2370 1064 2392 causa
1089 2359 1288 2395 Bekkerus.
1393 2360 1447 2395 18.
1483 2361 1554 2394 eius
1582 2361 1663 2406 imp.

163 2406 238 2441 Ma:
266 2408 293 2441 G
323 2407 474 2441 eiusdem
498 2409 578 2454 imp.

167 2540 262 2574 unde
288 2540 433 2574 revulsa
470 2546 504 2574 et
538 2551 602 2574 suo
638 2543 772 2574 nomini
802 2553 880 2575 cum

166 2588 240 2622 leni
284 2590 508 2623 correctione
552 2589 717 2622 adiuncta
764 2590 881 2633 prodit

166 2638 241 2670 sine
279 2637 354 2671 ulla
394 2637 552 2671 mercede
585 2638 670 2682 pelli
703 2644 876 2683 poterant.

167 2685 269 2719 Posse
297 2685 330 2719 h.
360 2685 382 2719 l.
415 2686 458 2720 de
486 2696 528 2720 eo
554 2685 686 2719 (lictum
709 2691 762 2720 est
786 2686 880 2731 quod

168 2733 266 2767 salva
294 2735 476 2779 aequitate
511 2734 586 2768 lieri
622 2739 752 2779 potest.
806 2735 880 2768 Ho-

168 2783 280 2815 mines
313 2784 405 2816 enim
434 2783 525 2816 mala
558 2788 654 2816 sorte
693 2783 880 2817 conflicta-

169 2834 222 2862 tos
250 2831 326 2863 sive
354 2831 427 2864 ulla
455 2832 620 2866 mercede
637 2831 878 2876 desperationi

171 2888 350 2920 exponere
379 2884 414 2911 et
440 2880 599 2914 obiicere
626 2881 786 2925 iniquum
812 2881 881 2914 fuit

172 2929 206 2957 et
244 2928 481 2962 temerarium.
551 2928 650 2970 Quae
682 2934 880 2975 sequuntur

171 2971 229 3005 sed
255 2975 422 3010 immensa
442 2977 594 3022 pecunia
628 2978 685 3023 ser
711 2996 752 3014 m
780 2977 879 3012 hiatu

950 2542 1112 2575 laborant
1138 2551 1207 2574 non
1231 2540 1339 2575 facile
1367 2540 1557 2585 explendo.
1588 2542 1666 2576 Ad-

952 2590 1020 2623 hue
1057 2589 1146 2623 nihil
1191 2589 1319 2623 melius
1357 2590 1513 2634 cognovi
1559 2600 1663 2634 quam

950 2637 1172 2671 Doederlinii
1216 2638 1381 2672 terrebat.
1447 2637 1500 2672 De
1543 2638 1664 2672 verbis

951 2698 1018 2731 qua
1045 2693 1145 2720 tanta
1181 2688 1231 2720 vis
1267 2687 1444 2721 nominum
1478 2687 1665 2722 retinenda

952 2742 1030 2769 erat
1066 2735 1175 2781 vulgo
1213 2735 1282 2769 huc
1325 2745 1435 2780 prave
1469 2735 1592 2769 relatis
1629 2737 1664 2769 in

953 2784 1021 2818 line
1052 2796 1083 2818 e.
1111 2785 1157 2818 53
1188 2784 1429 2828 dispiciemus.

1037 2838 1068 2866 ct
1110 2833 1189 2866 urbi
1224 2834 1369 2867 vicina.-
1415 2833 1475 2877 qui
1514 2832 1665 2867 Narniae

950 2885 1056 2926 atque
1090 2881 1313 2916 interamnae
1352 2880 1665 2915 custodiebantur:

951 2929 992 2963 ll.
1022 2928 1067 2962 111
1094 2929 1151 2964 613.

1022 2979 1135 3013 aciem
1173 2976 1248 3013 telis
1281 2983 1313 3013 et
1358 2977 1467 3011 armis
1503 2982 1659 3012 trucem:
