1768 3216
753 237 839 276 Gn.
870 236 1027 277 45—46.
1584 244 1631 279 ⁵73

68 352 124 398 46
270 356 566 402 Peucinorum
575 359 911 415 Venetorumque
942 366 982 403 et
1012 362 1245 405 Fennorum
1284 363 1479 407 nationes
1520 365 1629 408 Ger-

135 420 269 477 manis
296 447 348 476 an
379 435 576 479 Sarmatis
607 436 814 478 ascribam
843 436 1002 489 dubito,
1035 450 1279 493 quamquam
1310 423 1493 492 Peucini,
1525 451 1629 494 quos

136 510 302 565 quidam
332 510 553 552 Bastarnas
584 515 759 563 vocant,
792 523 986 552 sermone
1027 512 1150 565 cultu,
1182 513 1284 555 sede
1317 526 1368 556 ac
1410 514 1631 557 domiciliis

136 590 181 628 ut
207 586 417 627 Germani
457 589 597 640 agunt.
678 585 835 627 Sordes
882 586 1063 628 omnium
1110 600 1160 629 ac
1209 592 1354 642 torpor
1394 601 1628 643 procerum.

137 660 366 704 Connubiis
397 660 513 702 mixti
553 660 743 701 nonnihil
774 661 815 701 in
846 661 1124 704 Sarmatarum
1169 663 1351 705 habitum
1397 663 1666 707 foedantur.⁵

137 736 286 778 Veneti
329 735 497 776 multum
546 747 599 776 ex
639 736 823 777 moribus
868 740 1105 778 traxerunt:
1148 750 1243 780 nam
1282 739 1480 793 quidquid
1508 740 1636 782 ‘inter

138 810 343 852 Peucinos
371 811 621 864 Fennosque
653 810 851 852 silvarum
876 824 925 852 ac
955 811 1153 853 montium
1185 813 1372 868 erigitur,
1402 813 1635 857 latrociniis

137 889 366 938 pererrant:

273 1029 306 1063 1.
344 1026 574 1061 Peucinorum
599 1027 722 1071 primis
748 1027 884 1061 duabus
910 1027 991 1072 syll.
1021 1038 1197 1072 superscr.
1225 1040 1309 1062 curo
1334 1030 1371 1064 P.

427 883 478 925 Hi
508 888 646 926 tamen
675 885 782 927 inter
811 885 1041 928 Germanos
1074 887 1212 940 potius
1241 887 1506 942 referuntur,
1538 889 1634 943 quia

1484 1035 1632 1065 ueneto-

135 1087 278 1122 rumque
306 1096 351 1102 —-
375 1076 501 1110 uencti-
516 1075 542 1109 P
569 1086 648 1110 cum
672 1076 867 1121 plerisque.
895 1077 931 1109 in
957 1075 1037 1110 aliis
1064 1076 1100 1110 th
1127 1087 1190 1121 pro
1217 1083 1241 1119 t,
1268 1078 1305 1111 in
1335 1076 1435 1112 nullo
1463 1078 1497 1113 d.
1596 1080 1631 1114 4.

135 1127 171 1160 in
195 1125 221 1160 P
247 1129 415 1171 punctum
444 1129 497 1159 est
524 1129 604 1168 post
629 1130 769 1169 torpor-‚⁰
804 1135 933 1159 nomen
965 1136 1153 1170 procerum
1186 1137 1264 1160 cum
1295 1127 1478 1161 connubiis
1506 1127 1632 1173 iungi...

134 1179 202 1231 tur,
230 1184 349 1219 neque
374 1184 460 1207 vere
486 1172 592 1208 aliter
617 1173 752 1207 rettulit
778 1173 822 1207 de
848 1172 873 1206 P
900 1174 1154 1208 Massmannus.

1250 1175 1284 1209 5.
1312 1175 1413 1209 vnixti
1440 1186 1484 1209 ex
1510 1177 1632 1220 suspi-

135 1224 242 1257 cione
279 1221 420 1256 Coleri:
459 1223 576 1256 mistos
613 1232 789 1266 superscr.
831 1221 898 1255 litt.
940 1233 959 1255 o
986 1222 1030 1256 ab
1058 1222 1103 1257 al.
1131 1233 1176 1256 m.
1206 1223 1220 1256 i
1256 1222 1300 1266 P,
1338 1223 1432 1257 unde
1466 1223 1632 1270 plerique

134 1272 252 1306 mistos
277 1276 337 1305 aut
361 1272 497 1314 mioetos,
523 1270 582 1304 alii
602 1271 730 1305 mixtis.

135 1406 310 1449 bitavere‚
337 1410 375 1438 ut
399 1405 553 1447 videtur,
579 1405 639 1439 ubi
666 1416 760 1440 nunc
788 1411 843 1439 est

137 1455 267 1490 Suedia
294 1453 550 1500 (Schweden).

223 1524 308 1571 Cap.
351 1527 411 1562 46.
461 1525 537 1560 Hoc
582 1527 701 1571 capite
742 1528 842 1572 quasi

137 1575 345 1620 appendicis
396 1575 478 1609 loco
532 1575 738 1619 complexus
790 1581 844 1609 est

138 1628 283 1669 ςειιιεε,
325 1634 411 1669 quas
447 1627 563 1657 utrum
591 1623 773 1658 Germanis
799 1636 842 1658 an

137 1672 304 1706 Sarmatis
341 1672 538 1706 ascriberet
570 1673 728 1706 incertus
756 1678 843 1707 erat.

137 1721 317 1754 Sarmatae
343 1720 505 1766 (Slaven)
537 1719 716 1764 Europaei
754 1723 846 1755 inter

139 1769 313 1803 Vistulam
349 1773 385 1803 et
410 1768 573 1802 Tanaim:
614 1769 704 1803 Ptol.
739 1769 788 1803 Ill
823 1771 844 1805 5

137 1819 174 1860 §.
208 1819 221 1850 1
253 1821 288 1851 et
311 1819 335 1852 2
361 1821 397 1851 et
426 1817 481 1853 10.
534 1817 572 1851 ln
608 1817 735 1851 Fennis
763 1828 846 1851 mox

138 1866 342 1900 memoratis
375 1875 524 1910 pronum
558 1870 612 1899 εει
647 1876 845 1912 agnoscere

142 1914 270 1948 Finnos
295 1913 477 1960 (Finnen),
504 1914 564 1959 qui
600 1917 743 1950 Φίννοιμ
764 1921 846 1949 sunt

141 1962 344 1996 Ptolemaeo
382 1963 419 1996 in
453 1962 625 1996 Sarmatia
658 1962 846 2008 Eun-opaea

139 2010 185 2044 lll
219 2011 240 2045 5
275 2011 311 2053 §.
346 2009 412 2052 20,
452 2011 488 2044 in
542 2010 679 2045 Venetis
718 2017 845 2056 gentes

148 2058 343 2092 Venetorum
367 2058 571 2104 (Wenden)‚
596 2069 685 2104 quos
710 2059 845 2095 Plinius

138 2107 188 2141 lv
214 2107 259 2141 27
288 2108 371 2152 (13)
397 2108 531 2141 rectius
558 2109 703 2142 vocavit
733 2108 846 2142 Vene-

139 2156 199 2190 dos
225 2155 303 2188 sive
331 2155 486 2190 Venedas
513 2155 624 2202 (apud
650 2158 765 2201 ipsum
793 2163 847 2191 est

139 2215 162 2238 a
191 2203 386 2245 Sarmatis,
433 2204 615 2249 Venalis),
660 2204 847 2246 Οὗενέδας

139 2251 365 2286 Ptolemaeus
390 2250 438 2285 ΙΙΙ
467 2253 488 2287 5
514 2253 549 2294 δ.
582 2253 846 2294 19,10rnandes

82 2332 86 2337 ,
146 2300 338 2334 Vindarum
362 2300 542 2334 nationem
570 2311 600 2334 c.
630 2300 663 2334 5.

211 2379 294 2412 quos
318 2367 457 2412 quidam
477 2368 672 2402 Bastarnas
700 2373 847 2402 vocant.-

140 2416 274 2450 Plinius
299 2415 348 2450 lv
375 2415 449 2452 28:
482 2416 604 2460 quinta
626 2427 712 2462 pars
739 2415 847 2454 (Ger-

139 2468 340 2511 manorum)
368 2463 531 2506 Peucini,
568 2464 752 2506 Bastarni,
787 2476 847 2497 su-

134 2513 308 2560 pradictis
338 2513 547 2547 contermini
574 2512 694 2546 Dacis.
723 2512 847 2546 Strabo

143 2561 205 2596 Vll
230 2563 253 2597 3
279 2563 315 2604 §.
344 2562 386 2596 5:
424 2557 520 2607 πρὸς
555 2559 711 2598 dennis
743 2564 848 2607 ἐκβο-

141 2612 224 2650 λαῖς
251 2612 336 2655 (τοῦ
353 2608 521 2656 Ἴστρου)
557 2609 706 2656 μεγάλη
733 2608 850 2651 νῆσός

142 2660 248 2695 ἐστιν
283 2657 303 2700 ἦ
337 2659 479 2701 Πεύκη·
534 2660 793 2703 κατασχόντες
819 2657 849 2691 δ’

144 2704 260 2750 αὐτὴν
278 2705 504 2751 Βαστάρναι
515 2708 703 2741 Πευκινοὶ
724 2716 849 2747 ποοσ-

144 2754 421 2808 ηγορεύθησαν.
473 2752 698 2787 Ptolemaeus
739 2739 785 2787 lll
828 2755 849 2788 5

147 2803 210 2837 19:
246 2802 338 2846 ὑπὲρ
374 2814 437 2845 την
475 2803 622 2837 Λακίαν
663 2804 851 2837 Πευκῖνοί

144 2864 181 2886 τε
207 2854 271 2886 καὶ
299 2851 531 2894 Βασιὲριαι.

215 2930 373 2954 sermone
400 2919 505 2961 cultu,
533 2918 612 2951 sede
639 2928 683 2951 ac
705 2918 852 2952 domici-

144 2967 222 3003 liis.-
259 2968 305 3002 εἰ.
338 2968 381 3003 ad
409 2967 454 3002 xl
480 2966 515 3001 6.
568 2965 694 2999 Sedem
723 2970 758 2999 et
784 2966 851 2999 do-

813 1270 892 1304 Ιιῖιιῐ
919 1270 957 1304 P.

1064 1270 1230 1316 fedantur
1255 1271 1292 1305 P.
1415 1271 1449 1307 6.
1478 1272 1569 1323 chd
1594 1273 1631 1308 P.

912 1405 1045 1439 micilia
1074 1405 1160 1439 dicit
1186 1405 1255 1439 fixa
1274 1432 1284 1450 ‚
1311 1407 1477 1451 opposita
1505 1407 1623 1442 mobi-

912 1454 1005 1488 libus
1031 1454 1279 1489 Sarmatarum.

980 1526 1099 1560 sordes
1126 1527 1278 1560 omnium
1315 1538 1359 1561 ac
1386 1533 1506 1573 torpor
1529 1539 1618 1574 pro-

911 1586 1047 1611 cerum.-
1073 1585 1158 1611 vere
1177 1575 1361 1619 Bipontini
1386 1585 1517 1610 nomen
1541 1582 1617 1610 tor-

908 1634 974 1668 por
1003 1634 1080 1657 curn
1108 1623 1285 1657 vocabulo
1323 1635 1509 1669 procerum
1534 1625 1617 1658 iun-

911 1677 1050 1706 xerunt.
1103 1671 1255 1706 Sordent
1279 1682 1415 1716 omnes,
1449 1683 1617 1717 proceres

911 1719 999 1753 nihil
1029 1725 1151 1765 agunt,
1184 1721 1245 1754 sed
1273 1721 1396 1755 domus
1419 1732 1537 1755 curam
1554 1732 1618 1756 ce-

911 1769 999 1802 teris
1026 1768 1207 1815 delegant.
1261 1769 1315 1803 Cf.
1343 1781 1373 1804 c.
1405 1770 1468 1805 15:
1495 1770 1619 1814 fortis-

911 1818 1016 1850 simus
1058 1818 1199 1862 quisque
1249 1829 1294 1851 ac
1342 1817 1619 1853 bellicosissimus

910 1865 1001 1899 nihil
1026 1876 1133 1911 aqens
1159 1886 1216 1900 -.
1269 1866 1342 1912 Ipsi
1367 1866 1491 1901 hebent
1517 1871 1589 1902 cet.

1003 1962 1183 1997 connubiis
1228 1963 1328 1997 mixti
1377 1964 1539 1998 nonnihil
1585 1964 1624 1998 in

911 2011 1159 2045 Sarmatarum
1203 2011 1358 2045 habitum
1406 2011 1618 2057 foedantur:

912 2063 991 2103 post
1016 2060 1116 2093 mixti
1142 2070 1186 2093 ex
1205 2061 1366 2104 proxime
1384 2061 1622 2106 sequentibus

911 2107 1021 2142 facile
1055 2109 1205 2142 sumitur
1238 2109 1414 2143 Sarmatis
1450 2110 1509 2144 vel
1549 2121 1626 2143 cum

913 2156 1098 2190 Sarmatis.
1154 2156 1251 2191 Idem
1288 2162 1342 2191 est
1387 2168 1428 2191 ac
1467 2160 1497 2192 si
1533 2159 1626 2192 scri-

912 2205 1044 2248 psisset
1089 2206 1270 2239 connubiis
1311 2206 1412 2240 ntiaeti
1449 2206 1626 2239 Sarmatis

912 2253 1075 2286 nonnihil
1102 2253 1141 2286 in
1167 2264 1286 2286 eorum
1299 2253 1455 2287 habitum
1473 2254 1625 2298 foedan-

913 2306 981 2333 tur.
1033 2300 1147 2333 Causa
1194 2311 1255 2334 cur
1297 2303 1332 2336 in
1387 2301 1622 2335 Sarmatarum

914 2347 1073 2380 habitum
1099 2347 1245 2381 Peucini
1275 2348 1478 2392 foedentur,
1503 2349 1624 2383 verbis

915 2396 1097 2428 connubiis
1122 2396 1222 2429 mioeti
1246 2401 1460 2433 continetur.
1500 2398 1627 2432 Forma

912 2443 1028 2476 mioetis
1053 2453 1161 2487 prava
1177 2445 1435 2482 assimilatione
1452 2451 1535 2480 nata
1558 2450 1624 2488 est,

914 2501 978 2535 per
1012 2501 1162 2537 eamque
1207 2497 1305 2530 certa
1350 2494 1503 2529 subiecti
1543 2499 1628 2528 nota

916 2539 1148 2574 subtrahitur.
1199 2541 1270 2574 lam
1305 2547 1482 2578 structura
1524 2542 1625 2577 adest

914 2587 1036 2621 Tacito
1059 2588 1230 2623 adamata.
1283 2593 1328 2627 Xl
1362 2590 1427 2626 24:
1454 2592 1525 2625 iam
1550 2601 1626 2623 mo-

915 2635 1010 2670 ribus
1049 2637 1183 2671 artibus
1217 2639 1455 2683 adfinitatibus
1499 2638 1628 2672 nostris

916 2685 1027 2727 mioeti,
1055 2696 1181 2718 aurum
1207 2692 1238 2720 et
1264 2699 1347 2733 opes
1372 2697 1453 2720 suas
1468 2688 1627 2731 inserant

915 2733 1039 2778 potius,
1067 2744 1170 2777 quam
1189 2735 1530 2779 separatihabeant3
1551 2732 1628 2767 Xlll

917 2782 983 2815 34:
1009 2780 1224 2814 Armenii—
1247 2782 1473 2817 similitudine
1493 2792 1628 2815 morum

921 2828 1059 2861 Parthis
1071 2830 1264 2873 propiores,
1282 2823 1527 2874 connubiisque
1541 2840 1627 2875 per-

918 2876 1028 2909 mixti
1083 2876 1122 2909 ll
1152 2876 1273 2913 1180:
1320 2880 1442 2923 quippe
1478 2882 1510 2911 et
1539 2888 1627 2922 pro-

918 2922 1088 2956 vincrales
1115 2931 1210 2958 sueto
1235 2925 1381 2960 militnm
1399 2925 1626 2959 contubernio

918 2970 1294 3019 gaudebant,plerique
1319 2971 1627 3011 necessitudinibus
