1768 3216
167 207 239 254 1'92
738 213 799 249 DE
829 213 1118 251 onAromssvs

165 338 399 376 nostrorum
430 332 618 384 referas,
664 331 843 374 fortasse
876 331 1046 386 longum
1077 331 1293 384 videatur,
1327 331 1363 374 si
1392 323 1662 374 ‘adfnaturam

165 408 400 450 seculorum
433 419 482 447 ac
511 410 745 460 respectum
778 407 966 448 immensi
998 407 1118 462 liuius
1149 407 1268 458 aevi,
1303 418 1502 460 perquam
1530 406 1661 448 breve

167 486 205 523 et
235 482 275 522 in
306 481 496 535 proximo
528 485 601 523 est.
678 481 781 523 Nam
813 481 873 533 si,
922 485 966 522 ut
998 481 1146 523 Cicero
1179 481 1222 522 in
1252 479 1474 522 Hortensio
1502 479 1660 532 scribit,

166 556 201 597 is
231 560 294 597 est
324 567 498 610 magnus
530 559 571 597 et
599 567 725 597 verus
757 568 888 597 annus
921 567 1001 609 quo
1035 555 1183 596 eadem
1213 555 1365 609 positio
1399 554 1506 596 caeli
1546 554 1665 597 side-

132 634 350 683 5rumque,
384 641 489 683 quae
521 641 614 670 cum
646 629 822 671 maxime
854 633 939 682 est,
977 641 1140 671 rursum
1173 629 1349 681 existet,
1382 629 1500 683 isque
1530 639 1664 670 annus

167 705 314 747 horum
346 715 449 758 quos
482 715 559 745 nos
586 715 784 745 vocamus
817 715 1017 745 annorum
1055 704 1275 745 duodecim
1295 703 1407 745 milia
1425 706 1663 758 nongentos

164 779 460 834 quinquaginta
493 782 686 832 quattuor
718 777 1029 831 complectitur,
1083 778 1226 831 incipit
1254 778 1556 820 Demosthenes
1588 790 1666 819 ve-

163 858 262 907 ster,
297 866 416 908 quem
442 865 518 894 vos
550 856 733 894 veterem
766 856 806 893 et
835 852 1045 905 antiquum
1076 852 1254 906 fingitis,
1299 864 1382 893 non
1414 851 1548 894 solum
1576 845 1662 894 'eo-

164 929 255 971 dem
284 940 393 970 anno
422 925 502 980 quo
531 939 632 978 nos,
679 926 753 968 sed
796 926 884 968 sere
932 926 1080 968 eodem
1123 938 1266 968 mense
1297 926 1498 968 extitisse.
1579 925 1730 969 Sedu

112 1006 332 1045 intranseo
363 1002 414 1044 acl
444 1002 612 1043 Latinos
644 1005 855 1052 oratores,
905 1001 946 1041 in
989 1001 1134 1054 quibus
1183 1013 1266 1042 non
1313 1000 1576 1052 Menenium,
1618 1002 1663 1041 ut

164 1082 285 1132 puto,
318 1077 568 1131 Agrippam,
603 1075 670 1128 qui
702 1079 839 1128 potest
870 1075 1004 1116 videri
1032 1075 1246 1128 antiquus,
1279 1079 1520 1116 nostrorum
1550 1078 1659 1116 tem—

163 1163 309 1206 porum
342 1150 508 1192 disertis
540 1153 794 1202 anteponere
824 1148 992 1200 soletis,
1046 1148 1121 1189 sed
1154 1148 1402 1189 Ciceronem
1435 1151 1475 1190 et
1504 1147 1663 1190 Caesa-

165 1237 252 1266 rem
289 1228 328 1265 et
351 1223 531 1266 Caelium
566 1226 605 1263 et
630 1222 798 1263 Calvum
829 1226 868 1263 et
890 1221 1057 1262 Brutum
1090 1226 1130 1262 et
1150 1221 1341 1263 Asinium
1364 1226 1404 1264 et
1422 1221 1658 1264 Messalam.

165 1299 278 1348 Quos
310 1297 405 1352 quid
439 1297 616 1350 antiquis
649 1296 902 1350 temporibus
933 1296 1068 1350 potius
1100 1296 1318 1338 ascribatis
1342 1308 1463 1350 quam
1485 1296 1655 1349 nostris,

114 1388 152 1418 ιε
167 1385 250 1415 non
280 1373 418 1414 video.
478 1372 580 1414 Nam
611 1375 655 1412 ut
687 1371 738 1412 de
769 1371 973 1412 Cicerone
1005 1371 1094 1424 ipso
1127 1371 1296 1424 loquar,
1343 1371 1475 1412 Hirtio
1511 1382 1659 1424 nempe

166 1453 206 1491 et
235 1448 367 1490 Pansa
399 1445 663 1498 consulibus,
705 1450 748 1487 ut
774 1445 869 1487 Tiro
896 1445 1068 1487 libertus
1099 1446 1186 1487 eius
1216 1445 1407 1499 scripsit,
1439 1445 1659 1499 septimum

277 1581 307 1613 1.
333 1578 495 1612 videatur
521 1577 569 1611 P:
595 1577 731 1611 videtur
757 1575 794 1610 F.
869 1577 900 1610 si
925 1576 972 1610 ad
998 1576 1022 1610 P
1043 1588 1051 1610 :
1078 1577 1126 1610 ud
1152 1575 1190 1611 F.
1286 1576 1321 1610 3.
1349 1576 1386 1609 in
1412 1574 1588 1609 hortensio
1615 1575 1667 1610 ait

169 1626 290 1663 scribit
316 1626 352 1670 P,
381 1626 443 1661 sed
471 1637 504 1659 v.
534 1627 583 1659 ait
611 1625 706 1659 linea
733 1625 776 1658 ab
805 1624 927 1658 eadem
958 1635 1062 1658 manu
1090 1625 1312 1659 subductum.
1402 1624 1436 1658 5.
1463 1629 1514 1657 est
1541 1633 1598 1657 om
1624 1623 1663 1667 F,

169 1687 242 1711 non
272 1675 308 1709 P.
384 1675 418 1710 6.
447 1673 530 1708 XII.
559 1675 756 1718 (superscr.
786 1672 842 1718 M)
881 1673 980 1708 VIII.
1010 1675 1206 1718 (superscr.
1237 1672 1283 1718 C)
1313 1672 1438 1706 L1111.
1467 1671 1492 1705 Ρ
1519 1676 1555 1705 et
1579 1681 1666 1716 per..

168 1725 251 1759 inde
276 1725 407 1758 ceteri:
436 1724 592 1757 correxit
617 1722 695 1756 Nic.
722 1722 883 1755 Loensis.
996 1721 1031 1756 8.
1059 1733 1131 1755 non
1156 1721 1281 1767 solum]
1308 1730 1484 1765 superscr.
1515 1719 1663 1754 Pontani

169 1784 273 1807 manu
303 1772 486 1816 videturq,·.
562 1771 596 1805 9.
623 1773 699 1815 fere
726 1771 772 1803 P:
800 1772 900 1814 fama
924 1769 964 1811 F,
991 1771 1100 1814 ferme
1127 1770 1282 1804 coniecit
1308 1768 1507 1803 Bekkerus.
1609 1769 1663 1804 10.

170 1822 371 1856 Menenium
399 1820 449 1854 P:
476 1820 503 1853 F
527 1831 581 1853 me
606 1820 762 1853 nimium.
843 1820 896 1852 11.
925 1819 1085 1863 antiquos
1103 1818 1142 1861 F,
1168 1828 1239 1851 non
1265 1817 1302 1851 P.
1434 1818 1488 1851 13.
1517 1816 1666 1851 coelium

168 1870 193 1904 P
214 1882 223 1903 ε
251 1869 357 1903 alium
386 1868 425 1902 F.
574 1867 626 1902 14.
657 1879 739 1911 quos
764 1866 846 1910 quid
871 1867 1023 1910 antiquis
1048 1867 1122 1901 FP:
1150 1878 1232 1911 quos
1258 1866 1393 1911 quidem
1420 1877 1485 1899 cur
1510 1865 1664 1909 antiquis

168 1918 398 1952 Puteolanus,
494 1916 681 1949 ascribatis
707 1915 758 1948 P:
784 1914 811 1948 F
840 1915 1026 1949 ascribitis.
1120 1916 1174 1950 15.
1201 1916 1274 1960 ipse
1300 1913 1338 1958 F,
1366 1923 1437 1947 non
1464 1913 1500 1948 P.
1606 1913 1661 1947 16.

170 1972 244 2010 tyro
272 1966 308 2000 P.
405 1965 482 1998 VII.
515 1965 551 1998 P.
581 1964 626 1998 cf.
655 1964 697 1997 ad
724 1964 746 1998 6
779 1963 837 1997 50.

170 2090 304 2126 augere
330 2084 449 2112 orator
475 2077 533 2112 hic
558 2083 680 2111 noster
704 2088 798 2111 nunc
824 2078 882 2110 in-

171 2128 290 2163 clinat.
321 2127 430 2172 Lipsii
459 2128 664 2160 coniectura
688 2126 883 2158 infirmatur

175 2178 278 2210 ctiam
308 2186 364 2218 eo,
393 2175 486 2221 quod
513 2180 581 2209 tam
609 2176 643 2208 in
666 2174 689 2207 P
715 2185 817 2218 quam
846 2175 881 2206 in

169 2224 196 2259 F
237 2230 375 2268 tempus
422 2224 617 2258 litterarum
651 2224 766 2265 notis,
811 2232 881 2255 non

170 2282 396 2307 numerorum
422 2273 546 2318 signis,
576 2271 754 2305 definitur.

240 2349 277 2377 ut
305 2343 429 2376 Cicero
455 2343 493 2376 in
523 2342 707 2376 Hortensio
736 2341 882 2375 scribit:

171 2391 219 2426 cf.
244 2396 363 2425 annot.
391 2391 433 2424 ad
461 2402 490 2424 c.
519 2391 552 2425 5.
667 2396 881 2436 nonyenlos:

170 2450 277 2473 verus
303 2439 361 2472 hic
386 2449 552 2472 numerus
588 2439 712 2471 nititur
746 2438 883 2472 duobus

171 2488 287 2522 Servii
314 2487 403 2520 locis
431 2486 474 2520 ad
495 2487 635 2531 Virgilii
662 2488 751 2520 Aen.
782 2486 883 2521 1269

171 2541 206 2570 et
231 2534 277 2570 ΙΙΙ
304 2535 376 2570 284
401 2534 586 2568 Ciceronis
623 2536 658 2567 in
692 2535 882 2568 Hortensio

168 2584 280 2618 verba
314 2583 635 2617 commemorantis.
700 2583 737 2615 ln
773 2582 883 2616 'l'aciti

170 2633 313 2666 codices
341 2642 410 2676 qua
435 2631 493 2664 via
518 2631 719 2673 corruptela
737 2632 882 2663 invase-

168 2683 232 2723 rit,
267 2680 423 2714 ostendit
459 2678 552 2712 liber
586 2678 637 2712 P:
678 2680 810 2724 quippe
846 2680 883 2711 in

172 2739 264 2810 vill,
292 2767 324 2801 id
354 2772 408 2801 est
434 2768 661 2812 oclinqentos,
690 2776 760 2800 una
787 2765 881 2799 line·

170 2817 228 2851 ola
253 2817 382 2850 omissa
410 2820 475 2849 est.

173 2898 176 2899 ⁷
242 2885 328 2931 Cap.
358 2886 413 2920 17.
472 2897 543 2919 non
573 2885 802 2926 Menenium,
845 2889 883 2918 ut

165 2940 269 2983 pulo,
308 2935 526 2983 Agrippam.-
571 2934 821 2981 interpositum
846 2938 884 2968 ut

950 2083 1031 2121 pulo
1057 2077 1258 2111 irrisionem
1293 2076 1467 2121 quandam
1505 2080 1540 2111 et
1575 2084 1666 2109 con-

953 2129 1122 2169 temptum
1149 2125 1316 2158 ostendit.
1352 2125 1410 2159 Sic
1437 2136 1467 2158 c.
1494 2126 1562 2159 21:
1591 2135 1666 2158 cum

951 2185 1058 2206 unum
1084 2179 1114 2207 et
1135 2173 1269 2218 viyinti,
1296 2179 1332 2206 ut
1355 2178 1451 2218 puto,
1481 2172 1588 2206 libros
1605 2183 1665 2206 re-

952 2221 1117 2265 liquerit,·
1163 2221 1230 2256 25:
1265 2222 1434 2266 primum,
1467 2226 1503 2254 ut
1528 2221 1665 2266 opinor,

951 2271 1102 2302 nominis
1135 2271 1408 2303 controversiam
1432 2269 1559 2312 ’ποιοίη
1598 2269 1665 2303 372

951 2318 1124 2360 undecim,
1149 2323 1186 2351 ut
1212 2318 1348 2363 opinor,
1376 2317 1543 2352 Actorum
1567 2315 1667 2350 libris

952 2387 998 2392 --
1029 2367 1122 2399 edila
1146 2372 1235 2398 sunt.
1264 2365 1317 2400 De
1341 2365 1505 2399 Menenio
1529 2365 1666 2410 Agrip-

953 2425 995 2458 pa
1020 2425 1054 2448 v.
1082 2413 1204 2447 Livius
1233 2413 1340 2448 1132.
1369 2413 1496 2448 Cicero
1521 2414 1558 2446 in
1573 2411 1667 2446 Bru-

953 2467 988 2495 to
1013 2473 1047 2496 c.
1079 2462 1122 2495 14
1158 2462 1360 2495 Menenium
1397 2462 1433 2495 in
1459 2461 1666 2495 secessione

952 2509 1069 2554 plebis
1102 2520 1132 2542 a.
1161 2509 1227 2543 261
1266 2520 1297 2543 a.
1330 2520 1364 2542 u.
1398 2509 1568 2543 disertum
1595 2518 1666 2542 nou

953 2558 1256 2599 commemoravit,
1282 2556 1345 2591 sed
1370 2557 1525 2591 Marcum
1553 2555 1665 2589 Vale-

952 2607 1041 2639 rium
1069 2605 1278 2639 dictatorem
1306 2605 1457 2639 dicendo
1482 2604 1666 2640 sedavisse

953 2654 1147 2688 discordias
1174 2653 1328 2688 tradidit.

1026 2743 1204 2787 septimum
1227 2742 1303 2775 idus
1333 2741 1541 2775 Decembres
1568 2741 1665 2775 occi-

951 2802 1008 2823 sus
1036 2797 1108 2824 est:
1149 2792 1186 2824 iu
1221 2789 1345 2823 codice
1380 2789 1579 2837 ἀρχετύπῳ
1606 2789 1665 2822 vi-

952 2838 1054 2872 detur
1103 2839 1214 2874 fuisse
1254 2838 1334 2872 VII.
1375 2838 1490 2871 ID.D.
1533 2842 1664 2881 puncto

952 2887 1044 2920 inter
1076 2887 1145 2920 DD
1175 2886 1355 2921 evanido:
1399 2885 1482 2919 hinc
1515 2885 1666 2919 Decem-

953 2935 1056 2980 bres,
1099 2945 1203 2981 quam
1237 2943 1365 2971 vocem
1392 2933 1532 2980 Lipsius
1567 2937 1665 2970 recte
