1768 3216
174 254 224 289 88
788 249 1055 285 GERMAMAE

175 369 411 411 nominihus
443 367 649 421 appellant
679 371 887 409 secretum
917 367 1017 408 illud
1045 367 1155 420 quod
1187 368 1277 410 sola
1324 370 1562 412 reverentia
1600 370 1670 412 vi·-

177 444 286 486 dent

176 517 434 558 consuetudo
477 515 664 570 simplex.

347 443 547 496 Auspicia
577 446 797 496 sortesque
830 446 874 482 ut
903 443 972 496 qui
1003 442 1182 484 maxime
1209 443 1448 486 observant.
1490 443 1669 487 Sol-tium
1684 445 1740 484 10

726 516 894 571 Virgam
936 516 1167 571 frugiferae
1213 518 1355 559 arbori
1399 518 1584 561 decisam
1628 519 1671 561 in

176 591 367 633 surculos
400 594 639 644 amputant,
682 602 840 644 eosque
871 590 980 631 notis
1013 590 1256 644 quibusdam
1301 591 1509 634 discretos
1549 605 1675 647 super

143 666 396 708 scandidam
424 670 583 708 vestem
614 670 769 707 temere
801 678 850 706 ac
881 665 1050 706 fortuito
1083 670 1295 720 spargunt.

1355 667 1467 719 Mox,
1500 668 1536 710 si
1565 668 1674 722 pub-

172 741 253 782 lice
287 740 548 791 consuletur,
594 739 795 781 sacerdos
828 739 1033 791 civitat-is,
1079 740 1143 780 sin
1174 741 1397 794 privatim,
1438 741 1527 795 ipse
1556 746 1675 796 pater

172 815 379 867 familiae,
410 818 606 868 precatus
639 814 742 855 deos
783 813 1026 867 caelumque
1066 814 1328 868 suspiciens,
1379 819 1443 857 ter
1482 816 1672 871 singulos

171 889 290 941 tollit,
324 889 507 931 sublatos
539 889 768 931 secundum
799 889 1043 942 impressam
1076 893 1170 929 ante
1197 894 1337 931 notam
1364 890 1670 944 interpretatur.

173 964 215 1006 Si
248 964 562 1017 prohibuerunt,
595 964 707 1005 nulla
739 963 790 1005 de
823 963 969 1004 eadem
998 975 1045 1003 re
1072 963 1114 1004 in
1140 964 1315 1005 eundem
1347 964 1456 1006 diem
1498 965 1672 1007 consul-

122 1037 298 1079 iotatio:
348 1037 413 1079 sin
439 1037 712 1090 permissum,
754 1037 1034 1091 auspiciorum
1066 1037 1200 1078 adhuc
1232 1037 1334 1079 fides
1368 1038 1560 1093 exigitur.
1621 1039 1671 1081 Et

172 1111 271 1153 illud
304 1111 470 1165 quidem
503 1111 625 1153 etiam
657 1111 725 1152 hic
751 1115 908 1163 notum,
941 1111 1076 1152 avium
1107 1123 1237 1153 voces
1267 1111 1514 1166 volatusque
1534 1113 1670 1155 inter-

171 1197 348 1240 rogare:
395 1186 607 1238 proprium
646 1185 784 1239 gentis
817 1197 1016 1239 equorum
1048 1197 1212 1240 quoque
1242 1186 1462 1242 praesagia
1494 1199 1545 1228 ac
1575 1199 1670 1229 mo-

172 1259 280 1301 nitus
329 1259 524 1313 experiri.

305 1434 339 1468 5.
372 1434 516 1477 fortuito
545 1434 591 1468 1‘:
618 1434 780 1468 nonnulli
807 1435 967 1480 fortuitu.

636 1484 668 1517 7.
702 1483 787 1517 coel.
816 1483 840 1517 P
868 1488 905 1517 ut
933 1494 1085 1528 semper.

167 1481 304 1516 solatur
329 1481 534 1516 Rhenanus.

247 1656 419 1685 secretum
454 1651 543 1685 illud
591 1651 686 1694 (jene
725 1653 880 1697 gelteime

169 1699 290 1744 Idee).·
330 1703 507 1733 secretum
536 1699 570 1734 h.
599 1700 621 1734 l.
651 1702 879 1746 participium

168 1752 222 1781 est
258 1758 469 1792 suspensum
505 1759 549 1788 ex
583 1751 796 1792 pronomine
832 1750 880 1783 il..

167 1795 237 1839 lud,
265 1806 336 1830 non
363 1796 577 1831 substantivi
604 1798 685 1832 vice
704 1798 877 1844 fungitur.

226 1866 304 1901 sola
331 1868 530 1902 reverentia
545 1871 630 1914 (nur
655 1869 692 1901 in
721 1869 785 1902 der
802 1869 880 1903 An-

167 1914 311 1958 dackt).·
351 1926 423 1948 non
458 1917 618 1960 corporis
660 1917 776 1951 oculis
818 1918 881 1952 sed

165 1964 287 2006 animi,
315 1965 515 1998 reverentis
556 1970 592 1999 et
631 1965 783 1999 colentis
818 1976 880 2000 se-

166 2015 298 2045 cretam
329 2016 364 2045 et
388 2022 551 2046 arcanam
579 2018 792 2057 potestatem
812 2025 881 2048 nu-

167 2059 285 2094 minis.

223 2129 308 2173 Cap.
323 2129 377 2163 10.
405 2129 565 2174 auspicia
590 2136 766 2175 sortesque
787 2132 878 2178 (Vo-

163 2176 288 2222 9elfln9
314 2176 387 2210 und
418 2177 590 2224 Wirsel):
627 2185 738 2213 sortes
771 2191 790 2214 a
817 2191 877 2215 se-

164 2224 275 2259 rendo
294 2225 410 2259 dictae
425 2226 520 2270 quod
534 2232 760 2272 sparguntur.
785 2228 877 2262 Cae-
894 2254 903 2261 .

164 2283 221 2306 sar
247 2272 260 2306 1
288 2273 335 2308 50
359 2277 394 2307 et
412 2274 458 2308 53
484 2275 627 2308 nonnisi
654 2280 768 2310 sortes
796 2277 878 2311 data

163 2321 356 2355 occasione
411 2325 713 2358 commemoravit.
766 2325 876 2360 Taciti

164 2369 269 2403 huius
304 2370 357 2403 rei
391 2369 586 2414 descriptio
625 2382 710 2416 prae
745 2375 876 2408 ceteris

162 2417 270 2460 plena
297 2422 332 2450 et
356 2417 551 2452 luculenta.
623 2417 629 2419 ’
678 2427 805 2455 temere
832 2434 880 2456 ae

161 2465 306 2508 fortuito
323 2479 333 2498 .·
361 2471 487 2499 temere
516 2472 569 2501 est
599 2467 700 2502 nullo
728 2471 875 2513 provisu

163 2512 363 2546 consiliove
388 2516 610 2559 spargenti5‚
644 2518 807 2561 fortuito,
836 2523 875 2551 ut

164 2569 267 2594 casus
295 2565 330 2595 et
355 2560 428 2594 fors
455 2562 548 2596 tulit.

233 2631 264 2664 si
286 2630 425 2676 publice
448 2633 647 2666 consuletur
668 2634 784 2680 (menn
806 2647 873 2670 von

159 2679 400 2724 Staatsweqen
415 2680 470 2714 die
486 2680 599 2726 Frage
620 2683 754 2725 yestellt
777 2696 870 2718 wer-

160 2726 226 2759 den
264 2727 375 2773 soll).·
424 2728 559 2762 consuli
600 2729 645 2763 de
678 2734 869 2766 scrutanda

159 2773 306 2810 deorum
332 2775 519 2811 voluntate
548 2777 693 2821 dictum,
722 2784 759 2812 ut
774 2780 868 2814 H..11

157 2822 205 2854 3:
233 2822 434 2868 Cinyradas
459 2826 624 2860 sacerdos
650 2826 868 2872 consulitur,-

157 2868 233 2902 XIV
259 2871 327 2906 30:
365 2873 541 2907 hominum
562 2874 660 2917 fibris
686 2876 867 2911 consulere

156 2917 246 2952 deos.
298 2918 475 2955 Absolute
515 2922 607 2966 apud
659 2921 866 2971 Cornelium

154 2963 242 3010 Nep.
278 2966 315 3009 iti
340 2966 497 3019 Qiltiade
528 2970 569 3004 1:
610 2972 866 3009 consulentibus

584 1259 752 1300 Publice
795 1260 958 1301 aluntur
1004 1260 1136 1302 isdem
1183 1260 1425 1303 nemoribus
1471 1274 1520 1303 ac
1563 1261 1668 1304 lucis

1175 1316 1631 1347 ΑΝ

1065 1435 1099 1470 6.
1129 1435 1329 1470 consuletur
1353 1435 1378 1469 P
1407 1441 1443 1470 et
1468 1436 1551 1471 alii:
1579 1443 1666 1471 con..

1191 1485 1245 1519 13.
1274 1485 1396 1519 iisdem
1423 1484 1460 1520 Ρ.

948 1653 1156 1687 nominatim
1181 1654 1305 1700 Pythia
1329 1657 1534 1702 praecepit‚·
1560 1657 1665 1692 Taci-

949 1706 1004 1735 tus
1036 1701 1077 1735 li.
1109 1702 1139 1736 11
1165 1702 1213 1737 4:
1253 1703 1292 1736 tle
1325 1705 1554 1750 vtaviyatione
1584 1707 1665 1752 pri—

949 1761 1040 1784 mum
1083 1751 1267 1785 consuluit.
1330 1752 1427 1786 ldem
1465 1754 1666 1789 consultare

949 1798 1038 1832 dixit
1063 1797 1091 1831 11
1123 1799 1190 1834 54:
1231 1811 1413 1834 numerum
1444 1802 1544 1836 modo
1577 1815 1666 1838 con-

949 1847 1153 1880 sultantium
1179 1853 1211 1881 et
1237 1849 1382 1882 nomina
1409 1850 1518 1884 audie.
1570 1851 1663 1887 Olim

949 1905 1020 1928 non
1047 1901 1146 1930 recte
1181 1895 1272 1930 haec
1303 1897 1414 1932 verba
1448 1898 1492 1933 de
1518 1899 1663 1943 publico

950 1943 1105 1977 consilio
1151 1945 1326 1988 capiendo
1370 1951 1431 1980 aut
1466 1948 1663 1983 omittendo

948 1993 1096 2036 accepi,
1139 2003 1243 2036 quam
1273 1994 1551 2038 explicationem
1585 1997 1662 2032 Ru-

948 2041 1084 2083 pertius
1104 2045 1139 2073 et
1159 2040 1412 2076 Doederlinius
1431 2043 1661 2090 Orelliusque

947 2093 1176 2131 acceperunt.
1225 2089 1374 2123 Obstant
1399 2102 1491 2136 quae
1521 2103 1541 2126 e
1570 2103 1661 2127 con-

948 2137 1054 2169 trario
1081 2136 1351 2182 subsequuntur
1389 2140 1444 2172 sin
1479 2141 1659 2185 privatim,

947 2195 1038 2229 quae
1065 2195 1136 2217 non
1163 2187 1233 2219 nisi
1268 2187 1312 2220 de
1346 2189 1491 2221 numine
1527 2199 1547 2222 a
1584 2191 1660 2234 pri..

946 2238 1029 2266 vato
1061 2232 1205 2268 homine
1239 2235 1404 2269 consulto
1439 2241 1522 2280 apte
1548 2238 1659 2273 intel-

946 2280 1011 2326 ligi
1039 2287 1200 2325 possunt.

1017 2357 1070 2385 ter
1096 2352 1250 2398 singulos
1278 2354 1366 2388 tollit
1397 2355 1535 2401 (ev-heht
1561 2355 1658 2390 clrei-

943 2399 1014 2432 mal
1042 2401 1145 2433 einen
1164 2401 1341 2447 (Wsirfel)
1368 2404 1462 2437 nach
1489 2404 1566 2438 dem
1587 2415 1658 2438 an-

943 2447 1065 2492 clernj:
1091 2450 1151 2493 qui
1178 2454 1232 2483 ter
1250 2449 1356 2493 tollit,
1378 2462 1458 2485 eum
1482 2457 1538 2486 ter
1554 2462 1657 2497 spar-

940 2496 1030 2529 sisse
1057 2501 1185 2539 sponte
1212 2500 1374 2543 sequitur
1401 2505 1436 2533 et
1463 2500 1549 2535 talia
1586 2501 1654 2536 Ta-

941 2544 1032 2576 citus
1060 2544 1180 2589 eloqui
1211 2547 1354 2580 omittit.
1383 2546 1568 2582 Prohiberi
1597 2560 1655 2584 res

939 2591 983 2625 de
1011 2602 1080 2636 qua
1108 2603 1239 2627 numen
1278 2595 1543 2642 interrogatur,
1582 2601 1655 2632 tum

938 2639 1101 2682 videtur,
1140 2642 1169 2674 si
1199 2642 1252 2676 bis
1280 2644 1338 2678 vel
1366 2648 1420 2678 ter
1446 2645 1551 2691 signa
1590 2646 1655 2680 ad-

939 2698 1043 2722 versa
1070 2688 1194 2732 fuere,
1237 2693 1394 2735 permitti
1421 2692 1481 2726 ubi
1513 2693 1568 2728 bis
1595 2694 1655 2729 vel

939 2740 992 2769 ter
1018 2737 1197 2772 addicunt.
1226 2739 1326 2774 Hanc
1353 2742 1406 2775 rei
1434 2741 1652 2786 explicatio-

939 2795 1018 2818 nem
1051 2786 1224 2829 approbat
1259 2786 1422 2823 Caesaris
1456 2792 1611 2824 narratio
1638 2791 1653 2826 I

939 2832 1007 2866 53:
1046 2834 1076 2866 is
1109 2834 1296 2878 (Valerius
1324 2836 1498 2872 Procillus
1526 2845 1650 2883 capt-us

937 2891 956 2913 a
989 2880 1191 2926 Germanis)
1229 2895 1265 2917 se
1305 2891 1493 2930 praesente
1537 2887 1579 2921 de
1613 2899 1650 2922 se

936 2933 989 2962 ter
1002 2930 1149 2965 sortibus
1165 2931 1358 2968 consultum
1371 2934 1519 2978 (licebat,
1533 2942 1649 2971 utrum

935 2978 1012 3023 igni
1043 2979 1160 3015 statim
1187 2987 1378 3018 necaretur
1410 2993 1459 3018 an
1485 2983 1524 3019 in
1549 2982 1649 3021 aliua
