1768 3216
133 195 182 236 '24
739 187 1005 227 GERMAMAE

133 316 173 354 et
202 311 348 352 domos
378 310 506 364 figunt
536 311 578 349 et
605 310 722 349 scuta
749 309 915 361 gestant
950 309 991 348 et
1023 304 1205 359 peditum
1233 316 1312 350 usu
1341 316 1392 348 ao
1433 303 1619 359 pernici-

133 389 214 426 tate
244 383 425 438 gaudent
436 396 447 433 3
498 393 602 435 quae
634 381 772 423 omnia
805 380 972 423 diversa
1003 380 1200 423 Sarmatis
1237 383 1332 435 sunt
1363 378 1406 421 in
1434 377 1617 432 plaustro

132 470 319 511 equoque
350 456 596 501 viventibus.
660 456 812 498 Fennis
843 456 946 497 mira
985 455 1158 507 feritas,
1209 454 1335 496 foeda
1377 456 1619 508 paupertas:

130 543 213 577 non
242 543 369 582 arma,
402 542 487 573 non
503 531 613 584 equi,
645 543 728 571 non
753 534 946 583 penates;
978 529 1103 571 victui
1122 529 1264 581 herba,
1293 528 1460 586 vestitui
1474 527 1619 583 pelles,

99 605 266 647 scubile
298 605 456 647 humus.
516 605 612 648 Sola
644 605 685 646 in
717 605 879 659 sagittis
911 617 1033 658 spes,
1067 616 1168 658 quas
1200 603 1342 657 inopia
1369 602 1471 658 ferri
1509 602 1622 650 ossi-

129 679 204 720 bus
237 682 441 732 asperant.
486 678 683 732 Idemque
716 683 887 720 venatus
919 678 1033 720 viros
1064 678 1219 731 pariter
1249 690 1298 734 ac
1325 676 1502 735 feminas
1527 676 1620 719 alit:

126 754 280 809 passim
303 754 411 796 enim
442 754 702 806 comitantur,
737 758 976 807 partemque
1004 752 1186 807 praedae
1203 756 1357 806 petunt.
1391 752 1478 806 Nec
1511 751 1627 810 aliudj

127 829 351 882 insantibus
383 830 563 871 serarum
596 828 870 882 imbriumque
900 827 1122 882 suffugium
1152 840 1272 881 quam
1319 831 1363 883 ut
1399 827 1444 868 in
1481 825 1620 882 aliquo

128 916 338 947 ramorum
370 916 479 944 nexu
512 907 797 958 contegantur.
842 903 929 944 Huc
958 902 1134 943 redeunt
1163 901 1349 953 iuvenes,
1381 901 1462 943 hoc
1478 913 1621 943 senum

77 990 115 1017 io
128 978 446 1032 receptaculum.
509 977 589 1020 Sed
618 977 781 1019 beatius
813 977 1063 1018 arbitrantur
1094 988 1216 1030 quam
1246 976 1460 1031 ingemere
1491 976 1620 1031 agris,

130 1053 366 1099 inlaborare
409 1052 622 1105 domibus,
675 1064 772 1094 suas
812 1052 1052 1105 alienasque
1092 1051 1279 1093 fortunas
1317 1062 1391 1105 spe
1429 1054 1622 1111 metuque

130 1140 313 1173 versare.
383 1128 529 1171 Securi
575 1127 775 1169 adversus
821 1127 1034 1179 homines,
1083 1126 1222 1167 securi
1263 1125 1474 1167 adversus
1501 1124 1620 1177 deos,

129 1215 221 1256 rem*
250 1202 456 1245 difficilem
490 1202 679 1244 adsecuti
707 1205 816 1255 sunt,
850 1205 892 1243 ut
923 1201 1002 1243 illis
1032 1213 1086 1242 ne
1117 1205 1215 1242 voto
1249 1199 1414 1255 quidem
1431 1211 1534 1256 opus
1555 1198 1621 1257 sit.

268 1370 298 1403 1.
322 1370 432 1414 ligurit
457 1369 481 1401 l'
510 1373 545 1402 et
570 1368 771 1402 Turicensis
797 1372 832 1401 et
857 1368 1080 1412 Kappianus:
1109 1367 1220 1401 ceteri
1244 1367 1391 1412 linqunt.

130 1419 246 1462 [prius
273 1423 347 1452 erat
370 1417 551 1463 pecudum,
579 1421 617 1450 ut
642 1418 676 1450 in
704 1417 876 1450 Vaticano
908 1417 1018 1462 1862)
1051 1426 1129 1450 corr
1156 1416 1179 1449 P
1205 1420 1241 1449 et
1265 1416 1387 1449 ceteri.

1470 1367 1625 1412 peditum

1463 1416 1497 1450 5.
1528 1415 1625 1450 solae

129 1477 207 1500 eum
235 1466 416 1511 plerisque
442 1465 484 1499 P:
512 1465 588 1506 solu
616 1465 923 1511 StuttgardiensiS,
954 1465 1169 1506 'l'urieensis‚
1200 1465 1393 1498 Vaticanus
1419 1463 1526 1502 2964.
1588 1463 1622 1499 9.

128 1510 267 1561 aleym*
289 1515 326 1550 P.
432 1516 485 1548 11.
532 1514 712 1554 zlaborare
737 1514 773 1548 P.

132 1564 243 1620 ceteri
276 1562 530 1608 difficillimam.

131 1622 244 1651 Slano·

134 1764 166 1793 ct
186 1757 503 1805 propinquitatibus
541 1757 652 1791 mioeti.
704 1756 747 1789 Α.
775 1756 838 1790 25:

135 1819 211 1842 cum
239 1828 283 1834 —
300 1806 405 1852 pedes
429 1817 594 1850 equesque
622 1810 653 1838 et
680 1805 842 1838 nauticus

133 1857 252 1897 miles,
279 1856 379 1889 miaeti
406 1855 515 1899 copiis
539 1860 570 1887 et
595 1853 755 1895 laetitia,
782 1862 846 1886 sua

135 1905 274 1949 quisque
299 1906 399 1949 sacta
427 1924 470 1929 --
497 1901 707 1936 attollerent.

208 1975 324 2008 domos
337 1975 466 2020 figunt:
494 1973 616 2006 domos
636 1972 722 2005 fixas
745 1971 840 2005 humi

138 2027 293 2067 ponunt,
336 2033 405 2055 uon
446 2023 480 2055 in
516 2021 683 2065 plaustris
722 2030 843 2053 secum

137 2073 256 2106 ferunt
304 2081 402 2104 more
449 2070 696 2104 Sarmatarum.
748 2067 845 2101 Haec

138 2124 242 2154 vetus
277 2121 451 2163 scriptura
484 2123 519 2151 et
557 2117 689 2162 proba:
734 2115 845 2149 altera

135 2170 282 2214 firmant,
313 2179 417 2213 quam
444 2167 722 2210 interpretantur
738 2175 754 2197 e
776 2164 846 2197 luto

136 2218 283 2262 finyunt,
309 2216 459 2250 obscure
472 2214 678 2261 loquentem
693 2213 850 2247 Tacitum

140 2264 238 2300 facit.

196 2336 349 2382 peditum
377 2337 440 2369 usu
465 2344 510 2368 ac
532 2334 746 2383 pernicitate
759 2342 851 2378 =qau-

141 2385 242 2418 dent:
274 2384 307 2416 h.
339 2395 369 2417 e.
400 2383 537 2427 pedites
564 2382 709 2424 habent,
745 2385 851 2426 atque

143 2443 187 2466 ex
214 2433 309 2466 omni
345 2434 533 2465 iuventute
570 2430 730 2464 delectos
772 2439 851 2462 cum

144 2481 305 2527 equitatu
340 2481 510 2522 miscent,
555 2483 768 2523 congruente
806 2477 852 2510 ad

144 2534 333 2573 equestrem
359 2539 512 2573 puqnam
544 2526 726 2560 velocitate
748 2524 851 2570 pedi-

144 2582 214 2611 tum
249 2578 299 2621 (c.
336 2575 390 2621 6),.
443 2576 496 2610 De
537 2575 646 2609 verbo
697 2574 852 2620 gaudere

144 2625 276 2659 dictum
304 2624 346 2658 ad
376 2635 406 2658 c.
434 2625 467 2658 5.

216 2695 343 2730 Fennis
367 2695 460 2729 mira
484 2695 610 2740 feritas
635 2703 735 2738 sqq.:
763 2691 853 2724 haec

145 2745 190 2780 de
208 2744 412 2779 Fennorum
437 2747 647 2788 paupertate
674 2746 710 2774 et
734 2740 852 2774 conti-

146 2794 268 2826 nentia
294 2792 400 2836 paulo
430 2792 611 2836 copiosius
644 2793 852 2834 persecutus

148 2845 201 2874 est·
228 2845 263 2874 et
290 2841 488 2879 exornavit,
519 2845 558 2874 ut
585 2839 730 2884 dignam
759 2836 851 2870 libro

148 2889 343 2925 clausulam
371 2888 593 2923 conciliaret.
676 2887 854 2931 inyemere

149 2938 264 2982 myris.-
292 2941 497 2980 comparant
522 2935 680 2981 Lucretii
706 2934 735 2970 V
760 2932 853 2970 209:

639 1563 789 1597 assecuti
819 1562 854 1595 P.

319 1612 363 1649 sit
394 1611 607 1649 Rhenanus:
631 1611 655 1645 P
682 1617 734 1645 eet
760 1620 935 1659 superscr.
962 1622 1007 1655 ss,
1039 1612 1149 1648 ceteri
1178 1615 1276 1646 esset.

880 1514 934 1548 13.
973 1512 1149 1558 difficilem
1175 1512 1199 1546 P
1228 1517 1263 1547 et
1293 1513 1482 1555 Vaticanus
1510 1511 1623 1548 1862:

957 1568 1035 1596 sunt
1070 1561 1203 1595 excidit
1228 1561 1265 1602 iu¹
1290 1560 1486 1609 exemplari
1517 1559 1625 1599 Tros-

912 1755 950 1787 ni
976 1753 1028 1786 vis
1054 1752 1208 1786 humana
1229 1750 1381 1791 resistat,
1405 1748 1495 1783 vitai
1518 1757 1629 1790 causa

915 1800 1032 1836 valido
1079 1804 1246 1834 consueta
1286 1797 1416 1841 bidenti
1451 1797 1627 1843 inqemere

916 1856 947 1884 et
974 1856 1106 1884 terram
1125 1848 1257 1894 pressis·
1282 1845 1510 1893 proscindere
1535 1855 1627 1879 ara-

915 1899 989 1932 tris.
1017 1897 1168 1931 Taurum
1185 1897 1361 1942 inqemere
1392 1899 1516 1928 aratro
1537 1893 1628 1927 dixit

919 1946 1092 1992 Virgilius
1122 1939 1254 1993 Georg.
1285 1943 1299 1977 I
1325 1943 1384 1978 46.
1447 1938 1472 1943 ’”

985 2016 1191 2050 inlaborare
1216 2013 1395 2048 domibus:
1435 2012 1470 2046 h.
1500 2023 1532 2046 e.
1561 2022 1628 2046 ex-

916 2065 1143 2099 truendarum
1168 2063 1334 2097 domuum
1361 2060 1517 2096 tolerare
1534 2070 1626 2104 ope-

918 2124 1003 2147 ram.

989 2184 1105 2218 securi
1137 2182 1304 2219 adversus
1330 2181 1430 2222 deos.-
1451 2180 1537 2226 ‘non
1565 2190 1629 2225 quo

919 2232 1031 2267 nullos
1059 2232 1228 2273 credant,
1269 2230 1329 2264 secl
1355 2240 1419 2274 quo
1445 2228 1536 2262 nihil
1563 2228 1631 2265 taa-

919 2282 1073 2315 bentibus
1101 2281 1256 2314 adimere
1273 2279 1323 2312 dii
1346 2276 1437 2311 nihil
1461 2273 1630 2324 possunt’.

919 2331 1134 2364 Enunsnus.

1004 2412 1077 2434 rem
1121 2398 1298 2444 difficilem
1342 2396 1499 2443 adsecuti
1537 2400 1628 2442 suut,

920 2454 956 2482 ut
987 2449 1058 2482 illis
1091 2459 1134 2481 ne
1169 2452 1246 2482 voto
1281 2444 1416 2490 quidem
1452 2455 1536 2490 opus
1563 2443 1631 2490 sit.-

921 2508 994 2532 rem
1013 2495 1188 2540 difficilem
1214 2504 1278 2527 nos
1298 2493 1462 2539 Germani
1483 2492 1634 2538 dicimus

922 2546 999 2577 eine
1025 2544 1178 2578 schwere
1207 2541 1380 2587 Aufyabe‚
1407 2545 1514 2590 atque
1544 2538 1633 2572 haec

921 2593 1095 2637 scriptura
1128 2591 1209 2626 libri
1228 2591 1252 2623 P
1279 2589 1322 2622 ad
1346 2589 1457 2634 Taciti
1485 2596 1632 2634 gravem

921 2641 1188 2686 simplicitatem
1215 2638 1343 2672 melius
1371 2637 1514 2687 videtur
1541 2645 1633 2681 qua-

921 2690 1022 2724 drare
1050 2700 1153 2734 quam
1192 2699 1265 2721 rem
1293 2685 1562 2730 difficillimam,
1598 2686 1635 2715 ut

922 2739 956 2771 in
984 2738 1165 2782 plerisque
1187 2734 1369 2770 codicibus
1389 2731 1561 2767 mutatum
1582 2735 1636 2766 est

922 2786 965 2819 ad
995 2788 1046 2819 rei
1081 2784 1290 2819 miraculum
1326 2779 1636 2828 exaggerandum.

922 2834 1030 2868 Paulo
1066 2839 1145 2878 post
1183 2833 1227 2866 sit
1261 2840 1324 2874 pro
1365 2829 1517 2875 vulgato
1545 2827 1634 2861 vitio

922 2888 1009 2916 esset
1029 2881 1187 2928 postulat
1209 2889 1293 2914 usus
1312 2878 1483 2913 Latinus:
1514 2879 1638 2910 auctor

923 2931 1020 2967 enim
1048 2941 1121 2966 non
1155 2931 1273 2965 narrat
1300 2925 1356 2963 his
1391 2925 1537 2970 verbis,
1571 2922 1636 2961 sed
