1768 3216
619 207 754 244 LIBER
777 207 821 244 11.
878 207 967 245 Gar.
997 209 1155 246 56-59,

151 219 179 247 α
199 207 241 247 G.
267 210 328 247 fio.
1593 210 1662 256 161

152 340 229 384 per
282 327 454 371 Galbam
514 315 761 383 Tingitanae
814 327 1061 382 provinciae
1111 327 1498 380 administratione,
1551 327 1662 370 haud

151 403 402 457 spernendis
434 403 592 445 viribus
625 403 790 458 agebat.
850 402 1007 444 Decem
1037 414 1188 444 novem
1221 402 1448 455 cohortes,
1481 403 1662 458 quinque

154 477 267 531 alae,
315 478 467 532 ingens
513 478 750 520 Maurorum
790 488 987 519 numerus
1027 476 1198 529 aderat,
1242 490 1319 531 per
1359 476 1581 520 latrocinia
1620 482 1663 521 et
1705 479 1759 544 23·

153 557 294 608 raptus
326 557 420 607 apta
451 552 561 594 bello
596 564 757 594 manus.
819 552 955 594 Caeso
997 551 1127 593 Galba
1168 552 1211 593 in
1245 551 1455 594 Othonem
1485 564 1659 606 pronus,
1686 519 1733 574 ‘³
1757 530 1768 575 ἶ

154 641 235 671 nec
263 628 410 671 Africa
442 631 678 680 contentus,
711 626 936 688 Hispa-niae
969 632 1146 682 angusto
1179 627 1286 669 freto
1319 627 1550 682 diremptae
1579 627 1696 679 im-fi

151 703 346 746 minebat.
410 701 512 744 Inde
553 701 699 743 Cluvio
747 701 853 744 Rufo
899 687 1057 752 metus3
1106 705 1147 743 et
1197 701 1405 744 decimam
1437 701 1661 758 ‘legionem

149 779 430 832 propinquare
470 777 584 819 litori
624 781 668 818 ut
706 777 1026 818 transmissurus
1057 777 1192 818 iussit.
1252 776 1476 818 Praem'issi
1507 781 1660 819 centu-

148 853 292 894 riones
338 853 408 906 qui
446 851 686 893 Maurorum
732 851 895 892 animos
936 850 1102 892 Vitellio
1160 850 1451 892 conciliarent.
1512 850 1659 905 Neque

147 926 322 969 arduum
353 926 442 978 ruit,
470 937 621 980 magna
653 937 729 979 per
758 924 1000 978 provincias
1020 925 1262 967 Germanici
1294 926 1515 973 exercitus
1533 925 1656 967 sama.

148 986 431 1057 spargebatur
461 1000 654 1054 insuper,
687 1003 827 1053 spreto
859 1000 1148 1053 procuratoris
1184 991 1419 1052 roabulo,
1450 999 1647 1042 Albinum
1673 1012 1712 1043 ιο

78 1077 316 1131 59insigne
361 1075 476 1130 regis
522 1079 562 1116 et
600 1074 726 1116 lubae
756 1086 910 1116 nomen
943 1086 1159 1128 usurpare.
1222 1073 1282 1116 lta
1311 1074 1477 1116 mutatis
1509 1074 1658 1116 animis

149 1151 324 1194 Asinius
352 1149 483 1192 Pollio
517 1148 608 1191 alae
639 1149 893 1203 praefectus,
927 1162 951 1191 e
982 1149 1196 1190 fidissimis
1227 1149 1407 1201 Albino,
1441 1153 1482 1191 et
1511 1149 1657 1191 Festus

148 1239 200 1268 ac
229 1225 372 1279 Scipio
404 1224 640 1274 cohortium
668 1224 872 1278 praefecti
901 1225 1199 1278 opprimuntur.
1242 1225 1336 1279 lpse
1359 1225 1537 1268 Albinus
1562 1225 1658 1267 dum

148 1314 173 1343 e
205 1300 425 1355 Tingitana
458 1299 676 1354 provincia
709 1298 1028 1341 Caesariensem
1057 1300 1359 1342 Mauretaniam
1400 1300 1529 1355 petit,
1578 1300 1658 1344 ad·-

147 1375 290 1430 pulsus
324 1375 438 1417 litori
469 1374 729 1426 trucidatuS,
763 1386 870 1415 uxor
899 1374 990 1416 eius
1022 1387 1115 1417 cum
1146 1388 1194 1417 se
1224 1375 1544 1429 percussoribus
1576 1376 1710 1426 ob-ts

146 1450 322 1502 tulisset,
355 1449 477 1491 simul
508 1449 729 1491 interfecta
761 1453 838 1501 est,
870 1449 973 1491 nihil
1005 1462 1150 1492 eorum
1182 1463 1288 1504 quae
1319 1451 1466 1495 fierent
1490 1451 1656 1493 Vitellio

147 1525 408 1580 anquirente.
468 1524 592 1584 Brevi
635 1524 1029 1582 auditu‚Aquamvis¹
1058 1538 1210 1580 magna
1254 1527 1482 1578 transibat,
1526 1526 1658 1579 impar

150 1600 262 1659 curis
291 1599 576 1659 gravioribus.
602 1584 606 1585 ⁷
1176 1590 1179 1592 ’

989 1709 1022 1742 2.
1052 1707 1170 1740 decem
1194 1718 1319 1740 'iovem
1347 1706 1654 1750 n1⁸:X1111.G,

972 1756 1098 1789 othone
1125 1754 1232 1789 Gna:
1263 1757 1420 1790 correxit
1448 1756 1658 1791 Rhenanus.

294 1708 325 1740 1.
354 1706 563 1751 tangitanae
588 1704 654 1749 Ma,
681 1707 854 1752 tingitane
882 1706 920 1741 G.

151 1756 376 1791 Oxonienses
403 1754 566 1790 XVIIII.
651 1754 684 1790 4.
712 1767 789 1790 ceso
816 1754 881 1789 Ma.

149 1806 183 1840 5.
211 1804 374 1850 hispanie
401 1802 926 1838 Ma.14.maurecianam
957 1805 1022 1839 Md.
1118 1805 1220 1850 petiti
1245 1803 1311 1838 Ma.
1407 1804 1557 1851 adpulsu
1583 1804 1655 1839 Ma.

149 1853 290 1899 apulsus
317 1852 357 1894 G,
382 1852 547 1898 appulsus
574 1851 812 1888 oxonienses.
894 1853 947 1888 15.
979 1853 1093 1888 litoris
1120 1851 1193 1887 Ma:
1222 1852 1334 1887 littori
1359 1852 1398 1887 G.
1460 1853 1656 1887 trucidatas

148 1900 223 1936 ma:
249 1901 448 1935 trucidatur
474 1900 503 1936 G
528 1906 563 1935 et
589 1900 828 1937 Oxonienses.
946 1902 1002 1938 16.
1032 1901 1144 1936 nichil
1168 1901 1234 1936 Ma.
1364 1902 1419 1936 17.
1446 1902 1656 1947 anquirente

147 1949 223 1985 Ma:
251 1951 451 1995 inquirente
476 1949 547 1985 BG.
641 1949 745 1985 breue
772 1949 850 1985 Ma:
878 1950 906 1985 G
926 1950 1033 1985 breui.
1120 1950 1242 1984 audita
1268 1951 1307 1985 ai
1331 1951 1490 1996 quamuis
1517 1949 1588 1984 Ma:
1619 1950 1658 1984 ω’

148 2010 205 2034 om
236 1999 263 2034 G
290 2004 327 2034 et
353 1997 590 2034 oxonienses.
702 2000 903 2034 transibant
931 1999 982 2033 ³1³
1011 2011 1090 2033 cum
1116 1999 1322 2045 plerisque:
1359 1998 1536 2034 transibat
1562 1999 1594 2034 A
1620 2003 1656 2034 et

152 2048 382 2083 Puteolanus.
458 2049 564 2094 inpar
591 2047 657 2083 Ma.

1031 2142 1127 2176 brevi
1165 2141 1288 2176 audita
1333 2141 1488 2186 quamvis
1526 2152 1658 2187 maqna

940 2191 1116 2225 transibat
1139 2202 1152 2224 .·
1197 2189 1354 2224 additum
1386 2191 1425 2224 ai
1459 2191 1496 2224 in
1524 2188 1579 2224 Ma
1612 2200 1657 2223 ex

940 2239 1010 2274 fine
1024 2239 1273 2274 antecedentis
1300 2239 1397 2272 brevi
1419 2237 1565 2272 resedit.
1588 2237 1656 2272 Al-

939 2293 1053 2322 terum
1099 2288 1224 2321 vitium
1242 2314 1252 2330 ‚
1296 2286 1522 2328 transibant,
1572 2285 1657 2320 inde

940 2341 1055 2370 ortum
1083 2341 1164 2378 est,
1199 2335 1294 2380 quod
1332 2335 1498 2369 librarius
1525 2345 1657 2379 magna

149 2142 304 2187 sciplina
334 2141 378 2177 ad
412 2141 547 2176 bellum
578 2141 776 2188 gerendum
809 2153 870 2176 as-

148 2191 323 2226 suetacta.

224 2239 313 2284 Cap.
338 2238 397 2274 59.
437 2238 603 2284 adpulsus
630 2239 730 2273 litori
754 2241 866 2273 traci-

150 2288 274 2322 dacus.-
301 2288 337 2321 in
366 2286 529 2320 mediceo
557 2286 683 2321 codice
710 2288 775 2334 (ibi
800 2288 869 2321 ad-

147 2334 252 2382 pulsa
287 2335 417 2381 litoris)
461 2340 522 2368 aut
562 2334 684 2369 littera
720 2336 868 2370 sibilans

151 2394 261 2428 prave
302 2383 481 2417 aberravit
528 2388 589 2417 aut
636 2384 784 2429 adpulsu
824 2395 868 2418 ex

150 2433 354 2478 antiquiore
386 2433 563 2476 scriptura
598 2432 748 2478 adpulsa
783 2435 866 2478 (pro

150 2481 335 2527 adpulsas)
362 2482 497 2514 restitit
522 2485 558 2515 et
584 2481 698 2515 litoris
723 2483 867 2516 assimi-

151 2529 247 2564 landi
274 2529 510 2564 inclinatione
538 2531 716 2574 provenit.
780 2529 866 2564 Nam

112 2591 114 2593 ·
150 2578 299 2624 adpulsu
324 2578 438 2611 litoris
453 2583 525 2611 tum
545 2579 685 2612 demum
707 2578 866 2612 scribere

150 2626 272 2660 Tacito
298 2626 482 2667 licmsset,
527 2627 556 2659 si
583 2626 761 2672 adpellere
787 2627 867 2661 litus

153 2685 236 2708 usus
257 2673 402 2707 Latinus
427 2674 632 2708 admitteret
659 2686 722 2720 pro
743 2676 868 2721 adpel-

153 2723 225 2755 lere
250 2722 297 2755 acl
322 2721 424 2762 litus,
452 2722 546 2767 quod
574 2733 652 2756 cum
678 2734 782 2757 secus
808 2726 867 2766 sit,

153 2769 317 2816 adpulsus
344 2769 457 2804 litoris
479 2769 625 2804 soloece
643 2771 786 2805 dicitur.
813 2772 868 2806 Ad

155 2818 302 2853 verbum
343 2818 539 2851 trucidatus
573 2818 679 2853 simul
715 2820 868 2854 refertur

154 2872 203 2902 est
228 2871 309 2912 post
345 2867 534 2911 interfecta
569 2867 751 2911 posituim
784 2868 868 2903 hinc

155 2925 293 2950 comma
318 2915 422 2959 posui
448 2919 528 2960 post
553 2914 747 2951 trucidatus
764 2943 774 2960 ,
809 2917 869 2951 uhi

155 2963 431 3010 vulgocomma
458 2973 537 2998 cum
563 2967 709 3008 puncto.

938 2395 1001 2429 pro
1029 2384 1249 2418 nominativo
1278 2385 1420 2428 accepit
1446 2389 1481 2418 et
1507 2382 1656 2417 verbum

939 2445 982 2468 ex
1010 2443 1053 2467 eo
1083 2432 1241 2478 pendere
1278 2434 1428 2478 putavit.
1481 2432 1551 2466 Res
1579 2442 1656 2466 ma-

939 2493 1026 2528 gnas
1092 2481 1281 2524 Vitellius,
1353 2481 1459 2516 homo
1532 2490 1656 2514 socors

939 2536 974 2565 et
1024 2530 1112 2564 tardi
1170 2530 1326 2576 ingenii,
1388 2530 1489 2564 brevi
1531 2528 1655 2562 auditu

940 2580 1155 2613 transmisit·
1181 2583 1321 2613 ceteros
1348 2579 1473 2612 eadem
1490 2577 1655 2611 socordia

941 2629 1122 2662 laborasse
1149 2627 1290 2661 'lacitus
1321 2627 1460 2661 timadeie
1489 2636 1558 2658 nou
1586 2634 1654 2669 po-

938 2678 1016 2721 tuit,
1043 2677 1107 2710 sed
1134 2676 1358 2716 tradidisset,
1396 2675 1424 2707 si
1452 2674 1656 2717 scripsisset

938 2725 1149 2759 transibant.
1197 2723 1251 2758 De
1280 2723 1405 2756 eodeni
1436 2721 1584 2756 Vitellio
1611 2720 1652 2754 H.

936 2773 983 2807 111
1009 2772 1308 2817 362p1waetenim
1338 2770 1509 2804 instantia
1532 2772 1657 2814 sutura

936 2823 1019 2866 pari
1045 2821 1216 2854 obliuione
1243 2819 1434 2852 dimiserat.
1467 2817 1520 2854 De
1549 2817 1655 2852 locu-

939 2871 1038 2903 tione
1065 2868 1220 2912 quamtis
1248 2876 1379 2913 magna
1410 2866 1505 2900 conf.
1531 2870 1654 2901 annot.

939 2917 983 2951 ad
1010 2917 1068 2951 XV
1096 2916 1154 2951 24.
