1768 3216
181 248 230 281 52
792 244 1058 280 GERMANIAE

180 363 313 404 minus
359 373 453 403 csse
507 360 685 403 sufficiat
701 393 712 414 ‚

771 361 901 415 Usipii
945 375 994 404 ac
1030 362 1223 404 Tencteri
1269 361 1421 404 colunt.

1480 363 1672 406 Tencteri

179 448 304 489 super
334 435 500 476 solitum
531 435 733 477 bellorum
766 435 895 477 decus
926 437 1131 490 equestris
1164 436 1411 490 disciplinae
1437 441 1528 479 arte
1543 449 1673 492 prae-

179 509 355 560 cellunt3
387 522 465 552 nec
497 509 629 551 maior
660 509 767 563 apud
804 510 972 552 Chattos
1002 510 1185 564 peditum
1204 510 1293 552 laus
1317 522 1438 564 quam
1456 510 1671 553 Tencteris

177 584 372 636 equitum.
434 583 504 626 Sic
536 583 753 625 instituere
783 584 989 626 maiores:
1021 585 1179 638 posteri
1210 585 1435 626 imitantur.
1476 584 1527 625 Hi
1557 584 1671 627 lusus

145 657 406 710 sinfantium‚
437 658 542 699 haec
573 659 768 700 iuvenum
799 659 1045 709 aemulati03
1076 664 1347 712 perseverant
1376 671 1514 702 senes.
1562 659 1673 701 Inter

175 731 372 773 familiam
413 736 454 773 et
490 737 660 786 penates
703 738 743 774 ct
791 733 881 774 iura
926 734 1242 775 successionum
1288 734 1383 788 equi
1428 733 1669 775 traduntur:

174 807 329 860 excipit
353 806 482 859 filius,
516 819 616 860 non,
644 812 692 848 'ut
723 812 878 862 cetera,
911 809 1111 850 maximus
1143 813 1262 861 natu,
1294 808 1368 851 sed
1398 812 1520 862 prout
1549 808 1670 850 ferox

173 880 282 923 bello
315 886 355 923 et
385 882 546 923 melior.

314 956 431 999 quta
461 956 690 998 Tencteros
720 955 909 998 Bructeri
940 955 1035 998 olim
1067 956 1369 997 occurrebant:
1417 967 1526 997 nunc
1557 953 1739 1003 Cha-33

314 1133 342 1165 1.
378 1130 473 1177 Usipi
498 1130 522 1165 P
550 1142 628 1166 cum
655 1132 857 1177 plerisque:
900 1132 1008 1177 Usipii
1033 1131 1297 1165 Arundelianus
1326 1136 1361 1165 et
1387 1129 1666 1164 Hummelianus.

175 1179 228 1213 Ma
258 1181 300 1214 13
330 1180 375 1214 55
400 1181 578 1226 usiporum
605 1186 639 1214 et
664 1192 695 1216 c.
724 1181 770 1215 56
794 1183 946 1226 usipsos,
983 1180 1023 1214 tl.
1050 1180 1074 1214 4
1099 1181 1143 1215 37
1169 1180 1307 1225 usipisc
1356 1180 1389 1214 5.

1432 1178 1595 1212 emulatio
1630 1177 1667 1212 P.

173 1228 208 1263 9.
234 1227 424 1262 chanianos
451 1228 506 1273 (in
534 1230 694 1274 margine
723 1229 898 1262 Chamavi
923 1238 1100 1272 superscr.
1127 1230 1166 1273 n)
1194 1228 1240 1261 l':
1268 1227 1329 1261 alii
1358 1227 1569 1262 Chamauos.

175 1396 258 1430 duos
309 1395 407 1430 lacus
456 1396 586 1441 efficit,
646 1395 807 1430 Venetam
854 1402 885 1429 et

175 1445 380 1478 Aci-onium.
435 1444 522 1477 Mox
573 1444 632 1477 diu
677 1443 808 1478 solidus
854 1450 886 1477 et

175 1498 269 1527 certo
302 1493 400 1527 alveo
437 1492 554 1538 lapsus
585 1492 680 1526 haud
712 1492 838 1538 procul
864 1503 887 1526 a

173 1542 267 1575 mari
291 1541 359 1575 huc
385 1540 517 1574 etilluc
534 1541 757 1586 disperyitui·.
784 1540 885 1574 Adde

174 1589 357 1623 Strabonis
403 1588 461 1622 vu
503 1588 518 1622 I
559 1590 595 1630 §.
639 1590 672 1623 5.
725 1587 886 1623 Rhenum

173 1637 291 1672 colunt
317 1638 476 1672 breviter
503 1637 635 1671 dictum
678 1647 742 1680 pro
768 1637 887 1672 Rheni

172 1687 286 1732 ripam
311 1686 367 1720 vel
395 1691 510 1720 terras
540 1685 668 1719 colunt.

251 1756 359 1802 Usipii
385 1767 430 1790 ac
468 1755 649 1790 Tencteri.-
691 1755 805 1800 Usipii
843 1756 885 1790 ad

172 1804 338 1850 Loganae
379 1804 486 1838 litora
525 1815 640 1849 usque
677 1804 720 1838 ad
764 1805 884 1850 Sigam

173 1854 286 1900 (Siey)
301 1853 461 1896 fluvium,
476 1852 640 1887 Tencteri
670 1854 763 1887 inter
777 1853 884 1898 Sigae

172 1902 265 1935 ostia
291 1906 326 1935 et
352 1901 481 1935 Ruram
510 1901 642 1947 (Ruhr)
682 1906 767 1934 tunc
793 1912 884 1947 age-

172 1950 268 1983 bant.
321 1950 412 1983 Hinc
438 1949 551 1992 Usipii
579 1960 657 1983 cum
682 1949 820 1983 Chattis
849 1954 884 1983 et

172 1998 346 2032 Mattiacis
358 1997 618 2042 Mogontiacum
631 1997 771 2031 obsidio
782 1997 884 2030 clau-

173 2050 296 2078 serunt
322 2045 484 2089 principe
510 2045 728 2088 Vespasiano
749 2045 807 2090 (H.
829 2045 878 2078 lV

172 2094 250 2138 37),
262 2092 424 2127 Tencteri
438 2093 548 2126 vicini
566 2094 884 2138 Agrippinensium

175 2145 210 2174 et
236 2140 363 2174 Rheno
394 2141 539 2174 discreti
571 2141 696 2174 eodem
723 2146 884 2184 tempore

175 2194 383 2232 comparent
408 2189 438 2222 H
479 2189 528 2222 IV
554 2189 614 2223 64.
662 2188 883 2233 OlimUsipii

171 2236 230 2270 vel
259 2236 424 2281 Usipetes
451 2241 486 2269 et
511 2236 674 2270 Tencteri
711 2248 756 2270 ex
794 2236 883 2271 Ger-

171 2285 289 2318 mania
332 2296 351 2318 a
398 2285 526 2319 Suevis
576 2285 668 2328 pulsi
719 2285 883 2319 Rhenum

171 2334 386 2378 transgressi
418 2338 538 2374 erant,
579 2332 642 2366 sed
676 2344 696 2367 a
730 2332 883 2368 Caesare

172 2382 208 2413 in
258 2382 335 2424 ripa
385 2381 504 2414 Mosae
557 2382 651 2414 caesi
704 2386 765 2415 aut
822 2393 883 2416 re-

171 2428 287 2471 pulsi:
315 2428 355 2462 B.
384 2429 421 2462 G.
449 2428 496 2462 IV
529 2430 655 2464 1-15.
693 2429 731 2463 ln
757 2430 883 2464 Anna-

171 2475 266 2509 libus
308 2476 321 2508 1
363 2477 406 2510 51
447 2478 675 2510 nominantur
719 2478 881 2523 Usipetes,

170 2528 208 2556 ut
237 2534 257 2556 a
272 2522 425 2558 Caesare
453 2530 488 2558 et
507 2535 525 2557 a
544 2525 650 2558 Floro
671 2527 719 2570 (is
741 2526 880 2559 Livium

169 2576 314 2605 secutus
329 2576 399 2617 est)
412 2573 459 2605 lv
478 2573 517 2606 12
533 2574 591 2615 23,
616 2573 678 2606 sed
692 2574 783 2607 Ann.
800 2573 880 2607 xlll

169 2619 214 2653 55
250 2619 360 2664 Usipii
383 2620 442 2654 vel
469 2621 587 2663 potius
620 2621 736 2666 Usipi,
780 2627 818 2655 ut
845 2622 881 2654 in

169 2666 366 2701 Germania.
417 2667 521 2712 Apud
562 2669 770 2703 Strabonem
816 2669 880 2703 VII

170 2717 188 2748 l
217 2717 252 2757 δ.
282 2716 328 2758 4,
368 2715 429 2749 uhi
470 2721 524 2750 est
550 2718 788 2760 Νουσίπων,
821 2723 881 2750 aut

163 2762 361 2799 Οὐσιπίων
382 2775 461 2797 cum
481 2763 651 2798 Cluverio
671 2765 786 2799 Germ.
807 2771 878 2799 ant.

167 2810 212 2843 111
240 2823 270 2844 c.
303 2813 347 2846 12
390 2817 425 2846 et
455 2813 498 2848 19
531 2814 775 2857 reponendum
821 2819 881 2848 aut

166 2859 394 2893 scribendum
426 2860 619 2897 Ov’otnwr.

237 2931 288 2963 sic
313 2931 496 2964 instituere
522 2932 702 2967 maiores.-
740 2931 879 2966 facinus

166 2975 252 3010 belli
290 2989 309 3011 a
335 2978 591 3014 Tencterorum
625 2981 787 3026 equitatu
813 2991 879 3026 pa-

957 1400 1083 1429 tratum
1121 1378 1189 1429 ia⁸m
1225 1393 1356 1429 Caesar
1394 1394 1533 1429 rettulit
1557 1393 1597 1428 B.
1626 1393 1665 1428 G.

956 1444 1006 1478 IV
1037 1445 1091 1480 12.
1121 1443 1210 1478 Eum
1239 1455 1332 1478 nunc
1359 1443 1502 1478 videtur
1527 1442 1584 1478 hic
1597 1452 1667 1476 no-

955 1498 1028 1527 ster
1053 1493 1271 1536 respexisse.

1038 1564 1121 1597 iura
1165 1563 1447 1597 successionum:
1499 1572 1666 1597 numerus

954 1611 1193 1645 multitudinis
1208 1622 1265 1645 res
1280 1610 1447 1657 designat
1459 1611 1667 1645 successio-

954 1660 1008 1694 nis
1052 1661 1130 1694 iure
1173 1659 1362 1694 translatas
1404 1658 1667 1706 (Gerechtsame

955 1708 1017 1742 der
1045 1707 1274 1754 Nachsolqe).

1021 1785 1127 1825 prout
1161 1780 1264 1824 ferox
1304 1777 1392 1812 bello
1437 1783 1470 1812 et
1511 1777 1664 1812 melior:

954 1832 992 1861 ut
1028 1828 1140 1862 malus
1178 1837 1286 1871 saepe
1322 1826 1366 1860 de
1402 1826 1592 1861 formidine
1630 1830 1667 1860 et

954 1877 1122 1922 ignavia,
1157 1877 1208 1909 sic
1242 1875 1350 1908 bonus
1389 1879 1425 1908 et
1457 1874 1582 1908 inelior
1621 1873 1666 1908 de

953 1926 1085 1958 virtute
1108 1923 1242 1957 bellica
1267 1923 1417 1966 dicitur;
1443 1924 1566 1968 itaque
1589 1933 1665 1956 nie-

953 1973 1022 2006 lior
1049 1978 1102 2007 est
1128 1982 1191 2016 pro
1217 1972 1389 2016 fortiore,
1430 1981 1548 2016 neque
1575 1980 1664 2016 opus

955 2025 994 2053 ut
1026 2031 1155 2054 nomen
1187 2019 1275 2053 bello
1304 2021 1409 2054 etiam
1425 2021 1605 2063 pertineat
1621 2018 1666 2053 ad

952 2069 1086 2102 metior.
1139 2068 1206 2110 Qui
1249 2068 1351 2101 ferox
1388 2072 1443 2101 est
1475 2067 1592 2110 bello,
1635 2067 1665 2100 is

952 2117 1106 2150 nondum
1134 2126 1222 2150 vera
1250 2117 1383 2149 virtute
1409 2114 1543 2149 bellica
1571 2124 1664 2160 gau-

953 2164 1023 2198 det.
1088 2163 1297 2208 Spernenda
1350 2163 1461 2209 igitur
1508 2158 1664 2197 Acidalii

954 2213 1160 2247 coniectura
1189 2214 1294 2256 fei-0:12
1319 2218 1352 2246 et
1377 2210 1464 2245 bello
1489 2211 1625 2246 melior.

1026 2283 1111 2327 Cap.
1138 2284 1197 2318 33.
1243 2282 1406 2317 Bructeri
1430 2281 1513 2316 olim
1535 2292 1663 2316 occur·-

952 2331 1099 2365 rebant:
1141 2330 1185 2365 de
1219 2330 1364 2366 sedibus
1410 2329 1664 2364 Bructerorum

953 2379 996 2413 ad
1023 2380 1170 2423 Lupiam
1198 2384 1233 2413 et
1257 2379 1427 2413 Amisiam
1455 2389 1489 2412 v.
1520 2377 1534 2412 1
1561 2377 1609 2413 60
1629 2381 1664 2412 et

953 2429 1010 2462 51.
1041 2427 1165 2463 Strabo
1197 2427 1261 2461 VH
1291 2429 1306 2462 1
1334 2428 1381 2462 3:
1410 2428 1451 2463 ἐν
1474 2429 1526 2473 τῷ
1543 2425 1662 2474 Ἀμιτ-

954 2480 1017 2523 σίςι
1055 2477 1232 2522 Δροῦσος
1270 2478 1530 2522 Βρουκτέρους
1554 2486 1662 2511 κατε-

951 2527 1187 2572 ναυμάχησε.
1216 2523 1352 2558 Ibidem
1385 2526 1568 2563 Λουπίας
1586 2534 1661 2558 πο-

951 2571 1082 2619 ταμός,
1112 2571 1210 2616 ῥέων
1235 2567 1298 2606 διὰ
1315 2574 1562 2618 Βρουκτέρων
1586 2571 1662 2606 τῶν

952 2621 1175 2655 ἐλαττόνων.
1207 2618 1362 2664 Copiose
1389 2617 1433 2653 de
1453 2617 1520 2652 hac
1537 2623 1659 2665 gente,

950 2668 1013 2702 sed
1065 2667 1231 2702 admixtis
1267 2666 1455 2701 admodum
1499 2668 1660 2710 incertis,

951 2717 1117 2760 exposuit
1142 2715 1327 2750 Ledebur:
1365 2715 1427 2749 clas
1455 2714 1560 2749 Land
1588 2715 1662 2748 und

959 2765 1041 2798 Vollt
1064 2765 1339 2799 derBruktercr.
1367 2763 1529 2797 Berolini
1554 2763 1658 2799 1827.

1023 2835 1218 2869 Chamavos
1255 2841 1286 2868 et
1321 2833 1556 2879 Anyrivarios
1590 2832 1659 2865 im-

948 2884 1118 2927 migyrasse
1132 2894 1144 2916 .·
1168 2882 1374 2928 Angrivarii
1392 2886 1475 2915 ante
1495 2880 1658 2914 colentes

948 2932 1041 2965 inter
1057 2932 1240 2976 Visurgim
1269 2935 1304 2964 et
1324 2929 1443 2964 Albim
1464 2931 1518 2974 (v.
1536 2933 1656 2962 annot.

949 2979 992 3014 ad
1019 2979 1051 3014 11
1075 2979 1118 3027 8)
1146 2980 1356 3014 transmisso
1384 2978 1530 3024 visui-gi
1557 2977 1658 3011 occi-
