1768 3216
449 45 469 48 ⁷„
479 36 564 45 μέν-κ

729 265 817 302 Gar.
844 267 976 303 9-10.
1541 264 1617 301 1¹70

121 380 246 434 volo,
289 386 495 436 tamquam
527 394 601 424 eos
642 383 789 436 quibus
831 387 977 425 natura
1017 395 1092 425 sua
1134 381 1363 424 oratorium
1402 381 1616 437 ingenium

125 455 349 510 denegavit
378 455 611 498 deterream
638 469 660 498 a
693 457 959 509 carminibus,
993 457 1029 498 si
1059 456 1184 498 modo
1215 456 1259 497 in
1289 456 1369 498 hac
1387 455 1616 498 studiorum

123 532 244 583 parte
271 529 484 572 oblectare
512 531 638 572 otium
670 535 710 573 et
733 543 884 573 nomen
915 531 1104 572 inserere
1134 535 1308 585 possunt
1334 530 1483 572 famae.
1524 529 1617 583 Ego

123 611 227 647 vero
271 616 437 646 omnem
480 604 759 658 eloquentiam
804 617 1032 659 omnesque
1078 606 1167 647 eius
1208 609 1347 659 partes
1388 615 1531 646 sacras
1577 607 1619 645 et

124 675 388 720 venerabiles
418 682 545 731 puto,
586 691 663 721 nec
702 679 834 721 solum
866 679 1110 722 cothurnum
1141 683 1324 721 vestrum
1357 682 1426 720 aut
1454 677 1650 720 heroicis

125 752 322 795 carminis
351 764 526 805 sonum,
573 753 647 794 sed
677 753 902 807 lyricorum
934 765 1099 807 quoque
1130 753 1426 794 iucunditatem
1456 755 1497 793 et
1526 751 1619 792 ele-

124 837 274 881 gorum
304 826 500 869 lascivias
528 831 569 868 et
598 827 828 868 iamborum
861 828 1175 869 amaritudinem
1206 831 1247 868 et
1276 827 1619 881 epigrammatum

124 900 240 943 lusus
269 905 312 943 et
343 913 643 955 quamcumque
676 901 796 942 aliam
828 901 1015 954 speciem
1043 901 1279 954 eloquentia
1298 900 1464 952 habeat,
1496 903 1619 941 ante-

125 974 361 1028 ponendam
393 976 547 1016 ceteris
579 975 751 1016 aliarum
783 975 931 1016 artium
962 975 1109 1016 studiis
1141 974 1284 1016 credo.
1361 973 1443 1015 Sed
1483 977 1619 1014 tecum

125 1048 240 1102 mibi,
269 1049 469 1100 Materne,
500 1061 569 1091 res
600 1053 677 1101 est,
713 1049 838 1102 quod,
874 1060 966 1090 cum
997 1052 1143 1090 natura
1171 1052 1239 1089 tua
1269 1047 1312 1087 in
1332 1047 1462 1100 ipsam
1480 1059 1620 1088 arcem
1635 1058 1674 1089 ιο

126 1123 392 1178 eloquentiae
422 1123 542 1175 ferat,
575 1135 719 1164 errare
752 1123 884 1164 mavis
916 1127 958 1163 et
986 1134 1143 1164 summa
1174 1121 1346 1174 adeptus
1373 1121 1415 1161 in
1445 1120 1623 1161 leviori-

126 1198 204 1240 bus
234 1197 440 1241 subsistis.
500 1197 550 1238 Ut
589 1198 625 1238 si
667 1198 708 1238 in
751 1197 928 1239 Graecia
969 1201 1088 1238 natus
1130 1208 1274 1247 esseS‚
1324 1195 1395 1235 ubi
1438 1194 1622 1236 ludicras

129 1273 294 1326 quoque
326 1271 427 1313 artis
459 1283 659 1313 exercere
693 1271 910 1312 honestum
942 1275 1026 1322 est,
1060 1283 1109 1310 ac
1140 1270 1214 1310 tibi
1241 1268 1466 1310 Nicostrati
1496 1269 1625 1310 robur

207 1402 247 1444 3.
279 1402 394 1435 ocium
417 1399 455 1444 P,
482 1405 521 1434 ut
546 1400 650 1435 solet.
711 1402 745 1435 5.
774 1406 957 1434 coturnum
983 1398 1047 1433 FP.

143 1443 148 1447 ³
1136 1398 1170 1434 6.
1198 1397 1388 1444 eleqiorum
1413 1397 1450 1431 P.
1527 1398 1560 1432 7.
1591 1403 1623 1431 et

133 1453 216 1484 ante
241 1450 350 1496 epigr.
377 1459 434 1482 om
459 1448 526 1491 FP,
558 1448 689 1482 adiecit
714 1447 910 1482 Acidalius.

983 1447 1018 1482 8.
1046 1446 1195 1491 quaa-affl
1221 1445 1258 1481 P.
1334 1446 1418 1480 'tecit
1445 1444 1482 1479 P.
1567 1446 1622 1480 10.

133 1497 171 1532 h.
197 1497 223 1532 l.
251 1499 289 1532 in
314 1497 338 1531 P
363 1508 471 1542 super
496 1498 699 1531 vocativum
712 1497 876 1530 Materne
901 1496 1038 1529 nullum
1068 1506 1099 1527 o.
1176 1500 1287 1528 artem
1312 1494 1356 1527 P:
1384 1504 1502 1528 arcem
1528 1493 1626 1527 Rhe-

130 1555 256 1581 nauus.

336 1547 392 1580 11.
419 1557 519 1580 suma
544 1545 581 1580 P.
669 1546 724 1580 13.
756 1546 844 1579 artis
868 1544 905 1587 P,
932 1554 1002 1578 uon
1030 1549 1135 1577 artes.

131 1650 227 1694 Aper
264 1648 380 1683 adhuc
418 1649 637 1694 colloquitur
675 1659 755 1682 cum
782 1649 850 1682 Se-

915 1645 1066 1680 Perinde
1076 1645 1252 1679 Maternus
1270 1645 1445 1689 poeticam
1471 1643 1628 1677 sanctio-

136 1698 252 1732 cundo
280 1702 316 1732 et
339 1697 512 1731 Materno.
578 1696 778 1731 Secundum
807 1707 851 1730 ex

916 1706 990 1728 rem
1037 1700 1068 1727 et
1114 1684 1380 1738 anqustiorem‘
1396 1692 1629 1736 eloquentiam

139 1745 254 1780 Gallia
280 1750 394 1779 ortum
427 1745 541 1779 fuisse
580 1750 662 1779 ante
698 1743 851 1778 vidimus

140 1793 204 1838 (ad
232 1805 263 1828 c.
291 1795 350 1840 2):
384 1804 477 1827 nunc
504 1793 596 1827 idem
624 1792 667 1826 de
693 1793 789 1836 Apro
817 1797 852 1825 ct

139 1842 297 1877 Materno
333 1840 536 1875 edocemur.
594 1841 683 1875 Hinc
718 1840 850 1874 clarum

141 1901 203 1925 cur
228 1900 352 1924 omnes
381 1894 556 1934 tamquam
598 1900 642 1923 ex
668 1889 853 1933 provincia

140 1938 308 1973 oriundos
326 1938 460 1983 alloqui
482 1936 754 1982 possitfflessala
776 1937 852 1980 ipse

138 1989 174 2021 in
208 1986 295 2020 urbe
332 1991 435 2020 natus
477 1997 508 2020 c.
535 1986 604 2020 28:
647 1995 854 2030 quamquam

140 2041 258 2070 vestra
282 2035 377 2069 robis
401 2036 544 2068 notiora
566 2039 656 2068 sunt.

209 2112 247 2140 nt
271 2105 378 2140 semel
401 2105 507 2147 vidit,
544 2105 673 2138 transit
707 2110 739 2138 et
765 2115 854 2137 con-

140 2161 253 2190 tentus
279 2160 352 2188 est:
379 2153 496 2187 simile
516 2153 600 2197 quid
627 2152 854 2186 deGaditano

139 2203 251 2238 refert
283 2201 419 2236 Plinius
455 2200 570 2245 Epist.
610 2200 639 2234 ll
666 2202 717 2235 3:
759 2211 854 2233 nura-

140 2261 288 2296 quamne
312 2249 650 2294 legistiGadt'tanum
672 2248 854 2292 quendam,

146 2299 211 2333 Titi
239 2297 333 2332 Livii
364 2297 504 2329 nomine
538 2296 721 2340 gloriaque
760 2307 856 2329 com-

140 2352 293 2387 motum,
324 2345 372 2378 ad
397 2344 576 2377 visendum
601 2354 677 2376 eum
703 2343 746 2376 ab
771 2342 857 2375 ulti-

141 2405 196 2428 mo
225 2399 401 2428 terr-amm
426 2391 507 2424 orbe
531 2391 687 2431 venisse,
720 2391 858 2423 statim-

143 2453 207 2486 que
242 2446 279 2475 ut
303 2440 463 2481 viderat,
498 2438 642 2472 abisse?
686 2437 857 2471 Nimirum

147 2492 183 2524 in
210 2492 317 2534 poeta
341 2492 377 2522 et
402 2498 518 2521 rerum
551 2486 724 2529 scriptore
759 2486 858 2518 visus

143 2537 305 2572 sufficit:
341 2541 500 2570 oratores
537 2545 607 2568 non
645 2533 759 2568 solum
800 2534 858 2566 vi-

144 2587 230 2621 dere
255 2585 318 2619 sed
346 2585 452 2618 etiam
487 2584 523 2616 in
561 2583 677 2616 causis
711 2580 859 2626 agendis

146 2634 271 2668 audire
288 2638 324 2666 et
350 2631 576 2666 considerare
591 2631 858 2672 concupiscunt.

209 2703 382 2737 oblectare
402 2702 526 2734 otium.-
554 2702 659 2733 otium
683 2698 772 2731 dixit
795 2707 857 2741 pro

149 2752 266 2785 otiosis
294 2752 371 2784 sive
399 2750 451 2782 cis
487 2749 545 2793 qui
571 2749 645 2780 otio
673 2746 841 2792 gaudent.

221 2832 354 2855 omnem
393 2819 644 2863 eloquentiam.-
689 2827 784 2850 nunc
824 2821 858 2850 et

149 2870 255 2915 paulo
303 2873 381 2913 post
431 2866 627 2911 eloquentia
660 2865 857 2911 generatim

149 2919 292 2962 ponitur
328 2927 390 2961 pro
427 2915 632 2950 elocutione
667 2913 712 2947 ad
749 2917 858 2947 artem

150 2967 243 3003 [acta
286 2963 538 3014 (Darstelluny
578 2960 687 2997 durch
726 2961 856 3010 Reda).

917 1744 1060 1776 vocavit
1094 1753 1123 1775 c.
1157 1743 1191 1776 4.
1251 1740 1340 1774 Eum
1391 1739 1628 1786 significatum

916 1791 1114 1834 respiciens
1134 1788 1374 1834 eloquentiam
1401 1798 1492 1833 quae
1518 1787 1629 1833 vulgo

918 1840 1058 1880 dicitur,
1084 1838 1180 1881 Aper
1206 1838 1399 1871 oratoriam
1425 1841 1507 1869 aute
1537 1837 1588 1880 (c.
1608 1835 1630 1869 5

920 1892 954 1921 ct
980 1887 1021 1932 6)
1050 1885 1258 1930 appellavit.

1005 1968 1138 1991 summa
1179 1955 1322 1999 adeptus
1363 1956 1403 1988 in
1444 1953 1631 1988 levioribus

918 2006 1093 2039 subsistis.-
1128 2003 1288 2048 pluribus
1329 2002 1526 2036 editoribus
1550 2001 1632 2045 pla-

921 2055 993 2087 cuit
1019 2054 1207 2098 adepturus
1227 2076 1238 2093 ,
1263 2050 1416 2084 Acidalii
1444 2050 1632 2084 coniectu-

919 2113 980 2135 ra:
1019 2103 1080 2136 sed
1108 2111 1187 2134 cutn
1217 2099 1374 2133 Materno
1412 2099 1449 2131 in
1475 2098 1633 2132 forensi-

920 2150 986 2184 bus
1014 2150 1130 2184 causis
1158 2148 1243 2181 satis
1268 2157 1447 2191 superque
1472 2145 1634 2179 sudatum

922 2203 1017 2232 esset
1043 2203 1138 2240 (cap.
1169 2197 1228 2241 4),
1257 2206 1334 2228 cum
1361 2195 1455 2227 idem
1481 2193 1525 2228 ad
1554 2193 1634 2227 elo-

923 2247 1103 2291 quentiam
1121 2244 1261 2276 virilem
1289 2247 1324 2275 et
1338 2242 1527 2274 oratoriam
1537 2241 1634 2283 Apro

923 2294 1042 2326 iudice
1070 2297 1172 2325 natus
1198 2292 1243 2323 sit
1271 2294 1319 2333 (c.
1348 2290 1411 2333 5),
1451 2293 1486 2321 et
1511 2292 1635 2320 natura

925 2342 1001 2374 eius
1028 2341 1063 2372 in
1103 2341 1213 2381 ipsam
1248 2346 1364 2369 arcem
1405 2334 1635 2379 eloquentiae

924 2388 1025 2427 ferat,
1054 2390 1152 2419 recte
1177 2394 1309 2418 summa
1328 2383 1471 2427 adeptus
1484 2381 1528 2415 ab
1538 2382 1634 2426 Apro

924 2434 1155 2479 designatur:
1184 2433 1267 2465 huic
1286 2431 1380 2464 enim
1400 2440 1535 2463 summa
1555 2429 1635 2463 adi-

925 2483 1073 2526 piscitur
1099 2483 1126 2514 is
1155 2481 1213 2525 qui
1242 2489 1366 2513 causas
1392 2478 1554 2512 forenses
1573 2487 1635 2511 re·-

926 2535 981 2564 cte
1006 2530 1183 2562 sustinere
1210 2531 1338 2572 potest.

1000 2626 1192 2659 Nicostrati
1217 2624 1322 2657 robur
1348 2634 1391 2655 ac
1415 2623 1529 2654 eires:
1568 2629 1635 2652 no.-

927 2674 1036 2707 minat
1062 2673 1220 2717 pugilem
1254 2675 1289 2704 et
1323 2671 1532 2703 luctatorem
1570 2677 1635 2700 ae-

928 2721 1087 2765 qualem,
1126 2722 1159 2753 in
1196 2718 1322 2752 Cilicia
1358 2716 1571 2755 educatum,
1616 2723 1638 2746 a

928 2768 1165 2812 praedonibus
1193 2770 1331 2808 captum
1360 2768 1394 2796 ct
1420 2771 1546 2795 venum
1572 2760 1637 2793 da-

929 2822 1012 2858 tum,
1043 2821 1081 2848 ut
1110 2819 1226 2848 narrat
1251 2811 1437 2844 Pausanias
1466 2810 1493 2843 V
1521 2810 1565 2843 22
1593 2808 1637 2842 5:

928 2866 1062 2900 τοῦτον
1100 2859 1165 2898 τὸν
1199 2858 1463 2904 Νικόστρατον
1501 2857 1640 2898 νήπιον

928 2911 1051 2946 παῖδα
1081 2911 1135 2945 ἔιι
1159 2911 1198 2946 ἐκ
1213 2909 1484 2953 Πρυμνησσοῦ
1508 2905 1642 2951 λῃσταὶ

928 2963 990 3003 τῆς
1036 2958 1204 3006 Φρυγῶν
1253 2956 1433 3002 ἥρπασαν
1450 2978 1460 2997 ,
1522 2953 1644 2994 οἰκίας
