1768 3216
172 220 256 260 xlv
784 220 1051 258 PRAEFATIO.

172 341 215 384 in
232 340 473 392 Middlehill,
504 339 670 394 Dialogi
701 339 946 382 Parisiensis
978 339 1075 381 olim
1107 346 1239 391 (anno
1276 342 1405 394 1580)
1435 341 1669 385 a‘'Pithoeo

172 416 409 469 inspectus,
442 426 572 468 nuper
602 413 775 456 collatus
808 415 859 456 ab
890 415 1060 470 Eggero
1094 428 1131 457 a.
1165 415 1273 458 1836
1303 416 1345 458 in
1378 416 1546 458 Diurnis
1575 416 1671 459 An-

171 489 368 548 tiquitatis
399 488 629 534 studiorum
659 489 891 532 Darmstad.
924 502 962 549 p.
994 489 1235 533 337—349.
1611 490 1614 493 “
1670 498 1675 502 ·

534 716 622 762 111.
684 718 754 762 De
783 717 1028 775 Ayricolae
1058 719 1302 764 codicibus.

305 896 405 937 Cum
434 906 543 937 anno
590 894 698 938 1470
741 907 866 937 aerae
897 894 1158 937 Christianae
1188 895 1318 937 Taciti
1361 895 1517 950 scripta
1558 895 1664 951 typis

167 970 414 1027 consignata
452 970 638 1015 Venetiis
691 970 864 1026 primum
904 970 1099 1024 prodiere
1141 976 1201 1021 (v.
1246 970 1434 1015 Prooem.
1466 983 1505 1025 p.
1535 970 1662 1024 LVI),

167 1058 252 1087 non
284 1045 407 1088 modo
431 1044 653 1089 Annalium
681 1045 814 1090 maior
842 1056 938 1099 pars
967 1045 1041 1090 sed
1073 1045 1196 1091 etiam
1215 1045 1299 1088 vita
1317 1044 1407 1091 Iulii
1429 1044 1659 1100 Agricolae

168 1120 311 1162 defuit.
373 1121 523 1162 Verum
556 1124 653 1162 tunc
683 1124 724 1161 et
752 1120 884 1162 virtus
916 1120 1098 1161 auctoris
1131 1124 1171 1161 et
1202 1119 1341 1174 operis
1362 1119 1542 1165 truncati
1559 1131 1659 1173 spe-

166 1195 253 1236 cies
287 1194 402 1236 viros
431 1194 660 1236 litterarum
690 1195 881 1237 curiosos
915 1199 955 1235 et
986 1194 1241 1248 antiquitatis
1273 1197 1458 1236 amantes
1502 1192 1555 1235 ad
1594 1193 1663 1235 in-

164 1269 453 1325 vestigandum
495 1269 665 1324 impulit.
734 1270 798 1311 Ac
840 1281 937 1311 mox
977 1273 1046 1311 aut
1083 1270 1125 1310 in
1157 1269 1299 1311 Italiae
1338 1268 1430 1311 solo
1470 1272 1660 1322 repertus

164 1349 233 1389 aut
263 1357 314 1386 eo
347 1345 397 1387 ab
430 1345 585 1387 exteris
615 1344 760 1389 allatus
794 1349 858 1386 est
883 1345 989 1386 liber
1019 1344 1212 1397 scriptus,
1246 1331 1327 1398 quo
1358 1344 1442 1386 vita
1472 1343 1660 1398 Agrico-

163 1421 229 1463 lae
261 1420 577 1472 continebatur,
611 1419 741 1461 Taciti
774 1431 944 1473 operum
977 1424 1241 1474 augmentum
1271 1418 1394 1473 plane
1425 1418 1658 1474 egregium.

163 1497 214 1539 Et
243 1496 332 1550 ipse
363 1494 526 1549 quidem
567 1498 662 1550 post
699 1495 870 1536 brevem
909 1494 1033 1538 vitam
1075 1493 1233 1537 interiit
1275 1497 1396 1550 atque
1436 1506 1489 1534 ex
1527 1492 1661 1537 oculis

162 1571 348 1613 virorum
392 1569 608 1611 doctorum
652 1569 842 1621 evanuit,
887 1568 960 1610 sed
1005 1567 1160 1622 prolem
1201 1567 1369 1621 reliquit
1401 1579 1480 1620 qua
1509 1579 1661 1609 monu-

164 1649 343 1688 mentum
375 1644 534 1700 ingenii
566 1656 664 1687 aere
694 1644 919 1699 perennius
948 1647 1032 1685 tuto
1065 1642 1116 1684 ad
1145 1642 1428 1696 posteritatem
1456 1642 1659 1695 pervenit.

162 1721 265 1763 Nam
294 1719 436 1762 seculo
469 1718 779 1774 quintodecimo
812 1718 864 1761 ad
896 1717 1017 1759 finem
1045 1721 1246 1772 vergente
1280 1720 1473 1770 quattuor
1492 1716 1663 1758 codices

163 1795 262 1837 inde
293 1794 493 1848 descripti
519 1798 625 1836 sunt.

297 1869 601 1923 Exemplarium
633 1872 729 1909 tunc
761 1867 1053 1910 confectorum
1079 1867 1254 1920 primum
1285 1865 1423 1908 locum
1456 1865 1535 1908 sibi
1565 1869 1660 1919 pot·

163 1949 226 1987 est
255 1944 472 1987 vindicare
496 1949 508 1970 1
543 1943 649 1984 liber
679 1943 740 1995 Γ,
773 1943 812 1983 h.
845 1955 881 1984 e.
917 1941 1054 1984 codex
1086 1941 1332 1983 chartaceus
1364 1941 1589 1984 Vaticanus
1620 1953 1662 1981 n.

162 2019 300 2071 3429,
342 2018 520 2072 scriptus
562 2030 584 2058 a
613 2016 839 2070 Pomponio
880 2016 1031 2067 Laeto,
1079 2015 1171 2056 viro
1212 2016 1254 2056 in
1293 2015 1443 2057 litteris
1486 2014 1663 2069 egregie

162 2096 356 2144 versato,
397 2092 465 2145 qui
499 2091 542 2132 in
572 2091 675 2132 urbe
707 2092 837 2133 Roma
869 2103 904 2131 a.
944 2089 1051 2130 1497
1087 2092 1262 2132 mortem
1295 2088 1409 2132 obiit.
1492 2088 1537 2132 ln
1565 2088 1656 2141 ipso

162 2172 347 2210 notatum
377 2166 557 2223 legitur:
586 2165 778 2206 Cornelio
814 2164 954 2205 Tacito
985 2164 1093 2204 della
1120 2162 1208 2204 Vita
1231 2162 1485 2217 d’Ayricola,
1515 2163 1662 2204 scritto

164 2241 207 2283 di
235 2253 357 2283 mano
393 2240 434 2282 di
459 2239 684 2293 Pomponio
712 2238 852 2291 Laeto,
888 2239 1011 2291 ligato
1039 2238 1170 2279 dietro
1202 2238 1245 2280 al
1273 2237 1414 2280 Tacito
1443 2240 1662 2290 stampato.

163 2315 250 2358 Ful.
286 2313 377 2356 Urs.
441 2315 600 2368 Quippe
631 2313 731 2355 illud
763 2314 990 2356 Vaticanae
1018 2312 1299 2354 bibliothecae
1320 2312 1529 2366 exemplar
1553 2323 1662 2353 con-

162 2390 266 2432 tinet
303 2389 532 2445 principem
562 2389 692 2430 Taciti
736 2388 987 2440 editionem,
1040 2399 1159 2441 quam
1188 2387 1437 2443 Pomponius
1480 2386 1660 2439 ascripta

161 2464 391 2519 Agricolae
422 2464 506 2505 vita
538 2462 693 2504 ditavit.
765 2462 830 2503 Ad
872 2461 1104 2516 marginem
1144 2461 1305 2502 codicis
1347 2461 1387 2502 Γ
1422 2472 1552 2504 voces
1596 2460 1662 2502 vel

162 2539 362 2595 syllabae,
394 2539 540 2592 partim
573 2537 794 2579 comitante
826 2541 923 2578 nota
954 2535 1018 2576 ΑΓ
1049 2535 1197 2589 partim
1227 2536 1319 2576 sine
1352 2535 1558 2579 eiusmodi
1582 2535 1662 2576 ad-

162 2614 417 2666 monitione,
461 2612 651 2654 adiectae
685 2616 792 2653 sunt.
854 2611 967 2652 Haec
1003 2623 1086 2651 non
1120 2614 1214 2652 suut
1246 2613 1498 2651 tentamenta
1530 2610 1660 2665 ipsius

162 2688 391 2742 Pomponii,
423 2688 491 2741 qui
520 2699 616 2729 suas
651 2686 916 2727 coniecturas
949 2685 1139 2738 apposito
1171 2684 1302 2726 verbo
1327 2688 1429 2736 puto
1455 2684 1659 2740 designa-

164 2763 250 2814 vit,
294 2763 367 2804 sed
409 2762 695 2815 discrepantes
737 2760 967 2813 scripturae
1009 2772 1061 2800 ex
1090 2759 1171 2799 alio
1200 2759 1306 2800 libro
1336 2743 1490 2812 petitae
1519 2763 1656 2813 atque,

216 2922 247 2955 1.
279 2921 382 2955 Goni'.
405 2920 528 2955 Caroli
551 2921 632 2955 Weoe
657 2920 882 2967 Proleyome-
933 2918 1073 2954 Suerini
1097 2905 1200 2953 1845.
1226 2918 1262 2953 4.
1287 2918 1436 2952 Wexius
1451 2917 1657 2964 Agricolam

167 2980 239 3004 non
260 2970 297 3003 in
317 2970 425 3004 Taciti
445 2969 649 3014 Ayn'colam
671 2980 748 3014 cap.
767 2969 795 3003 Ι.
811 2968 880 3004 ΙΙΙ.
931 2969 1009 3012 ipse
1035 2967 1243 3011 propediem
1273 2965 1430 3002 editurus
1456 2972 1524 3000 est.
