1768 3216
157 232 232 266 303
775 222 1086 259 nlsromAavM
1443 234 1486 259 a.
1503 233 1540 261 u.
1565 224 1651 262 822.

158 346 321 397 stantia,
355 352 629 397 prensumque
659 340 828 382 militem
860 354 910 382 ac
939 341 1242 383 vociferantem
1273 340 1371 382 duci
1401 341 1453 383 ad
1493 341 1655 396 suppli-

159 420 264 460 cium
314 417 444 459 iussit.
505 415 556 457 Et
595 415 690 456 dum
726 415 823 457 mali
866 420 1048 470 pavent,
1096 416 1272 469 optimus
1314 416 1490 470 quisque
1529 417 1653 460 iussis

155 503 343 546 paruere.
404 490 511 531 Exin
542 501 753 531 consensu
783 490 930 531 ducem
950 490 1149 532 Voculam
1171 491 1458 544 poscentibus,
1481 491 1654 533 Flaccus

154 577 351 607 summam
398 576 535 606 rerum
582 565 621 606 ei
667 565 866 618 permisit.
927 565 1007 607 Sed
1056 565 1276 607 discordes
1322 565 1482 608 animos
1528 565 1724 609 multa26

123 639 414 692 sefferabant,
465 639 603 693 inopia
646 640 842 694 stipendii
885 640 1161 694 frumentique
1207 645 1246 682 et
1282 640 1402 682 simul
1449 640 1654 683 delectum

157 713 389 767 tributaque
422 713 580 754 Galliae
612 718 915 766 aspernantes,
961 714 1128 756 Rhenus
1170 715 1385 770 incognita
1427 714 1486 756 illi
1535 714 1654 757 caelo

154 788 343 833 siccitate
373 788 445 829 vix
474 787 640 830 navium
668 788 856 842 patiens,
890 790 1255 848 articommeatus
1274 821 1286 843 ,
1321 773 1549 844 dispositae
1575 801 1654 843 per

156 875 320 904 omnem
352 863 482 917 ripam
514 863 740 916 stationes,
784 876 890 917 quae
923 863 1153 906 Germanos
1183 865 1293 906 vado
1325 867 1542 916 arcerent,
1579 874 1657 904 ea-

155 937 330 991 demque
364 937 416 979 de
450 950 574 979 causa
608 938 742 980 minus
774 939 937 994 frugum
973 943 1012 980 ct
1055 939 1194 994 plures
1238 940 1307 993 qui
1347 943 1654 982 consumerent.

104 1032 142 1061 ιο
155 1013 275 1068 Apud
306 1014 518 1068 imperitos
548 1015 731 1069 prodigii
763 1015 858 1056 loco
891 1015 1175 1069 accipiebatur
1194 1014 1280 1069 ipsa
1303 1027 1502 1069 aquarum
1522 1025 1659 1069 penu-

156 1089 233 1141 ria,
265 1092 468 1142 tamquam
498 1102 574 1130 nos
606 1102 748 1131 amnes
781 1102 945 1144 quoquc
977 1094 1018 1131 et
1048 1094 1192 1132 vetera
1223 1090 1385 1144 imperii
1404 1089 1657 1131 munimenta

160 1163 417 1205 desererent.
467 1164 586 1213 Quod
619 1164 661 1205 in
692 1177 798 1218 pace
824 1166 912 1207 sors
942 1177 1017 1207 seu
1047 1169 1208 1218 natura,
1242 1169 1338 1206 tunc
1365 1165 1491 1207 fatum
1525 1168 1566 1207 et
1594 1164 1656 1206 ira

159 1237 225 1279 dei
259 1238 499 1280 vocabatur.

290 1313 498 1367 Ingressis
537 1313 788 1354 Novaesium
832 1316 950 1354 sexta
1000 1312 1173 1355 decuma
1215 1312 1328 1366 legio
1375 1313 1655 1368 coniungitur.
1690 1335 1692 1338 >

105 1400 142 1429 ιε
155 1385 333 1428 Additus
363 1387 549 1428 Voculae
580 1387 623 1427 in
650 1391 810 1440 partem
842 1399 1033 1428 curarum
1074 1388 1307 1428 Herennius
1350 1387 1490 1430 Gallus
1532 1387 1657 1442 lega-

156 1465 244 1511 tus3
285 1473 365 1502 nec
396 1462 485 1503 ausi
515 1461 567 1502 ad
601 1461 763 1503 hostem
795 1474 1001 1516 pergere,
1046 1461 1142 1503 loco
1171 1462 1238 1503 cui
1271 1461 1457 1503 Gelduba
1503 1473 1658 1503 nomen

156 1539 219 1576 est
250 1540 387 1576 castra
420 1536 575 1578 fecere.
638 1536 697 1577 lbi
725 1536 923 1578 struenda
956 1537 1073 1588 acie,
1112 1536 1337 1578 muniendo
1377 1536 1658 1590 vallandoque

156 1613 197 1651 et
226 1609 380 1650 ceteris
411 1610 510 1651 belli
540 1610 847 1653 meditamentis
875 1611 1045 1652 militem
1070 1610 1299 1652 firmabant.
1344 1611 1476 1664 thue
1502 1610 1658 1664 praeda

155 1684 207 1725 ad
235 1684 426 1726 virtutem
459 1685 787 1738 accenderetur,
834 1686 874 1726 in
906 1686 1131 1739 ‘proximos
1172 1685 1462 1741 Gugernorum
1505 1696 1654 1740 pagos,

101 1773 142 1803 20
157 1758 226 1812 qui
253 1759 499 1801 societatem
529 1759 672 1802 Civilis
705 1764 979 1814 acceperant,
1013 1761 1159 1802 ductus
1191 1772 1214 1801 a
1244 1760 1403 1802 Vocula
1433 1760 1655 1803 exercitus.

1150 1920 1184 1953 3.
1213 1919 1305 1952 emim
1331 1916 1656 1952 Ma.consens1·a'

1246 1969 1280 2001 5.
1327 1966 1520 2012 efferebant
1534 1964 1656 2049 gutizi:

293 1918 322 1951 1.
347 1928 577 1962 prensumque
604 1918 678 1952 Ma.
703 1918 914 1964 prehensum
940 1930 1003 1963 que
1030 1919 1069 1953 G.

154 1963 219 1998 Ma.
315 1965 428 2009 flacci}
454 1965 519 2000 ΜΒ.
625 1967 661 2001 4.
698 1967 840 2001 videtur
866 1967 980 2001 fuisse
1006 1967 1144 2001 animis

155 2012 351 2058 efferabant
378 2015 511 2057 primus
538 2013 748 2050 Beroaldus.
828 2015 888 2050 dil.
919 2015 985 2050 Ma.
1083 2016 1137 2049 13.
1167 2013 1203 2048 di
1230 2026 1309 2048 cum
1336 2015 1399 2049 lin.
1428 2013 1504 2050 Ma:

159 2062 213 2095 14.
241 2061 466 2108 Novaesium]
504 2061 659 2096 Orellius
698 2065 874 2108 expressit
899 2064 1082 2110 vulgatam
1112 2063 1316 2106 Novesium,
1362 2062 1462 2097 nulla
1499 2063 1543 2097 ad
1569 2063 1604 2098 h.
1633 2062 1656 2096 l.

156 2113 299 2143 enotata
325 2111 522 2155 scripturae
549 2111 802 2156 discrepantia,
830 2112 893 2147 sed
918 2124 961 2146 ae
987 2114 1023 2146 in
1053 2122 1095 2146 eo
1124 2113 1267 2145 nomine
1290 2115 1450 2145 notatum
1469 2111 1512 2145 ab
1530 2111 1657 2154 eodem

156 2157 198 2191 H.
227 2159 252 2192 4
277 2158 324 2193 33
351 2163 387 2193 et
411 2160 458 2194 35
487 2164 522 2193 et
548 2159 595 2194 36
623 2165 658 2194 et
689 2161 732 2196 57
762 2167 797 2195 et
823 2161 868 2196 62
898 2166 933 2194 et
964 2162 1009 2196 70
1036 2166 1072 2194 et
1110 2160 1174 2203 79,
1213 2159 1305 2193 nihil
1345 2159 1496 2194 relatum
1532 2159 1575 2193 ad
1612 2159 1654 2193 H.

159 2206 183 2239 4
210 2206 267 2248 77,
296 2206 317 2241 5
343 2208 401 2242 22.
513 2213 613 2241 sexta
640 2209 799 2265 decuma]
830 2209 883 2243 M³
911 2211 986 2252 omj,
1027 2208 1054 2243 G
1081 2210 1193 2242 tercia
1232 2209 1378 2242 decima.
1508 2207 1561 2243 16.
1602 2207 1661 2241 cui

154 2252 255 2287 deest
282 2253 389 2288 GMa.
415 2256 618 2299 suppletum
644 2258 680 2291 in
710 2259 799 2304 Reg.
829 2258 924 2292 liarl.
984 2258 1042 2293 20.
1079 2256 1211 2291 Vocula
1237 2256 1316 2291 Ma·
1308 2282 1316 2290 .
1353 2268 1375 2290 a
1409 2255 1540 2291 Vocula
1567 2255 1594 2290 G
1621 2260 1658 2290 et

155 2300 392 2347 Oxonienses,
426 2303 578 2338 Voculae
601 2306 643 2340 A.

154 2432 304 2468 debant.
346 2446 426 2469 nam
462 2447 507 2470 ex
540 2435 744 2482 legionibus
771 2438 868 2472 infe-

152 2482 257 2516 rioris
273 2485 451 2518 exercitus
462 2485 553 2518 duae
564 2486 611 2530 (V
623 2491 659 2519 et
669 2486 768 2532 XV)'
760 2498 794 2519 in
806 2497 869 2520 ca-

938 2448 1038 2471 more
1064 2436 1224 2470 'l‘acitino
1251 2440 1524 2480 componuntur.
1552 2435 1655 2470 Cont'.

940 2486 980 2519 H.
1006 2485 1053 2519 111
1087 2486 1158 2519 152
1200 2485 1429 2531 (Antonius)
1481 2484 1659 2518 discordes

153 2531 247 2574 stris,
274 2531 402 2577 quibus
424 2533 593 2566 Veteium
622 2543 764 2577 nomen,
790 2535 869 2580 pri-

154 2590 212 2612 ma
237 2581 273 2613 in
301 2579 460 2614 hibernis
485 2581 737 2616 Bonnensibus
764 2583 868 2615 modo

154 2627 233 2671 fuit,
261 2634 362 2662 sexta
378 2629 547 2663 decuma'
538 2632 712 2675 ingressis
725 2631 870 2665 Novae-

151 2677 244 2710 sium
273 2677 415 2711 demum
438 2679 608 2724 iungitur.

210 2724 364 2769 Cap.26.
389 2727 565 2760 discordes
593 2728 751 2762 am‘mos:
777 2726 870 2772 quod

155 2775 294 2807 conieci
321 2775 499 2809 discordes
525 2777 675 2819 animis,
712 2785 783 2809 non
811 2780 870 2809 te-

155 2833 252 2856 mere
284 2822 441 2857 factum:
483 2825 536 2858 sic
574 2825 668 2858 enim
709 2826 870 2858 internus

155 2871 350 2904 animorum
367 2871 507 2906 habitus
534 2872 711 2907 discordia
738 2883 871 2918 aegro-

154 2922 233 2951 tans
259 2924 295 2952 et
327 2930 418 2964 quae
451 2922 674 2956 extrinsecus
703 2932 870 2956 acc-esse-

154 2966 226 2999 rint
251 2967 295 3000 ad
321 2968 467 3003 alendas
498 2970 619 3005 turbas
651 2971 802 3017 egregie
829 2981 870 3004 ac

939 2534 1068 2567 animis
1095 2555 1139 2560 —
1167 2533 1315 2578 ndqredi
1339 2534 1475 2568 statuit.

1011 2581 1100 2615 vado
1128 2587 1324 2616 arcerent:
1362 2580 1453 2615 cado
1483 2580 1577 2614 idem
1603 2585 1658 2614 est

940 2630 1034 2674 quod
1061 2629 1147 2664 locis
1172 2630 1322 2672 vadosis,
1351 2630 1386 2664 h.
1405 2641 1436 2663 e.
1462 2629 1524 2663 ubi
1549 2629 1657 2663 facile

939 2680 1080 2712 transiri
1108 2683 1259 2723 poterat.
1343 2678 1543 2712 Herennius
1569 2677 1658 2712 Ga!-

941 2727 1012 2761 lus:
1050 2728 1117 2761 fuit
1142 2727 1283 2773 legatus
1310 2728 1447 2771 primae
1474 2726 1655 2772 legionis;

940 2786 975 2810 v.
1007 2787 1038 2809 c.
1064 2776 1106 2811 19
1133 2780 1169 2809 et
1195 2776 1239 2810 27
1267 2781 1302 2809 et
1328 2775 1376 2810 59
1399 2780 1436 2809 et
1465 2775 1511 2810 70
1536 2779 1573 2808 et
1598 2774 1655 2809 77.

1004 2830 1106 2858 sexta
1132 2824 1302 2858 decuma:
1328 2828 1410 2868 post
1435 2824 1581 2868 primam
1599 2822 1658 2856 le.-

941 2874 1086 2918 gionem
1114 2885 1144 2907 c.
1171 2874 1213 2908 19
1241 2874 1457 2906 nominatam
1477 2876 1513 2905 et
1532 2871 1657 2905 castris

940 2921 1190 2955 Bonnensibus
1205 2921 1466 2963 hibernantem,
1485 2925 1558 2954 tum
1577 2923 1658 2964 post

941 2971 1098 3015 quintam
1126 2975 1161 3005 et
1188 2970 1346 3015 quintam
1373 2969 1558 3003 decumam
1583 2969 1656 3004 Ve-
