1768 3216
111 235 138 277 α’
159 241 199 277 C.
227 242 286 279 69.
572 240 711 277 LIBER
735 240 794 276 111.
846 239 934 275 Cn.
963 238 1120 275 65-67,
1532 238 1608 272 25³7

109 359 245 403 dubiis
275 363 838 415 reservatumpraegravem
872 358 1029 400 fuisse:
1076 356 1226 398 nedum
1257 355 1415 397 Primus
1446 350 1496 396 ac
1526 354 1610 395 Fu-

110 447 207 478 scus
240 439 281 478 et
313 435 525 489 specimen
554 434 740 497 &Qm
783 433 999 475 Mucianus
1035 432 1161 473 ullam
1201 431 1244 472 in
1283 429 1490 472 Vitellium
1527 427 1610 470 nisi
1643 410 1768 495 sttsssta

111 488 574 553 occidendiffim
606 509 799 551 habeant.
860 508 953 550 Non
983 520 1005 549 a
1031 507 1212 548 Caesare
1240 504 1492 558 Pompeium,
1525 515 1610 545 non
1645 497 1711 560 hg
1730 518 1768 585 f

113 585 384 640 abAugusto
426 584 653 635 Antonium
684 583 914 625 incolumes
945 581 1138 634 relictos,
1185 580 1265 622 nisi
1310 581 1417 621 forte
1449 579 1613 631 Vespa-

113 659 455 703 sianusaltiores
500 659 666 714 spiritus
707 662 853 713 gerat,
901 657 1054 699 Vitellii
1097 656 1249 708 cliens,
1289 666 1383 715 cum,⁴
1407 653 1644 709 v,Vitelliuss
1671 623 1768 689 a&

115 730 279 790 collega
324 734 496 776 Claudio
536 734 656 776 soret.
718 733 850 786 Quin,
899 714 1399 783 ut'rensirraifi“''”pair'is,
1443 731 1488 770 ut
1527 712 1671 769 trele
1699 707 1768 762 5⁸0

115 786 540 861 comm
570 807 770 862 egregiae
801 807 949 848 domus
979 806 1163 847 honores
1195 788 1379 855 deceret,
1412 802 1617 856 despera—
1643 764 1759 856 rista„

114 884 229 926 tione
268 883 414 925 saltem
464 883 506 923 in
547 882 766 923 audaciam
815 881 1122 935 accingeretur.
1184 879 1375 919 Perstare
1425 857 1741 937 militem,3⁵‘f*‘}g

114 968 337 1012 superesse
380 956 516 998 studia
558 955 711 1010 populi.
772 956 961 1008 Denique
998 953 1102 994 nihil
1144 952 1327 994 atrocius
1374 954 1616 992 eventurum
1652 930 1756 1029 &³:³23

115 1044 236 1087 quam
267 1032 309 1073 in
341 1032 452 1086 quod
484 1035 632 1085 sponte
668 1034 802 1072 ruant.
864 1028 1125 1072 Moriendum
1166 1027 1313 1079 victis,
1356 1025 1618 1067 moriendum
1635 1037 1670 1066 ιο

116 1106 293 1149 deditis:
326 1106 367 1148 id
400 1106 534 1148 solum
563 1106 740 1158 referre,
774 1105 1047 1147 novissimum
1072 1102 1261 1157 spiritum
1291 1113 1367 1155 per
1396 1100 1618 1143 ludibrium

46 1185 102 1223 67
117 1185 158 1223 et
188 1181 461 1223 contumelias
493 1180 708 1223 effundant
738 1192 788 1221 an
824 1191 899 1233 per
928 1179 1136 1220 virtutem.
1200 1175 1360 1220 Surdae
1402 1175 1453 1217 ad
1496 1175 1620 1216 fortia

118 1256 295 1298 consilia
325 1255 490 1298 Vitellio
524 1267 659 1297 aures.
724 1254 988 1296 Obruebatur
1025 1253 1186 1294 animus
1227 1251 1498 1293 miseratione
1538 1261 1617 1290 cu-

116 1342 260 1384 raque,
297 1343 349 1372 ne
379 1330 664 1384 pertinacibus
697 1329 823 1371 armis
854 1329 989 1370 minus
1020 1327 1268 1382 placabilem
1310 1326 1514 1367 victorem
1546 1337 1620 1365 re·-

114 1404 321 1459 li'nqueret
350 1405 524 1459 coniugi
555 1417 604 1446 ac
635 1404 793 1446 liberis.
854 1403 952 1445 Erat
982 1402 1041 1443 illi
1073 1406 1114 1444 et
1147 1401 1258 1443 fessa
1285 1403 1419 1442 aetate
1443 1410 1596 1453 parens
1608 1411 1672 1449 3¹⁵

849 1524 964 1586 uitelli
991 1549 1056 1586 Ma.
1123 1550 1156 1585 6.
1183 1555 1219 1583 ut
1245 1560 1301 1583 res
1330 1545 1395 1582 Ma.
1467 1548 1499 1582 7.
1528 1552 1620 1580 totae

799 1600 938 1646 [leym-et
965 1599 1043 1633 Ma:
1083 1598 1111 1632 G
1136 1598 1286 1632 deceret.
1396 1596 1431 1630 8.
1469 1595 1623 1628 audacia

209 1603 217 1610 θ
253 1554 288 1588 5.
315 1553 442 1623 (altiore
472 1552 546 1587 Ma:
575 1552 602 1610 G
628 1553 784 1587 altiores.

116 1613 179 1684 {125
181 1602 370 1684 ξ’ἶῑαῗιεῑε
381 1608 436 1685 “c'z‘.
453 1613 518 1647 ‘⁸²⁹
524 1613 582 1685 23?
588 1601 709 1684 ‘555012‘3
734 1647 800 1682 ma.

122 1699 178 1733 15.
206 1699 364 1744 coniugis
394 1697 469 1733 Ma:
494 1699 637 1744 coniuqi
663 1697 702 1732 G.

122 1836 194 1866 net.
226 1830 357 1866 Verum
371 1831 507 1865 Vitellii
535 1831 640 1864 amici
672 1840 743 1863 non
771 1830 840 1863 hoc

123 1879 273 1922 volunt,
312 1878 375 1913 sed
403 1879 538 1913 homini
565 1878 704 1923 trepido
733 1880 841 1924 inge-

123 1933 205 1962 runt
229 1929 344 1972 ipsum
372 1928 562 1962 manifesto
590 1926 751 1971 periculo
774 1927 842 1960 ob-

123 1977 198 2020 iici,
226 1978 254 2010 si
284 1987 362 2011 cum
390 1976 611 2021 Vespasiano
635 1977 842 2021 paciscere-

124 2030 192 2060 tur.
230 2024 436 2059 Waltherus
460 2025 558 2059 dedit
584 2026 754 2059 eoestincto
781 2036 842 2058 ae·

124 2073 253 2108 mulato
282 2074 489 2116 redituram,
515 2078 553 2107 ut
582 2072 776 2108 aemulatu‘s
798 2074 844 2107 sit

127 2124 185 2167 qui
210 2122 418 2165 aemulatur,
449 2124 550 2168 quasi
582 2122 703 2156 dicere
719 2120 844 2156 Latine

127 2171 256 2205 liceret
283 2171 432 2205 esctincto
468 2171 607 2205 hortato
635 2181 698 2215 pro
727 2171 844 2205 extin-

130 2225 182 2253 cto
210 2220 268 2264 qui
293 2219 466 2253 hortatur.

190 2269 364 2312 specimen
379 2269 534 2312 partium
550 2268 756 2302 Mucianus:
775 2277 845 2312 quo

131 2320 309 2360 tamquam
337 2316 529 2359 praecipuo
556 2321 702 2350 auctore
728 2320 846 2359 partes

131 2364 232 2397 nosci
259 2367 417 2407 possent.
446 2363 500 2397 cf.
521 2363 567 2397 VI
592 2365 659 2398 37:
689 2364 848 2398 columen

128 2412 283 2458 partium
305 2411 540 2457 Abdaqaeses.

200 2459 327 2494 Vitellii
355 2460 475 2503 cliens,
502 2473 579 2495 cum
598 2459 753 2494 Vitellius
772 2459 848 2493 cot-

132 2508 212 2554 leqa
237 2508 385 2543 Claudio
410 2511 528 2554 foret.-
561 2508 629 2542 fuit
657 2519 735 2542 cum
765 2519 847 2542 cre-

132 2557 253 2591 derem
278 2557 390 2591 fuisse
420 2558 460 2591 L.
498 2557 647 2592 Vitettii:
693 2554 772 2591 nam
803 2556 847 2589 de

134 2605 202 2639 hoc
246 2606 282 2639 in
332 2616 483 2639 censura
525 2604 665 2639 Claudii
705 2605 848 2651 collega

133 2654 305 2697 principis
336 2653 531 2687 familiares
568 2664 661 2687 nunc
690 2653 849 2698 loquun-

135 2706 212 2744 tur;
253 2702 313 2746 qui
353 2711 430 2734 cum
471 2703 668 2745 imperante
698 2700 847 2735 Claudio

136 2749 255 2782 omnia
296 2754 416 2793 posset
452 2748 516 2795 (XI
540 2750 586 2791 3,
625 2748 689 2783 ΧΠ
715 2752 739 2783 4
765 2753 800 2782 et
828 2750 849 2783 5

137 2802 173 2831 et
198 2797 270 2840 423
298 2797 444 2831 Sueton.
477 2797 547 2830 Vit.
575 2799 628 2841 2),
655 2796 850 2841 Vespasia-

137 2856 220 2878 num
260 2846 474 2889 aspirantem
515 2850 600 2878 tunc
643 2844 686 2878 ad
723 2855 851 2889 capes-

138 2893 268 2928 sendos
307 2893 463 2928 honores
498 2885 657 2927 clientem
695 2892 849 2926 hominis

138 2948 207 2976 tam
235 2943 392 2986 potentis
409 2942 641 2985 contemptim
667 2941 851 2986 appellant

139 2992 199 3036 qui
238 3001 333 3024 nunc
374 2991 417 3025 ad
450 2991 561 3025 tilium
607 2988 704 3023 illius
741 2989 852 3024 verba

248 3075 371 3104 Tacitus
392 3075 445 3104 111.

891 1650 945 1684 13.
974 1647 1212 1682 obruebantur
1237 1645 1310 1680 Ma:
1341 1644 1368 1679 G
1395 1643 1619 1678 obruebatur.

910 1829 1059 1863 faciunt.
1098 1826 1169 1862 Sed
1194 1837 1232 1860 re
1259 1825 1470 1871 diligentius
1499 1824 1623 1868 pensi-

910 1882 982 1911 tata
1009 1876 1190 1920 perspexi,
1219 1874 1344 1909 audaci
1374 1878 1409 1908 et
1436 1873 1626 1918 ingeniosa

909 1926 1111 1960 imitatione
1130 1925 1279 1968 exprimi
1294 1932 1509 1963 sermonem,
1536 1932 1628 1966 qua-

911 1974 980 2008 lem
1009 1973 1052 2008 de
1077 1984 1116 2007 re
1139 1972 1233 2006 Aulo
1265 1971 1413 2005 Vitellio
1442 1971 1629 2010 notissima
1678 1998 1683 2001 .

912 2023 1015 2056 amici
1048 2021 1216 2056 habuere.

913 2217 1005 2251 lius:
1029 2216 1163 2250 ‘refero
1190 2215 1233 2249 ad
1262 2214 1484 2248 consulatum
1501 2214 1544 2247 A.
1563 2212 1630 2245 Vi-

914 2265 1006 2299 tellii
1043 2266 1155 2308 ipsius
1187 2275 1218 2297 a.
1255 2274 1289 2295 u.
1317 2262 1410 2304 801,
1451 2271 1520 2306 quo
1555 2260 1630 2293 Ve-

914 2313 1101 2357 spasianus
1137 2313 1214 2346 fere
1242 2310 1545 2355 quadragenarius
1573 2308 1625 2341 fa-

915 2362 985 2396 cile
1016 2360 1201 2394 Vitellium
1228 2363 1354 2403 postea
1379 2360 1631 2401 imperatorem

914 2409 1091 2443 interdum
1118 2409 1274 2443 salutare
1296 2411 1331 2441 et
1351 2406 1498 2441 volebat
1515 2410 1550 2440 et
1569 2415 1631 2439 so-

915 2456 1035 2493 lebat'.
1089 2457 1258 2499 Obstant,
1295 2461 1333 2488 ut
1359 2456 1517 2489 omittam
1547 2454 1630 2495 alia,

915 2506 1026 2541 verba
1051 2518 1128 2540 cum
1171 2504 1327 2541 Vitellius
1358 2503 1495 2549 colleya
1521 2503 1632 2537 Clau-

917 2556 973 2590 dio
999 2557 1103 2599 foret.

989 2603 1073 2648 Cap.
1102 2603 1160 2638 67.
1221 2605 1316 2647 fessa
1341 2607 1456 2635 aetate
1481 2610 1630 2645 parens:

915 2663 949 2686 v.
979 2653 1020 2686 ll.
1047 2652 1079 2686 11
1108 2652 1155 2686 64
1181 2656 1217 2684 et
1240 2651 1299 2685 89.
1362 2650 1416 2683 De
1452 2649 1529 2682 eius
1564 2646 1633 2680 fine

917 2702 1095 2734 atrociora
1120 2699 1258 2733 rettulit
1287 2698 1479 2733 Suetonius
1508 2697 1541 2728 in
1568 2695 1632 2727 Vi-

918 2748 1101 2791 tentetis,
1133 2748 1177 2781 ad
1206 2745 1431 2780 incredibilia
1451 2754 1558 2787 saepe
1576 2744 1633 2775 in-

920 2796 1079 2830 clinans:
1107 2800 1282 2840 suspectus
1309 2799 1340 2826 et
1365 2794 1402 2826 in
1425 2798 1533 2825 morte
1553 2803 1634 2824 ma-

920 2845 983 2878 tris
1007 2846 1084 2888 suit,
1110 2843 1210 2886 quasi
1235 2852 1366 2886 acyrae
1392 2841 1559 2887 praeberi
1580 2840 1634 2873 ci-

921 2893 997 2926 bum
1011 2891 1254 2937 prohibuisset,
1268 2890 1485 2923 vaticinante
1506 2888 1635 2922 Chatta

919 2940 1064 2973 muliere
1103 2960 1148 2965 ——
1183 2940 1234 2973 ita
1267 2938 1400 2971 demum
1429 2937 1636 2981 firmiterel

922 2989 1110 3023 diutissime
1141 2988 1412 3034 imperaturum,
1447 2986 1479 3020 si
1511 2995 1635 3032 super-

1276 2019 1476 2054 Theodisce
1504 2019 1627 2052 dicas:
1688 2018 1691 2034 '¹

913 2072 975 2104 der
988 2070 1191 2115 Schu'tzlinq
1219 2070 1314 2103 eines
1331 2067 1500 2110 Vitellier,
1527 2065 1628 2100 wa'h-
1679 2082 1682 2113 ςΥ

911 2119 1001 2153 rend
1030 2119 1092 2153 der
1126 2117 1283 2153 Vitellier
1318 2117 1540 2161 Amtsqeuoss
1569 2115 1631 2148 mit
1680 2130 1683 2162 ²,

915 2168 1083 2202 Claudius
1108 2178 1276 2213 qewesen.
1304 2166 1380 2199 Non
1408 2175 1494 2199 vere
1523 2163 1630 2198 Orcl-
1684 2198 1685 2209 ἒ
