1768 3216
736 196 959 234 ANNOTATI
963 197 1074 236 oms.

221 308 259 339 et
281 305 339 349 72,
364 306 390 342 4
414 307 475 350 46,
503 309 527 344 5
553 310 612 346 23.
640 310 670 345 G
695 311 749 348 19.
784 313 817 347 Α
845 315 887 348 12

221 369 258 399 et
289 366 330 400 17
357 371 394 400 et
418 368 466 404 20
500 373 536 403 et
559 368 604 404 41
641 376 677 404 et
704 371 763 407 45.
808 372 836 408 O
864 375 883 408 7

219 424 303 459 et8
335 430 372 460 et
398 427 441 462 10
474 433 511 462 et
547 429 590 463 17
625 435 662 464 et
688 432 733 465 21
776 437 812 467 et
836 432 883 468 35

219 487 257 516 et
278 484 338 519 37.

170 540 272 576 lacus
306 544 332 578 i.
359 555 393 578 e.
429 544 527 580 lacus
552 547 655 583 Flevi
691 551 734 585 13
761 551 820 586 54.
860 552 888 587 G

215 601 275 637 34.

170 661 326 698 lamenta
350 666 670 713 conclamationes,
696 675 733 704 et
747 671 891 707 fortuna

216 728 343 768 captae
361 725 459 760 urbis
484 727 513 762 ll
540 727 565 763 4
594 732 625 763 1.

167 782 479 830 Langobardorum
505 789 610 823 sedes
636 790 665 824 G
686 790 747 826 40.
773 793 883 836 prima

213 845 368 879 nominis
410 847 551 891 syllaba
593 849 721 884 melius
761 861 826 895 per
862 863 886 886 a

214 903 382 939 scribitur
404 906 490 940 ibid.

167 961 340 1009 languida
366 969 403 999 et
426 965 547 1000 soluta
573 978 643 1012 pax
671 971 688 1003 1
716 969 775 1004 50.

165 1021 483 1069 Largus-Caecina
517 1037 648 1062 nomen
681 1029 884 1073 copulatum

217 1083 258 1116 11
286 1083 346 1118 33.

165 1141 304 1176 Latium
328 1153 394 1177 seu
429 1143 486 1177 ius
510 1144 601 1179 Latii
635 1147 679 1180 15
706 1147 764 1182 32.
810 1148 838 1181 ll
866 1149 889 1182 3

212 1203 272 1238 55.

162 1262 258 1297 latus
284 1262 409 1297 clavus
438 1262 579 1298 oblatus
606 1262 634 1298 0
661 1265 695 1298 7.

163 1322 350 1357 laudantes
407 1324 600 1367 pessimum
658 1324 883 1358 inimicorum

159 1401 163 1403 -
211 1392 327 1428 genus
351 1382 458 1417 A41.

162 1443 345 1478 laureatae
372 1441 515 1476 litterae
540 1442 570 1476 ti
595 1443 619 1477 3
646 1443 702 1477 77.
728 1444 760 1477 Α
790 1444 843 1479 18.

161 1502 303 1550 legatus
330 1501 492 1537 Caesaris
522 1504 536 1536 1
567 1502 633 1545 74,
667 1505 688 1536 2
715 1503 773 1538 56.
821 1503 877 1538 le-

212 1564 286 1609 gati
325 1561 532 1596 consulares
556 1562 763 1598 Britanniae
788 1563 881 1597 duo-

210 1623 278 1657 bus
304 1622 506 1656 nominibus
532 1624 651 1656 vocati
676 1623 708 1656 A
738 1624 792 1656 14.

157 1682 260 1729 leges
286 1680 435 1727 pluralis
471 1681 516 1715 de
543 1692 613 1715 una
640 1682 723 1728 lege
748 1685 876 1729 singu-

213 1741 266 1776 las
293 1746 411 1786 partes
436 1742 583 1786 respicit
614 1742 658 1775 12
684 1742 743 1777 60.

159 1801 261 1848 leges
277 1801 390 1836 luliae
408 1806 445 1835 et
455 1801 564 1846 Papia
577 1801 742 1846 Poppaea
756 1813 871 1848 quan..

205 1862 251 1895 do
277 1861 437 1906 perlatae
461 1866 498 1896 et
523 1866 710 1906 asperatae
735 1863 758 1896 3
783 1863 841 1897 25.

157 1922 324 1969 legimus,
354 1933 434 1956 cum
447 1921 607 1956 Aruleno
620 1922 765 1956 Rustico
780 1921 872 1956 Pae-

204 1986 261 2015 tus
286 1980 452 2024 Thrasea,
479 1981 660 2016 Herennio
686 1981 878 2015 Senecioni

204 2042 345 2076 Priscus
373 2041 558 2076 Helvidius
584 2041 717 2075 laudati
742 2046 875 2084 essent,

206 2101 361 2147 capitale
386 2101 499 2135 ruisse
523 2102 554 2135 A
579 2102 612 2135 2.

158 2163 324 2209 legiones
350 2173 431 2196 cum
447 2162 539 2195 Varo
567 2161 610 2195 ab
626 2161 788 2195 Arminio
813 2161 879 2195 de-

204 2222 300 2256 letae
336 2231 428 2265 quae
453 2221 587 2255 fuerint
625 2223 641 2253 1
668 2222 727 2254 42.
797 2231 876 2254 cum

208 2280 355 2315 Vitellio
403 2279 526 2313 urbem
566 2280 750 2325 ingressae
789 2279 815 2312 ll
853 2279 874 2312 2

203 2341 251 2376 89
286 2345 322 2375 et
366 2339 445 2376 100.
508 2349 528 2372 e
564 2337 692 2383 quibus
741 2338 875 2372 vexilla

206 2401 242 2435 in
272 2398 468 2433 Vitelliano
496 2398 657 2432 exercitu
688 2398 713 2430 ll
743 2398 765 2430 2
796 2397 872 2432 100.

205 2461 339 2506 primae
372 2464 465 2502 tres,
510 2457 695 2500 Adiutrix,
739 2457 873 2491 Miner-

206 2522 276 2564 via,
305 2520 430 2554 italica
464 2518 490 2552 ll
524 2520 539 2551 1
567 2518 601 2552 6.
661 2518 800 2551 tertiam
838 2521 873 2550 et

206 2580 523 2614 duoetvicesimam
563 2577 723 2622 geminas
762 2576 874 2610 fuisse

207 2652 251 2674 ex
280 2639 403 2673 Tacito
436 2648 506 2671 non
532 2641 649 2681 potest
675 2635 816 2681 probari
846 2635 873 2669 ll

207 2702 228 2734 5
258 2702 289 2734 1.
332 2698 495 2744 legiones
522 2706 585 2741 pro
611 2696 820 2742 legionariis
848 2695 875 2728 ll

206 2762 229 2796 2
255 2760 315 2801 22,
341 2758 365 2791 4
390 2759 448 2793 25.

158 2819 296 2866 legioni
326 2818 486 2853 tribunus
507 2817 701 2862 Vipstanus
725 2814 875 2851 Messala

211 2883 377 2924 praeerat
406 2878 436 2913 fl
465 2877 488 2912 3
513 2877 547 2912 9.

1588 206 1661 241 857

935 314 1120 362 legionum
1130 315 1380 352 Flavianarum
1406 318 1493 354 ordo
1519 320 1555 354 in
1586 330 1656 365 pu.

982 387 1053 422 gna
1079 375 1310 411 Bedriacensi
1339 377 1369 412 11
1393 379 1417 413 3
1442 380 1501 413 21.
1537 379 1658 427 legio-

984 445 1067 469 num
1103 435 1238 470 librarii
1274 437 1362 471 vitio
1400 437 1551 472 debetur
1593 438 1658 484 pro

983 493 1140 540 legionis
1169 495 1197 528 tl
1225 496 1247 529 2
1273 497 1333 530 25.

936 553 1044 599 Legis
1069 554 1200 598 Papiae
1226 555 1359 600 duplex
1383 557 1463 590 finis
1487 557 1511 591 3
1535 557 1595 593 28.

933 612 1055 659 legum
1088 615 1206 648 munia
1243 617 1254 648 1
1286 616 1320 649 2.
1374 621 1501 650 cuncta
1533 616 1654 689 legum

992 675 1031 707 11
1060 675 1093 708 5.

937 733 1109 767 Lentulus
1146 733 1351 769 Gaetulicus
1389 736 1582 770 carminum
1618 740 1654 770 et

982 793 1155 828 historiae
1183 795 1336 839 scriptor
1361 795 1383 830 6
1409 795 1468 830 30.

936 852 1090 897 Lepidus
1130 863 1282 899 quocum
1328 855 1527 900 Agrippina
1575 860 1654 889 stu..

984 923 1085 956 prum
1111 912 1264 956 admisit,
1291 913 1359 948 fnit
1376 915 1562 961 sanguinis
1576 915 1654 950 Au-

991 972 1087 1017 gusti
1116 973 1159 1005 14
1186 973 1221 1006 2.

934 1030 1208 1075 Leucophryine
1234 1032 1348 1066 Diana
1372 1034 1395 1068 3
1422 1032 1481 1067 62.

933 1088 1029 1123 levia
1058 1091 1214 1124 carmina
1240 1095 1276 1124 et
1303 1091 1431 1126 faciles
1457 1102 1582 1126 versus
1610 1093 1654 1128 16

991 1147 1045 1182 19.

935 1207 1027 1241 levis
1054 1212 1089 1241 et
1119 1207 1201 1241 vilis
1230 1209 1260 1242 fl
1286 1208 1312 1243 4
1334 1208 1393 1244 80.

932 1266 1152 1301 levissimum
1178 1267 1310 1301 fastidii
1333 1269 1371 1300 11
1399 1266 1457 1301 38.

933 1325 992 1360 lex
1017 1325 1185 1360 Cornelia
1209 1328 1474 1361 testamentaria
1496 1326 1541 1362 14
1565 1327 1626 1363 40.

932 1384 992 1419 lex
1021 1385 1111 1419 lulia
1136 1384 1179 1419 de
1207 1386 1371 1430 pecuniis
1397 1386 1565 1420 mutuisfi
1592 1386 1645 1422 16.

932 1444 992 1479 lex
1024 1445 1153 1479 Roscia
1190 1445 1235 1479 de
1271 1445 1552 1490 quattuordecim
1585 1457 1647 1480 or-

978 1504 1120 1538 dinibus
1150 1505 1192 1539 15
1216 1505 1275 1539 32.

931 1563 992 1598 lex
1015 1564 1170 1598 Servilia
1195 1564 1380 1598 iudiciaria
1407 1566 1450 1599 12
1475 1564 1535 1600 60.

932 1623 991 1658 lex
1017 1625 1117 1670 regia
1144 1625 1172 1658 H
1198 1623 1222 1657 4
1247 1624 1282 1658 3.

926 1682 1042 1717 libelli
1072 1688 1107 1716 et
1135 1682 1293 1717 codicilli
1328 1681 1464 1727 (Zettel
1502 1687 1538 1717 et
1566 1682 1645 1716 Bil-

980 1742 1066 1787 lets)
1094 1742 1122 1777 Ο
1148 1742 1181 1776 9.

921 1802 1040 1836 Liberi
1067 1802 1288 1848 Liberaeque
1325 1807 1360 1837 et
1392 1802 1532 1837 Cereris
1570 1812 1641 1836 non

972 1867 1042 1896 tres
1066 1862 1129 1896 sed
1155 1873 1226 1896 una
1251 1862 1358 1897 aedes
1384 1863 1452 1897 fuit
1477 1862 1578 1897 249.

921 1921 1110 1956 Libertatis
1139 1923 1266 1956 atrium
1294 1922 1323 1955 H
1355 1924 1370 1955 1
1398 1923 1458 1956 31.

928 1981 1048 2015 liberti
1075 1982 1273 2026 principum
1301 1982 1330 2015 H
1352 1982 1373 2015 2
1399 1980 1458 2016 94.

925 2041 1132 2075 libertorum
1166 2042 1259 2086 apud
1283 2041 1460 2075 Neronem
1487 2040 1644 2087 gliscens

974 2102 1167 2135 auctoritas
1204 2100 1247 2134 13
1272 2101 1331 2134 21.
1374 2111 1418 2134 ex
1454 2100 1498 2133 iis
1535 2100 1644 2133 mini-

978 2162 1086 2194 steria
1110 2159 1373 2206 magistratibus
1406 2163 1441 2192 et
1475 2159 1643 2193 sacerdo-

975 2220 1069 2254 tibus
1095 2219 1332 2264 cohortesque
1367 2219 1403 2251 in
1441 2217 1527 2252 urbe
1553 2227 1643 2252 con-

970 2280 1125 2322 scriptae
1155 2277 1196 2311 13
1217 2277 1274 2311 27.

925 2338 1069 2372 Libonis
1094 2337 1199 2371 Drusi
1225 2336 1418 2383 progenies
1442 2338 1465 2372 2
1491 2336 1549 2370 27.

925 2397 1059 2430 librarii
1086 2395 1195 2430 verba
1221 2405 1404 2439 perperam
1443 2394 1640 2429 referentes

972 2467 1034 2500 pro
1060 2466 1123 2489 sua
1149 2455 1309 2488 doctrina
1336 2464 1436 2488 casus
1463 2457 1639 2487 mutarunt

972 2516 998 2550 ll
1031 2518 1042 2549 1
1075 2516 1132 2550 29.

923 2575 1004 2610 libri
1036 2574 1227 2609 Annalium
1258 2576 1299 2609 12
1334 2578 1369 2607 et
1399 2573 1440 2607 13
1473 2577 1509 2606 et
1537 2573 1578 2606 15
1604 2576 1640 2605 et

978 2634 1020 2669 16
1043 2636 1133 2668 intra
1159 2644 1286 2667 annum
1313 2633 1517 2666 continuum
1545 2623 1637 2664 ffici-

972 2695 1073 2739 piunt
1103 2693 1142 2726 12
1174 2694 1203 2734 1,
1235 2691 1276 2724 14
1311 2691 1369 2726 65.

927 2754 1027 2787 limes
1052 2752 1257 2786 Tiberianus
1292 2753 1307 2785 1
1338 2751 1394 2785 50.

924 2813 1103 2861 Lingones
1140 2812 1286 2847 civitate
1322 2810 1477 2844 Romana
1516 2807 1637 2842 donati

980 2874 1019 2908 11
1050 2873 1108 2907 23.
1140 2872 1169 2906 ll
1198 2874 1215 2906 1
1244 2871 1300 2906 78.
1351 2869 1542 2916 singularis
1568 2878 1636 2902 nu-
