1768 3216
672 242 676 246 .
730 197 1042 243 fflsronmavn
1448 206 1480 230 a.
1495 213 1497 215 -
1511 195 1660 244 u.†s23.

165 211 238 246 406

166 324 272 369 tavis
305 336 462 379 pacem,
496 319 616 362 Civili
642 317 806 360 veniam
836 319 1067 369 ostentans,
1095 313 1298 357 Veledam
1322 314 1661 371 propinquosque

165 400 359 444 monebat
402 397 605 438 fortunam
650 392 772 445 belli,
812 395 873 434 tot
912 390 1100 459 qipdibus
1141 389 1385 443 adversam,
1429 394 1660 444 opportuno

168 487 267 529 erga
312 470 503 526 populum
547 469 777 511 Romanum
817 455 966 509 merito
1010 468 1183 507 mutare.
1257 463 1413 506 Caesos
1447 463 1661 518 Treviros,

166 552 358 601 receptos
389 545 532 596 Ubios,
565 547 747 597 ereptam
778 540 944 583 Batavis
972 540 1147 595 patriam
1158 553 1171 591 3
1210 551 1347 593 neque
1378 538 1488 581 aliud
1520 538 1663 581 Civilis

134 622 346 665 samin-itia
376 624 535 675 partum
567 631 689 673 quam
717 616 891 659 vulnera
921 616 1043 672 fugas
1072 615 1222 657 luctuS.
1292 614 1466 656 Exulem
1497 626 1590 656 eum
1622 618 1663 656 et

167 702 375 739 extorrem
405 693 704 748 recipientibus
735 692 854 734 oneri
865 706 877 743 ;
908 695 950 733 et
979 690 1081 732 satis
1110 689 1356 744 peccavisse
1380 689 1490 744 quod
1509 690 1661 732 totiens

165 773 350 816 Rhenum
378 768 729 812 transcenderint.
789 767 830 810 Si
863 766 959 821 quid
993 766 1098 808 ultra
1131 765 1378 818 moliantur,
1421 764 1520 806 inde
1548 765 1662 807 iniu-

163 848 268 889 riam
300 849 339 887 et
380 844 564 898 culpam,
597 843 694 884 hinc
731 842 930 884 ultionem
976 845 1016 882 et
1052 841 1157 882 deos
1198 841 1304 882 fore.
1379 840 1733 887 Miscebantur25

166 921 286 963 minis
329 918 547 973 promissa.
633 917 684 958 Et
731 929 937 958 concussa
983 915 1381 957 transrhenanorum
1431 915 1511 957 fide
1559 915 1667 959 inter

116 1009 152 1037 io
166 996 342 1037 Batavos
375 1005 539 1047 quoque
570 1003 788 1047 sermones
820 991 914 1033 orti.
974 991 1065 1033 Non
1098 989 1408 1045 prorogandam
1438 990 1546 1032 ultra
1575 991 1666 1033 rui-

166 1083 275 1122 nam,
307 1082 385 1110 nec
420 1080 546 1122 posse
577 1067 628 1108 ab
659 1078 739 1108 una
769 1066 939 1108 natione
970 1065 1096 1107 totius
1129 1065 1242 1106 orbis
1266 1065 1480 1107 servitium
1499 1064 1663 1120 depelli.

168 1144 272 1196 Quid
304 1144 535 1197 profectum
569 1142 699 1184 caede
741 1145 780 1183 et
822 1140 1030 1183 incendiis
1075 1139 1289 1194 legionum
1324 1139 1406 1180 nisi
1442 1143 1486 1180 ut
1524 1139 1664 1194 plures

166 1220 478 1273 validioresque
510 1218 787 1261 accirentur‘?
847 1217 891 1260 Si
920 1216 1180 1270 Vespasiano
1213 1214 1366 1258 bellum
1404 1216 1664 1269 navaverint,

166 1294 464 1348 Vespasianum
496 1305 633 1334 rerum
664 1291 815 1346 potiri,
847 1292 911 1333 sin
942 1290 1137 1345 populum
1167 1291 1397 1332 Romanum
1430 1290 1556 1332 armis
1585 1301 1667 1332 vo-

114 1387 150 1416 15
168 1374 276 1421 cent,
312 1372 478 1422 quotam
510 1371 667 1421 partem
701 1366 871 1421 generis
902 1365 1069 1407 humani
1099 1365 1277 1407 Batavos
1322 1364 1456 1407 esse'?
1514 1364 1667 1419 Respi-

167 1446 311 1485 cerent
340 1443 494 1484 Raetos
524 1441 790 1494 NorIcosque
818 1444 857 1481 et
890 1444 1123 1481 ceterorum
1157 1451 1287 1480 onera
1318 1439 1555 1481 sociorum:
1584 1438 1664 1481 sibi

302 1615 335 1648 2.
362 1617 473 1658 oport.
503 1610 567 1646 Ma.

165 1662 299 1696 editor:
325 1667 491 1707 paratum
518 1659 612 1695 Gala.

163 1712 294 1744 iuriam
320 1709 549 1744 Puteolanus.

165 1771 220 1793 res
245 1759 295 1794 G:
324 1758 376 1793 Ma
406 1760 515 1804 sures.

667 1613 702 1646 3.
727 1610 891 1657 populum
920 1605 965 1645 R.
994 1609 1059 1644 Ma.
1163 1622 1259 1645 cesos
1297 1610 1359 1645 Ma.
1459 1611 1494 1646 5.
1525 1616 1668 1657 partum

703 1659 856 1693 uulnera
882 1658 948 1701 Ma,
973 1669 1044 1693 non
1071 1658 1181 1703 voln„
1256 1660 1289 1694 7.
1317 1659 1448 1694 iuriam
1475 1659 1580 1694 GMfl:
1606 1661 1666 1694 in-

629 1711 683 1744 12.
711 1710 908 1754 profectum
934 1707 1042 1742 Gala:
1066 1710 1262 1754 perfectum
1290 1708 1521 1743 Puteolanus.
1582 1709 1667 1755 plu..

595 1758 650 1793 14.
681 1763 805 1792 vocent
833 1757 886 1791 Ma
909 1769 918 1790 :
946 1763 1140 1803 prouoeent
1167 1756 1206 1792 G.

166 1932 260 1976 apud
291 1940 380 1976 quos
407 1935 491 1963 tunc
520 1929 646 1963 Civilis
676 1933 751 1963 erat
777 1928 879 1963 Rhe-

166 1990 249 2013 num
277 1985 521 2024 transgressus
542 1978 660 2024 (Frisii
679 1982 714 2011 et
731 1977 880 2019 Chauci,

168 2033 206 2061 ut
233 2028 418 2071 videtur),
454 2036 523 2059 non
561 2026 717 2059 Batavos
745 2037 765 2059 a
807 2026 882 2060 Ro-

167 2086 270 2110 mano
299 2076 460 2109 exercitu
488 2079 696 2118 occupatos.

242 2123 405 2158 Veledam
413 2124 538 2169 propin
545 2133 692 2167 quosque
703 2122 862 2156 monebat
871 2133 883 2154 .-

168 2173 345 2216 captivam
371 2173 406 2205 in
427 2171 549 2205 urbem
576 2170 727 2215 posthac
742 2171 883 2204 ductam

169 2231 248 2255 esse
261 2220 431 2255 Veledam
449 2219 624 2266 colligere
642 2219 728 2253 licet
744 2231 788 2253 ex
801 2220 883 2253 Sta-

168 2269 206 2302 tii
247 2269 334 2304 Silv.
365 2269 377 2302 1
407 2272 431 2303 4
460 2269 527 2303 90:
563 2279 635 2301 non
669 2274 774 2301 vacat
807 2268 883 2301 Ar-

168 2323 265 2352 ctoas
308 2318 404 2351 acies
444 2317 670 2360 Rhenumque
722 2315 884 2350 rebellem

168 2367 393 2412 captivaeque
417 2377 539 2411 preces
561 2365 708 2399 Veledae
727 2386 771 2392 —
789 2375 884 2410 pan-

168 2417 261 2450 dere.
290 2414 394 2448 Conf.
424 2414 466 2447 ad
495 2414 532 2448 G.
550 2414 585 2448 8.
610 2413 715 2458 Apud
731 2414 884 2448 Dionem

167 2474 293 2508 vatt
321 2475 342 2509 5
371 2473 518 2517 Βελήδα
552 2478 607 2507 est
643 2484 705 2517 pro
748 2461 882 2517 Vel‘z‘da,

169 2532 238 2555 non
279 2532 340 2567 pro
384 2522 539 2556 Veleda:
598 2522 750 2555 mediam
788 2525 882 2557 enim

169 2571 300 2615 corripi
327 2570 430 2604 testis
458 2574 512 2603 est
537 2569 680 2602 Statius.

250 2624 417 2664 partum.-
479 2617 668 2663 legebatur
706 2625 882 2663 paratum.

172 2667 297 2701 Simile
340 2667 423 2700 huic
457 2667 581 2701 vitium
615 2676 722 2710 supra
760 2668 786 2701 V
827 2669 882 2710 lo,

167 2717 227 2750 ubi
257 2719 332 2750 erat
357 2726 447 2761 pace
472 2720 629 2761 parata,
662 2726 681 2748 a
709 2715 882 2749 Rhenano

169 2775 254 2798 vere
281 2769 481 2798 correctum
525 2774 604 2797 esse
641 2774 764 2798 omnes
793 2774 882 2798 con-

169 2814 337 2846 sentiunt.
396 2811 498 2847 Conf.
532 2817 652 2846 annot.
680 2812 723 2846 ad
750 2813 794 2847 lv
821 2813 880 2848 44.

178 2860 333 2894 Vulnera
358 2872 428 2894 non
454 2866 587 2906 parata
612 2860 675 2896 sed
700 2867 808 2907 parta
824 2861 880 2895 di-

172 2910 294 2951 cimus,
321 2910 350 2942 si
377 2919 493 2943 sermo
521 2915 575 2943 est
601 2910 644 2944 (le
672 2910 882 2944 vulneribus

172 2958 340 3001 acceptis.
369 2958 479 2993 Parat
503 2957 653 2994 vulnera
680 2960 740 3005 qui
763 2958 883 2995 studet

952 1929 1118 1975 infligere
1145 1929 1261 1964 alteri.
1291 1929 1449 1964 Vulnera
1475 1939 1495 1963 a
1523 1929 1667 1964 Batavis

950 1984 1085 2023 parata
1111 1984 1192 2012 sunt
1221 1989 1311 2023 quae
1339 1978 1392 2012 illi
1420 1977 1583 2012 hostibus
1601 1990 1668 2023 pa..

952 2031 1123 2060 raverunt
1159 2027 1402 2071 (verbereilete
1437 2026 1497 2060 vel
1534 2028 1572 2061 in
1598 2028 1668 2061 Be..

953 2074 1138 2118 reitschaft
1161 2074 1318 2120 lieqende
1347 2075 1529 2120 Wunden),
1560 2081 1670 2121 parta

953 2133 1045 2169 quae
1071 2124 1140 2167 ipsi
1167 2124 1235 2157 sibi
1264 2127 1492 2167 pepererunt.

1030 2203 1188 2248 Gap.25.
1233 2205 1263 2238 si
1296 2205 1511 2250 Vespasiano
1539 2205 1666 2242 bellum

954 2253 1164 2287 navaverint
1182 2264 1194 2286 .·
1237 2253 1309 2287 vid.
1337 2253 1379 2288 H.
1413 2253 1457 2288 lv
1487 2255 1530 2290 13
1561 2260 1596 2289 et
1623 2257 1668 2291 21

955 2306 990 2335 et
1016 2302 1075 2336 32.
1161 2301 1227 2335 sibi
1252 2313 1324 2335 uon
1350 2302 1482 2336 tributa
1507 2303 1669 2386 εείιξῖυἰέ-

955 2356 1058 2384 tutem
1085 2355 1117 2383 et
1151 2350 1245 2384 viros
1281 2351 1414 2384 indici.-
1452 2351 1493 2385 H.

955 2398 1069 2433 Germ.
1097 2398 1154 2433 29.
1185 2398 1239 2433 cf.
1268 2399 1354 2444 Agr.
1383 2399 1441 2434 36.

1031 2480 1199 2515 proceres
1241 2470 1450 2503 atrociora.-
1499 2481 1668 2514 proceres

953 2519 1067 2563 magis
1094 2517 1227 2551 infensi
1256 2518 1411 2552 atrocius
1450 2517 1493 2551 de
1530 2521 1668 2563 coeptis

954 2576 973 2599 a
1002 2564 1117 2599 Civile
1146 2565 1395 2611 loquebantur.
1429 2566 1574 2600 Atrocia
1600 2578 1667 2601 an-

953 2618 1023 2647 tem
1052 2615 1246 2659 praecipue
1274 2613 1375 2648 fuere
1398 2619 1558 2649 extrema
1583 2626 1667 2650 ora-

955 2664 1087 2696 tionis:
1128 2664 1167 2696 m'
1191 2664 1400 2709 resipiscere
1438 2664 1611 2710 incipiant
1636 2671 1667 2699 et

952 2712 1051 2745 noxii
1089 2713 1212 2758 capitis
1253 2723 1370 2758 poena
1413 2714 1667 2758 paenitentiam

951 2761 1144 2804 fateantur.
1216 2760 1407 2806 Antiquam
1456 2762 1667 2805 scripturam

953 2810 1129 2842 atrociore
1157 2809 1278 2843 Civilis
1314 2810 1413 2843 rabie
1454 2810 1522 2844 iam
1561 2821 1665 2844 nemo

954 2857 1120 2892 tuebitur.
1151 2857 1316 2892 Ceterum
1352 2859 1544 2900 atrociora,
1572 2859 1668 2904 quod

952 2917 1046 2940 nnnc
1073 2906 1213 2940 demum
1252 2907 1287 2939 in
1314 2906 1368 2940 Μ’(ι
1403 2917 1482 2941 esse
1520 2908 1667 2951 accepi-

952 2965 1056 2998 inus,
1109 2956 1215 2990 etiam
1256 2954 1445 2990 Bckkerus
1488 2959 1667 3001 tamquam
