1768 3216
153 258 177 293 4
765 255 1030 292 GERMANIAE

149 374 248 416 dam
278 372 470 428 gentibus
502 383 550 412 ac
581 370 767 426 regibus,
797 384 901 426 quos
931 372 1084 414 bellum
1116 372 1288 427 aperuit.
1338 372 1505 415 Rhenus
1534 371 1647 416 Rae-

153 448 324 488 ticarum
352 446 517 499 Alpium
550 445 769 487 inaccesso
803 459 851 488 ac
880 447 1097 501 praecipiti
1127 447 1288 488 vertice
1316 451 1445 500 ortuS,
1478 446 1645 489 modico

152 522 262 562 flexu
291 520 554 562 occidentem
582 532 731 562 versus
767 521 1085 575 septentrionali
1117 512 1287 564 Oceani)
1302 522 1513 564 miscetur.
1558 521 1649 564 Da-

151 594 299 637 nuvius
329 593 442 635 molli
474 598 515 635 et
545 594 775 636 clementer
803 594 915 637 edito
946 596 1097 637 montis
1128 596 1332 638 Abnobae
1361 596 1461 651 iugo
1493 594 1648 658 effusus

291 765 321 798 1.
349 763 566 798 rheticarum
592 763 628 798 P.

707 765 741 799 2.
772 770 788 798 t
815 775 955 799 accesso
984 765 1023 799 P.
1091 755 1128 800 3.
1155 766 1247 810 [leam
1275 765 1488 800 occidentem
1514 765 1648 801 editor:

150 813 242 858 flexu
277 812 490 846 occidentem
515 822 692 857 superscr.
727 823 747 846 a
780 812 940 848 Pontano
967 814 1005 847 in
1031 813 1068 856 P,
1094 815 1186 859 {lema
1215 815 1253 848 in
1284 814 1496 850 occidentem
1524 813 1648 860 vulgo.

150 862 184 895 4.
211 860 378 895 Arbonae
402 860 427 895 P
455 872 534 895 cum
560 861 755 906 plerisque.

154 1011 294 1055 imperii
322 1011 491 1058 Romani)
533 1017 569 1044 et
600 1022 688 1056 pars
719 1012 868 1057 provin-

155 1059 231 1092 ciae
259 1059 455 1102 habetatum·
494 1059 567 1094 37:
602 1059 747 1093 eundem
777 1060 868 1094 Ger-

151 1108 293 1141 maniae
312 1108 424 1142 sinum
444 1107 599 1153 proximi
612 1107 869 1142 Oceano'Cim-

154 1156 210 1190 bri
235 1162 362 1190 tenent.
402 1156 448 1190 lv
476 1157 516 1190 5:
545 1162 710 1201 quantum
735 1157 871 1202 ingenti

154 1210 332 1238 terrarum
358 1205 437 1239 sinu
470 1205 647 1247 ambitur‚·
684 1204 755 1239 67:
778 1216 869 1250 pro-

153 1253 396 1298 spectabatque
437 1253 712 1298 pulckerrimum
755 1254 870 1287 sin-um

154 1301 280 1345 (litora
306 1301 553 1346 Campaniae),
581 1308 767 1346 antequam
801 1301 869 1336 Ve-

152 1350 268 1383 suvius
294 1361 392 1383 mons
419 1350 607 1383 ardescens
644 1351 773 1394 faciem
801 1349 871 1383 loci

151 1403 315 1432 verteret.
363 1397 405 1431 H.
435 1398 482 1431 ΙΙΙ
509 1399 575 1433 66:
615 1397 731 1431 beatos
759 1397 868 1432 Cam-

150 1446 285 1491 paniae
326 1446 423 1479 sinus
456 1447 626 1491 promitti.
688 1446 732 1479 Hi
770 1447 869 1479 sinus

154 1493 286 1527 ibidem
329 1505 358 1527 c.
387 1493 434 1528 63
473 1499 610 1527 secreta
651 1494 870 1539 Campaniae

155 1546 191 1575 et
224 1551 307 1574 mox
344 1541 452 1575 litora
485 1547 670 1576 vocantur.
731 1542 774 1576 Α.
802 1543 870 1578 23:

153 1595 256 1634 atque
283 1591 393 1623 omnis
416 1591 563 1636 propior
587 1591 683 1624 sinus
706 1589 871 1636 (Britan-

154 1639 256 1684 niae)
285 1638 479 1682 tenebatur,
507 1638 566 1672 ubi
593 1650 627 1672 v.
646 1643 766 1672 annot.
797 1638 870 1673 Alii

158 1686 228 1720 dici
273 1688 469 1720 maritimos
518 1688 616 1721 sinus
661 1689 870 1732 opinantur,

153 1745 225 1768 non
263 1746 377 1769 vere:
423 1736 555 1780 quippe
594 1746 691 1770 mare
727 1736 871 1769 nonnisi

157 1794 227 1829 qua
255 1788 309 1817 est
335 1785 502 1817 terminus
535 1794 630 1818 nunc
656 1789 872 1818 memoratur

156 1836 191 1865 et
218 1836 341 1866 cetera
369 1833 486 1866 omnia
513 1832 557 1866 ad
583 1837 695 1867 terras
723 1832 871 1867 Germa-

155 1890 280 1913 norum
309 1880 521 1925 diriguntur.

229 1962 342 1996 nuper
368 1952 515 1995 cognitis
550 1972 590 1978 ——
625 1951 750 1986 bellum
783 1963 871 1998 ape-

155 1998 247 2031 ruit:
293 1998 379 2032 dicit
418 1999 514 2033 bella
541 2010 560 2032 a
586 1999 723 2042 Druso,
763 2001 871 2034 Tibe-

155 2046 223 2088 rio,
252 2046 462 2080 Germanico
490 2052 603 2092 gesta.
633 2047 735 2082 Conf.
761 2059 868 2093 prae-

157 2095 264 2137 eipue
289 2094 319 2127 11
345 2095 402 2129 24.

230 2165 364 2198 modico
406 2165 498 2209 flexu
537 2165 750 2199 occidentem
783 2176 866 2199 ver-

157 2224 235 2249 sus.-
270 2213 572 2257 praepositionem
600 2215 638 2247 in
671 2224 779 2258 super
805 2225 868 2247 oc-

158 2261 329 2295 cidentem
377 2261 500 2295 eadem
549 2273 653 2296 manu
698 2263 867 2306 scriptam

160 2308 257 2342 addit
284 2309 375 2343 liber
401 2309 611 2353 Leidensis,
651 2315 758 2356 atque
785 2310 866 2353 hoc,

156 2362 242 2400 puto
259 2383 268 2399 ,
310 2357 488 2391 Fontanus
515 2359 550 2392 in
578 2359 776 2406 ἀρχετύπῳ
802 2369 867 2392 suo

156 2411 335 2448 repertum
375 2405 529 2440 fideliter
560 2406 715 2441 reddidit
749 2418 868 2452 neque

158 2454 275 2486 statim
304 2455 339 2486 in
366 2455 544 2498 principio
581 2455 746 2489 voculam
774 2457 868 2488 omi..

158 2501 216 2543 sit,
242 2510 325 2534 mox
353 2502 546 2545 supplevit.
587 2503 663 2544 Quo
693 2504 869 2537 excitatur

158 2549 316 2592 suspicio
367 2550 405 2582 in
452 2549 730 2584 additamentum
787 2561 867 2585 esse

156 2595 298 2631 alienae
330 2608 482 2640 manuS,
517 2597 738 2643 multumque
778 2609 868 2632 con-

157 2644 332 2688 firmatur,
372 2645 587 2691 simulatque
625 2648 867 2691 praepositio-

155 2703 237 2726 nem
272 2704 344 2727 non
382 2698 498 2738 aptam
538 2704 618 2729 esse
654 2696 867 2728 constiterit.

157 2741 244 2774 Nam
280 2743 310 2775 si
347 2743 385 2775 in
422 2744 600 2786 accessit,
644 2755 764 2777 versus
795 2753 867 2776 uon

158 2794 212 2822 est
243 2791 462 2834 praepositio
483 2817 492 2834 ,
528 2791 591 2825 sed
627 2796 682 2825 est
718 2792 868 2836 partici-

157 2838 274 2881 pium,
322 2839 428 2884 idque
464 2840 613 2873 nimium
649 2839 693 2874 de
729 2840 864 2874 modico

156 2885 247 2928 {leaeu
274 2885 403 2921 Rheni.
474 2887 569 2922 Vera
606 2889 700 2922 enim
727 2888 867 2922 Tacitus

155 2935 257 2974 ponit
291 2934 352 2967 ubi
385 2945 442 2969 res
475 2936 510 2968 in
538 2938 751 2971 contrariam
783 2947 867 2981 par-

156 2983 228 3014 tem
255 2981 431 3028 dirigitur,
458 2988 496 3017 ut
521 2983 537 3019 1
564 2985 632 3021 79:
661 2996 709 3020 an
733 2985 774 3020 ob
789 2997 867 3020 mo-

939 1011 1117 1045 derandas
1133 1011 1261 1045 Tiberis
1288 1011 1542 1045 exundationes
1567 1022 1650 1045 ver-

938 1065 1096 1093 terentur
1123 1058 1184 1105 (ad
1210 1059 1387 1093 diversam
1420 1063 1556 1104 partem
1581 1059 1649 1093 du-

940 1111 1126 1154 cerentur)
1153 1108 1298 1152 [lumina
1324 1113 1356 1141 et
1378 1107 1475 1141 lacus
1486 1118 1552 1153 per
1567 1118 1651 1152 quos

939 1157 1106 1202 anyescit.
1159 1155 1200 1189 Η.
1229 1155 1260 1190 ΙΙ
1287 1155 1356 1191 68:
1393 1155 1651 1190 conclamatum

938 1210 1081 1250 repente
1107 1210 1269 1248 quartam
1295 1204 1465 1238 decimam
1480 1203 1652 1250 leyn‘onem

939 1264 1038 1287 verso
1065 1253 1192 1287 itinere
1228 1253 1275 1287 ad
1306 1252 1479 1298 proelium
1506 1256 1650 1296 venire,-

939 1302 980 1335 Η.
1009 1301 1058 1335 lv
1081 1301 1145 1336 57:
1174 1312 1274 1335 verso
1300 1302 1426 1335 itinere
1441 1301 1652 1336 Novaesium

940 1349 1110 1383 concedit.
1161 1349 1261 1384 Adde
1289 1349 1303 1383 l
1329 1351 1373 1392 4,
1401 1349 1431 1383 V
1456 1349 1490 1392 6,
1518 1349 1562 1383 xl
1590 1349 1650 1393 20,

939 1397 1002 1432 xu
1031 1399 1063 1432 7.
1116 1397 1158 1431 H.
1186 1397 1309 1439 1154,
1349 1397 1396 1431 111
1428 1397 1494 1440 16,
1536 1397 1566 1432 V
1590 1397 1648 1432 5¹.

939 1446 981 1479 H.
1013 1445 1026 1479 1
1055 1446 1100 1481 76
1133 1457 1254 1479 versas
1289 1447 1328 1479 in
1354 1445 1531 1480 Orientem
1560 1457 1651 1491 pro-

939 1494 1076 1527 vincias
1103 1498 1138 1526 et
1161 1493 1202 1527 H.
1229 1493 1260 1527 ll
1287 1492 1335 1528 83
1361 1505 1498 1528 tersum
1522 1494 1561 1527 in
1572 1494 1651 1528 Ita-

940 1542 1025 1576 liam
1056 1553 1154 1575 mare
1185 1542 1346 1576 scribens
1376 1542 1581 1587 provincias
1613 1542 1649 1575 in

941 1589 1117 1624 diversam
1148 1594 1284 1634 partem
1319 1591 1406 1624 sitas
1432 1595 1468 1625 et
1491 1601 1588 1624 mare
1615 1590 1650 1624 in

939 1639 1058 1672 Asiam
1087 1648 1229 1672 versum
1264 1649 1283 1672 e
1320 1640 1498 1674 contrario
1533 1639 1651 1673 animo

940 1689 1110 1731 respexit.
1141 1686 1265 1721 Versus
1291 1688 1402 1733 igitur
1426 1687 1652 1732 participium

940 1735 1061 1769 'l'acito
1101 1735 1200 1769 valet
1238 1737 1276 1769 in
1311 1736 1484 1770 diversam
1514 1742 1653 1782 partem

942 1795 1129 1818 conversus
1156 1789 1191 1818 et
1217 1783 1287 1817 hoc
1313 1795 1408 1819 nunc
1426 1795 1569 1829 prorsus
1594 1785 1654 1818 in-

943 1837 1063 1877 eptum
1094 1836 1172 1867 est:
1200 1843 1323 1866 verum
1351 1834 1389 1866 in
1416 1833 1586 1878 expulso,
1613 1837 1653 1866 ut

942 1881 1068 1915 suadet
1114 1880 1216 1915 locus
1259 1882 1295 1915 in
1332 1882 1466 1926 optimo
1514 1881 1652 1926 codice,

939 1941 1060 1963 versus
1102 1930 1322 1974 praepositio
1362 1930 1482 1965 evadit
1524 1934 1561 1964 et
1601 1930 1654 1964 sie

941 1983 1041 2011 recte
1068 1977 1198 2012 dicitur
1223 1978 1357 2012 modico
1375 1979 1467 2024 flexu
1486 1979 1653 2013 occiden-

943 2033 1018 2066 tem,
1046 2038 1165 2060 tersus
1210 2027 1285 2072 (mit
1330 2028 1464 2072 einiger
1495 2027 1651 2073 Biequnq

937 2074 1032 2108 nach
1066 2074 1227 2121 Westen).
1275 2116 1282 2123 ι

968 2166 971 2168 -
1008 2145 1202 2179 modico—
1229 2146 1414 2178 miscetur.-
1440 2144 1555 2179 Rheni
1581 2144 1651 2178 flu-

937 2194 1042 2227 minis
1069 2204 1147 2227 cum
1182 2193 1251 2227 duo
1278 2194 1349 2226 sint
1374 2192 1486 2227 flexus
1503 2219 1513 2236 ,
1559 2203 1650 2227 unus

936 2242 1030 2276 inter
1055 2241 1277 2287 Brigantiam
1305 2246 1341 2275 et
1365 2241 1568 2284 Basileam,
1594 2241 1651 2276 ai..

937 2294 992 2324 ter
1018 2290 1060 2324 ab
1087 2290 1251 2324 Arenaco
1282 2290 1324 2323 ad
1350 2289 1560 2335 Lugdunum
1577 2289 1650 2324 Ba-

936 2343 1121 2381 tavorum,
1161 2343 1277 2372 utrum
1310 2337 1345 2371 h.
1374 2337 1397 2372 l.
1426 2337 1557 2372 dixerit
1581 2338 1650 2372 Ta-

938 2387 1029 2420 citus
1055 2386 1258 2432 ambigitur.
1296 2385 1502 2420 Primarium
1533 2397 1650 2420 enun-

936 2435 1012 2468 tiati
1040 2435 1188 2469 verbum
1217 2440 1252 2468 et
1268 2436 1435 2482 princeps
1449 2436 1549 2468 notio
1570 2445 1648 2469 cum

937 2484 982 2517 sit
1012 2483 1279 2528 septentrionali
1315 2482 1455 2516 Oceano
1486 2483 1651 2517 miscetur

938 2533 1036 2575 (nam
1053 2530 1108 2563 his
1131 2530 1230 2564 fluvii
1253 2531 1335 2574 finis
1352 2534 1648 2578 consummatur),

937 2578 1031 2611 haud
1056 2578 1163 2612 dubie
1199 2578 1243 2612 de
1278 2580 1479 2622 posteriore
1506 2579 1649 2625 cogita-

937 2626 1066 2669 bimus,
1092 2631 1131 2659 ut
1157 2626 1246 2660 fecit
1273 2626 1496 2661 Gerlachius.
1530 2628 1650 2661 Acce-

937 2673 987 2707 dit
1014 2674 1108 2719 quod
1134 2685 1198 2719 per
1231 2686 1270 2709 se
1298 2674 1380 2709 fidei
1416 2675 1564 2720 propius
1593 2679 1648 2710 est

936 2722 1092 2757 Tacitum
1134 2723 1290 2757 locutum
1330 2734 1410 2757 esse
1443 2724 1564 2768 potius
1603 2723 1647 2758 de

936 2771 1081 2804 flumine
1114 2772 1183 2805 iam
1217 2771 1364 2814 adulto,
1397 2782 1500 2816 quam
1538 2771 1648 2806 verba

935 2820 1066 2853 fecisse
1115 2819 1158 2854 de
1203 2820 1386 2854 imbecillo
1430 2821 1563 2865 quique
1604 2820 1649 2854 ad

935 2868 1046 2911 ipsius
1072 2869 1279 2912 opinionem
1307 2879 1353 2902 ne
1372 2869 1543 2902 terminus
1565 2869 1647 2914 qui-

935 2916 1013 2950 dem
1042 2927 1122 2950 esse
1151 2916 1307 2951 sufficiat
1335 2917 1400 2962 (cs.
1429 2928 1459 2950 c.
1489 2916 1569 2963 32).

1012 2986 1196 3022 Danuvius
1241 2986 1340 3021 molli
1382 2993 1415 3022 et
1460 2986 1648 3022 clementer
