1768 3216
52 204 56 207 ⁷
124 215 229 263 wc.
242 216 315 256 ao.

0 693 90 797 ἢ

678 217 814 252 LIBER
840 217 886 252 V.
937 215 1025 252 Ger.
1053 215 1160 252 5-6.
1567 216 1643 252 a&

137 333 419 383 ubersolum.
479 334 638 390 Fruges
668 338 857 380 nostrum
883 334 936 376 ad
966 346 1139 387 morem,
1170 336 1421 388 praeterque
1448 343 1523 380 eas
1548 330 1643 375 bal-

137 421 299 463 samum
330 414 373 452 et
401 409 579 464 palmae.
638 409 834 455 Palmetis
863 410 1098 464 proceritas
1129 412 1171 451 et
1206 408 1352 451 decor.
1410 406 1644 452 Balsamm

138 485 304 533 modica
336 484 484 534 arbor:
514 488 560 526 ut
586 484 763 538 quisque
791 496 932 526 ramus
963 483 1153 525 intumuit
1190 483 1250 536 (si
1278 483 1363 524 vim
1387 482 1491 527 ferri
1518 481 1644 527 adhi-

138 558 281 613 beaw
308 562 465 612 pavent
501 565 682 611 venae),
725 557 935 612 fragmine
966 557 1117 611 lapidis
1144 561 1215 600 aut
1245 560 1354 599 testa
1381 556 1622 611 aperiuntur
1630 539 1768 606 βέἷὴ

138 631 288 689 humor
315 611 467 678 iii—usu
491 632 746 675 medentium
777 635 853 674 est.
912 632 1183 686 Praecipuum
1214 631 1414 673 montium
1439 630 1676 677 Libanums

139 706 289 775 effi,
333 707 480 754 mirum
519 706 653 761 dictu,
699 710 839 752 tantos
870 706 979 749 inter
1010 706 1187 749 ardores
1225 717 1403 760 opacum
1437 704 1645 758 fidumque

138 780 319 827 nivibus.
377 781 493 829 Idem
520 793 685 824 amnem
714 780 922 825 Iordanen
950 780 1023 822 alit
1051 779 1281 834 funditque.
1324 780 1412 823 Nec
1442 779 1644 822 Iordanes

138 855 292 912 pelage
319 855 539 910 accipitur,
572 855 649 900 sed
674 867 799 900 unum
829 859 951 909 atque
981 854 1155 896 alterum
1186 854 1324 896 lacum
1353 854 1518 909 integer
1546 866 1648 908 per-

139 928 250 982 fluit,
280 930 405 979 tertio
434 930 650 974 retinetur.
708 929 844 975 Lacus
874 929 1078 972 immenso
1107 929 1290 981 ambitu,
1328 928 1472 983 specie
1501 928 1643 981 maris,

140 1016 294 1060 sapore
323 1005 589 1061 corruptior,
636 1004 844 1060 gravitate
887 1004 1035 1047 odoris
1065 1003 1223 1047 accolis
1261 1003 1460 1058 pestifer,
1507 1014 1698 1057 nequem
1733 1005 1768 1032 Ν

357 1066 540 1085 w*

281 1172 313 1210 1.
353 1170 464 1211 sotu-
489 1170 687 1208 nuberent
710 1173 854 1216 fruges,
894 1171 932 1206 in
958 1181 993 1205 v.
1020 1171 1215 1206 exuberant
1240 1170 1309 1205 litt.
1333 1169 1352 1204 b
1378 1169 1423 1204 ab
1450 1169 1575 1204 eadem
1597 1181 1644 1206 m.

142 1224 305 1254 correcta
330 1220 367 1254 in
389 1232 425 1265 p,
439 1219 506 1262 Μ3,
522 1219 878 1266 undeGeswper-ant.
899 1219 1055 1263 glossam
1067 1222 1132 1264 (ea
1155 1219 1200 1254 ab
1236 1219 1340 1252 initio
1366 1217 1509 1252 videtur
1534 1218 1646 1252 fuisse

142 1268 358 1352 meran&
382 1245 698 1351 (ἐξὲξνὶῑιαιίρείιιε.
816 1268 849 1303 7.
878 1279 1018 1314 αςηιεπ
1029 1267 1095 1303 Ma.
1203 1268 1384 1302 Iordanen
1409 1265 1484 1301 Ma.
1514 1267 1542 1301 G
1567 1268 1645 1301 ior-

144 1456 325 1502 'Antiquit.
345 1456 424 1490 XIV
442 1459 467 1492 4
494 1458 525 1499 1,
552 1456 617 1490 XV
641 1456 667 1491 4
689 1457 738 1499 2;
764 1455 857 1490 Bell.

146 1504 222 1540 lud.
253 1504 269 1539 1
293 1504 318 1540 6
342 1505 378 1540 6.

924 1460 1100 1501 postremo
1127 1454 1287 1497 ebibitur,
1312 1465 1490 1499 aquasque
1514 1453 1645 1488 lauda-

928 1509 983 1537 tas
1005 1503 1122 1549 perdit
1144 1503 1384 1548 pestilentibus
1409 1504 1549 1536 mixtas.
1586 1502 1641 1536 Cf.

214 1554 394 1599 fragmine
419 1554 571 1600 lapidis,
613 1553 649 1587 h.
677 1565 710 1588 e.
738 1551 858 1596 lapide
929 1551 1105 1596 Iosephus
1137 1551 1230 1586 Bell.
1275 1551 1352 1586 Iud.
1389 1551 1437 1585 ΙΙΙ
1468 1552 1511 1586 ¹0
1547 1552 1583 1593 §.
1610 1551 1643 1585 7.

144 1603 195 1641 ita
221 1602 335 1637 fracto
362 1607 401 1638 ut
426 1604 463 1639 in
486 1607 629 1637 acutum
664 1602 724 1637 vel
751 1611 859 1646 aspe-
928 1600 1056 1635 Strabo
1090 1599 1172 1634 XVI
1197 1601 1220 1637 2
1258 1600 1294 1642 §-
1322 1600 1382 1635 42.
1450 1599 1645 1634 Pausanias

141 1661 219 1684 rum
257 1649 422 1693 desinat,
476 1650 521 1684 ad
558 1649 788 1684 incidendum
825 1653 860 1684 et
933 1649 962 1684 V
989 1649 1008 1683 7
1037 1649 1074 1692 §-
1106 1650 1142 1684 4.

143 1698 406 1739 vulnerandum
438 1704 554 1748 aptus.
582 1698 758 1743 Iosephus
780 1697 859 1732 XIV

145 1747 171 1783 4
202 1753 239 1796 §-
270 1749 320 1784 lt
359 1744 379 1781 ὃ
408 1749 487 1784 τῶν
521 1747 692 1797 θάμνων
736 1747 861 1792 (ramis

142 1795 315 1843 balsami)
330 1799 579 1855 τεμνομένων
604 1796 709 1839 ὀξεῖ
734 1798 862 1843 λίθῳ

143 1844 353 1883 ἀναπιδύει
388 1856 519 1901 ωσπερ
561 1844 667 1884 ὀπός.
726 1843 862 1881 Plinius

142 1892 206 1928 XII
232 1893 302 1932 54-
330 1893 500 1931 inciditur
523 1894 629 1936 vitro,
656 1892 774 1939 lapide
801 1903 860 1928 os-

142 1942 253 1981 seisve
279 1941 461 1980 cultellis:
488 1943 587 1988 [erro
614 1919 709 1976 laedi
732 1941 860 1977 uitalia

143 1990 228 2024 odit.

213 2038 443 2096 praecipuum
483 2038 652 2073 montium
688 2037 863 2072 Libanum

143 2087 275 2132 en‘yi‘t:
311 2087 514 2124 subiectum
549 2092 603 2122 eet
644 2092 745 2121 terra
784 2087 864 2133 (der

146 2136 467 2182 kmnmqendste
501 2147 570 2169 von
604 2135 671 2169 den
711 2135 862 2181 Ber-qen,

144 2184 215 2218 den
241 2195 278 2218 ee
305 2185 559 2230 mporsteiqen
587 2184 691 2224 laxet,
727 2185 772 2221 iet
796 2184 862 2218 Li·-

147 2233 289 2277 banus).
354 2233 511 2280 Erigere
546 2231 696 2277 perinde
728 2231 863 2265 dictum

145 2281 186 2315 G.
213 2281 423 2323 27,A.12.
522 2291 670 2326 opaeum
690 2279 863 2324 fidumque

143 2329 305 2363 nivibus.-
342 2328 414 2362 duo
449 2330 676 2362 mirationem
711 2328 862 2370 faciunt,

147 2376 294 2411 arbores
327 2386 493 2411 crescere
531 2377 567 2410 in
596 2381 718 2410 monte
743 2381 863 2410 tantos

146 2423 410 2459 inter-ardores
439 2426 558 2469 posito
576 2451 586 2468 ‚
614 2429 651 2458 et
678 2425 800 2458 nivem
825 2425 862 2457 in

148 2484 192 2508 ea
217 2474 370 2519 regione
399 2483 466 2507 suo
492 2472 673 2517 praesidio
699 2483 772 2506 non
798 2483 862 2506 ca-

145 2533 237 2556 rere.
299 2521 451 2556 Flumen
487 2521 663 2555 Iordanen
700 2521 765 2555 ille
800 2521 864 2555 alit

147 2571 306 2612 nivibus,
335 2570 453 2604 fundit
477 2570 638 2604 fontibus
663 2571 701 2603 in
726 2569 862 2603 Antili-

146 2619 239 2653 bano
265 2618 605 2663 prorumpentibus:
641 2619 689 2653 cf.
715 2617 861 2662 losephi

145 2668 267 2712 Antiq.
295 2667 323 2701 V
354 2669 370 2701 1
397 2669 457 2703 22.

219 2726 327 2748 unum
355 2721 458 2759 atque
483 2734 530 2740 —
555 2715 754 2749 retinetur:
782 2714 862 2748 Ior-

148 2762 258 2798 danes
284 2764 427 2808 integer
463 2762 605 2807 perfluit
637 2762 753 2796 lacum
781 2763 862 2797 Me..

148 2823 225 2848 roan
250 2815 287 2846 et
313 2812 509 2854 Gennesar,
535 2811 642 2844 tertio
658 2810 862 2866 Asphaltite

147 2861 228 2895 sive
252 2861 347 2895 mari
370 2865 504 2894 mortuo
531 2852 742 2893 absumitur.
768 2859 860 2894 Plin.

151 2909 181 2942 V
211 2908 275 2944 15:
300 2908 393 2942 velut
418 2909 547 2942 invitus
566 2907 787 2952 Asphaltiten
804 2907 862 2941 la-

148 2968 226 2992 eum
259 2956 375 2992 divum
414 2962 547 2991 natura
582 2956 689 3003 petit,
731 2967 755 2990 a
797 2967 861 3002 quo

1030 1696 1129 1731 lacus
1168 1698 1334 1732 immenso
1372 1696 1503 1731 ambitu
1541 1707 1644 1742 sqq.·
1634 1721 1644 1730 .

932 1745 1024 1780 Plin.
1041 1746 1066 1779 V
1083 1745 1126 1780 15
1141 1757 1150 1780 τ
1177 1745 1395 1792 longitudine
1411 1745 1546 1779 excedit
1558 1755 1645 1779 cen-

933 1800 1003 1829 tum
1026 1792 1127 1829 milia
1149 1806 1333 1840 passuum,
1356 1793 1542 1828 latitudine
1566 1791 1670 1828 ma-'

931 1844 1029 1876 :eima
1052 1842 1179 1887 viginta·
1210 1843 1359 1888 quinque
1393 1842 1539 1889 implet,
1576 1843 1646 1877 mi-

931 1893 1031 1925 nima
1066 1902 1139 1926 sex.
1211 1890 1388 1936 Iosephus
1422 1891 1465 1926 Β.
1492 1890 1570 1926 Iud.
1599 1890 1646 1924 lv

929 1939 953 1975 8
978 1942 1021 1975 4.
1071 1938 1207 1984 ταύτης
1247 1943 1312 1984 τῆς
1350 1942 1491 1988 λίμνης
1525 1940 1647 1997 μῆκος

928 1990 1000 2038 μὲν
1030 1987 1144 2036 όγδοιζ
1148 2001 1267 2025 κοντα
1301 1992 1368 2024 καὶ
1392 1988 1645 2025 πεντακόσιοι

933 2035 1111 2079 σπη’,διοι
1136 2033 1239 2074 καθὸ
1270 2031 1314 2080 δη
1337 2041 1457 2084 μέχρι
1482 2036 1647 2098 Ζοεῐρων

932 2089 998 2130 τῆς
1031 2085 1214 2131 Ἀραβίας
1252 2088 1482 2123 exutnemt·
1530 2083 1644 2131 εὖρος

932 2134 974 2170 δὲ
1014 2134 1251 2177 πεντήκοντα
1290 2139 1354 2168 καὶ
1387 2133 1536 2171 ἑκατόν.
1591 2133 1645 2167 De

931 2187 1059 2217 natura
1086 2181 1186 2216 lacus
1211 2182 1454 2217 memorabilis
1493 2187 1529 2216 et
1553 2183 1646 2217 insi-

935 2232 1015 2277 gnis
1043 2230 1134 2265 haec
1171 2230 1357 2265 Michaelis
1390 2233 1426 2264 in
1461 2230 1644 2275 Supplem.

934 2279 1021 2313 Lex.
1048 2279 1157 2312 Hebr.
1184 2289 1219 2324 p.
1234 2278 1343 2314 1506:
1366 2279 1478 2313 ‘mera
1499 2284 1552 2312 est
1569 2278 1646 2312 sal-

932 2337 1047 2372 sugo,
1077 2328 1127 2360 ita
1152 2327 1228 2361 sale
1254 2332 1435 2369 saturata,
1462 2331 1501 2359 ut
1525 2326 1578 2360 sal
1609 2327 1645 2359 in

934 2377 1011 2410 eius
1040 2385 1166 2420 aquam
1205 2376 1391 2409 coniectus
1427 2385 1497 2408 non
1523 2375 1646 2420 lique-

931 2428 1020 2466 scat,
1048 2424 1150 2457 cuius
1174 2423 1314 2467 pondus
1341 2423 1385 2457 ad
1409 2434 1534 2469 aquam
1561 2422 1645 2456 dul-

933 2483 1010 2507 cem
1039 2476 1094 2506 est
1131 2476 1169 2505 ut
1196 2472 1218 2506 5
1262 2471 1306 2506 ad
1330 2475 1365 2507 4.
1414 2471 1506 2506 Ηίιιο
1532 2476 1568 2506 et
1594 2470 1643 2514 fit,

932 2525 970 2554 ut
994 2522 1030 2555 in
1057 2519 1121 2554 illo
1149 2531 1269 2566 neque
1294 2519 1463 2554 animalia
1487 2519 1547 2554 vel
1566 2530 1644 2554 ma-

932 2570 1028 2603 xima
1052 2568 1247 2614 submergi,
1274 2580 1342 2603 nec
1367 2569 1486 2613 pisces
1517 2570 1643 2602 vivere

932 2617 1048 2663 (unde
1086 2628 1184 2651 mare
1207 2620 1395 2662 mortuum)
1432 2622 1467 2651 et
1501 2628 1547 2650 ne
1573 2615 1644 2649 ho-

931 2667 1045 2700 mines
1086 2665 1229 2711 quidem
1262 2670 1362 2700 recte
1397 2670 1519 2698 natare
1556 2674 1643 2708 pos-

930 2716 1014 2756 sint,
1031 2715 1164 2759 quippe
1192 2714 1251 2758 qui
1279 2714 1465 2747 commotis
1492 2712 1642 2757 pedibus

931 2762 1039 2797 altius
1066 2763 1160 2794 iusto
1187 2761 1411 2794 attolluntur.
1443 2761 1518 2795 Hoc
1546 2771 1643 2794 marc

932 2821 1043 2844 verno
1069 2815 1243 2853 tempore,
1269 2819 1339 2853 quo
1365 2808 1534 2843 Iordanes
1561 2808 1642 2854 plus

931 2860 968 2892 in
996 2858 1086 2892 illud
1113 2868 1227 2902 aquae
1246 2856 1375 2900 desert,
1399 2858 1494 2902 ripas
1513 2868 1643 2902 super-

933 2917 1094 2952 gressum
1121 2905 1275 2939 vallibus
1297 2907 1428 2940 vicinis
1453 2907 1590 2940 innatat
1606 2910 1643 2940 et

937 2954 1110 2989 recedens
1148 2953 1278 2990 deinde
1312 2955 1350 2989 in
1383 2954 1458 2991 illis
1495 2959 1642 2992 stratum
