1768 3216
147 217 174 245 a
196 206 237 244 ⁰.
265 207 326 247 69.
645 208 783 247 LIBER
807 209 836 246 1.
889 209 978 247 Gar.
1004 210 1164 249 46—48.
1613 215 1664 250 5³

144 326 458 384 redemptisque
484 328 706 384 capitibus,
739 341 846 384 quae
866 329 1034 372 venalia
1055 329 1349 376 interfectores
1372 334 1660 376 servaverant.

75 402 239 454 48Piso
274 415 400 446 unum
430 408 473 446 et
501 404 758 447 tricesimum
787 405 935 447 aetatis
976 417 1128 448 annum
1167 406 1386 461 explebat,
1426 407 1537 450 fama
1566 420 1663 450 me-

143 477 253 522 liore
277 491 401 534 quam
430 478 611 522 fortuna.
671 480 838 522 Fratres
870 480 960 522 eius
991 480 1187 536 Magnum
1222 481 1435 535 Claudius,
1463 483 1661 526 Crassum

141 552 256 597 Nero
285 554 599 597 interfecerant.
660 554 755 609 Ipse
786 554 858 596 diu
888 555 999 608 exul,
1032 556 1253 610 quatriduo
1287 557 1459 610 Caesar,
1498 570 1659 613 prope-

140 633 232 673 rata
260 628 488 684 adoptione
518 629 572 671 ad
600 629 683 672 hoc
714 634 871 672 tantum
902 631 1053 673 maiori
1084 631 1205 674 fratri
1234 632 1446 686 praelatus
1480 636 1570 686 est,
1612 636 1692 676 uts

139 704 259 758 prior
284 703 565 746 occideretur.
626 704 738 746 Titus
777 702 924 747 Vinius
969 706 1273 762 quinquaginta
1312 711 1470 762 septem
1521 719 1657 751 annos

138 778 269 821 variis
311 779 498 821 moribus
536 780 636 835 egit.
697 779 819 822 Pater
859 780 919 821 illi
958 782 1173 835 praetoria
1216 781 1399 834 familia,
1442 785 1655 825 maternus
1765 812 1768 831 .

139 866 244 897 avus
272 866 299 896 e
355 855 491 897 roscri
521 855 587 897 ti.s
647 854 783 897 Prima
816 854 960 898 militia
999 856 1166 898 inf-amis
1206 856 1388 912 legatum
1430 857 1657 900 Calvisium
1699 846 1768 872 rm

39 934 41 936 ’
87 960 91 963 -
139 929 340 973 Sabinum
369 930 598 983 habuerat,
650 931 768 973 cuius
807 943 915 973 uxor
959 931 1068 974 mala
1102 931 1299 986 cupidine
1327 924 1496 974 visendi
1533 932 1657 975 situm

140 1009 390 1058 castrorum,
421 1017 500 1060 per
527 1009 696 1048 noctem
723 1005 892 1048 militari
924 1006 1069 1048 habitu
1102 1006 1321 1063 ingressa,
1363 1019 1455 1050 cum
1485 1008 1656 1064 vigilias
1670 1021 1714 1054 ιο

140 1083 184 1123 et
213 1084 356 1125 cetera
386 1080 558 1124 militiae
590 1082 730 1124 munia
761 1081 909 1124 eadem
939 1081 1115 1124 lascivia
1156 1086 1428 1136 temerasset,
1471 1083 1512 1125 in
1554 1084 1658 1138 ipsis

139 1156 358 1211 principiis
387 1161 573 1212 stuprum
605 1169 707 1200 ausa
741 1162 818 1199 est.
864 1157 1059 1214 Criminis
1090 1157 1213 1200 huius
1243 1171 1341 1201 reus
1375 1159 1489 1201 Titus
1510 1158 1658 1202 Vinius

140 1230 409 1286 arguebatur.
470 1231 602 1287 Igitur
631 1232 749 1274 iussu
776 1231 853 1274 Gai
885 1232 1080 1275 Caesaris
1111 1236 1310 1276 oneratus
1340 1234 1526 1287 catenis,
1558 1246 1659 1276 mox

139 1306 371 1348 mutatione
406 1309 639 1369 teQm
671 1306 893 1360 dimissus,
934 1320 1060 1350 cursu
1092 1308 1306 1351 honorum
1348 1308 1560 1351 inoffenso
1590 1308 1659 1351 le-
1710 1300 1734 1343 ‘J

138 1380 258 1436 gioni
286 1385 384 1436 post
412 1384 649 1435 praeturam
689 1383 954 1437 praepositus
991 1384 1301 1438 probatusque,
1351 1384 1498 1426 servili
1532 1382 1768 1431 dein-15⁴³

139 1467 239 1512 ceps
270 1456 427 1512 probro
457 1469 678 1512 respersus
712 1462 777 1500 est
807 1462 1015 1514 tamquam
1047 1459 1249 1516 scyphum
1281 1472 1453 1503 aureum
1474 1460 1518 1502 in
1548 1471 1659 1503 con-

273 1608 308 1643 2.
335 1608 438 1643 etatis
461 1607 528 1643 Ma.
579 1609 615 1644 4.
644 1609 727 1643 exui
751 1607 826 1644 Ma:
857 1609 885 1644 G
914 1609 1006 1644 exul.
1056 1610 1252 1655 quadriduo
1274 1609 1342 1645 Ma.
1410 1611 1444 1646 6.
1473 1612 1654 1656 quinqua-

137 1655 239 1703 qinta
263 1662 393 1703 septem
418 1656 484 1701 Ma,
517 1657 672 1692 XLVII.
702 1657 730 1692 G
756 1663 793 1691 et
818 1657 1055 1693 Oxonienses.
1133 1660 1166 1694 7.
1191 1661 1379 1705 praetoria
1395 1658 1461 1702 Ma,
1493 1671 1511 1693 e
1533 1671 1650 1706 prae-

135 1705 232 1740 toria
256 1705 296 1740 G.
400 1708 455 1739 11.
492 1712 718 1752 temperasset
746 1706 853 1741 Gna:
891 1709 1048 1741 correxit
1074 1708 1282 1743 Rhenanus.
1387 1710 1443 1744 12.
1490 1719 1581 1743 ausa
1604 1714 1655 1744 est

139 1753 276 1789 editor:
303 1754 449 1790 codices
476 1760 513 1792 et
537 1755 649 1804 vulgo
676 1766 786 1800 ausa;
816 1761 860 1790 et.
940 1757 994 1792 13.
1026 1756 1065 1791 G.
1099 1755 1167 1791 Ma.

221 1912 403 1942 maternus
441 1918 528 1942 aeus
562 1919 582 1942 e
616 1909 825 1955 proscriptis
844 1921 856 1943 .-

134 1955 252 1991 ‘ritum
293 1956 437 1990 Vinium
463 1957 642 2002 quendam
682 1968 704 1992 a
727 1958 857 1992 trium-

134 2006 222 2041 viris
256 2004 359 2039 Bruti
399 2010 437 2040 et
462 2005 578 2040 Cassii
603 2010 723 2051 partes
767 2018 858 2052 per-

134 2053 372 2101 sequentibus
396 2065 477 2088 rara
501 2054 573 2089 fide
605 2066 674 2090 nec
717 2057 857 2091 minore

134 2108 215 2139 astu
256 2114 278 2137 a
310 2103 468 2150 coniuge
504 2103 659 2138 Tanusia
705 2115 858 2139 conser-

134 2157 258 2188 vatum
282 2151 390 2186 tradit
418 2153 487 2187 Dio
514 2153 644 2188 XLVII
670 2154 703 2188 7.
733 2154 847 2188 Huius

134 2211 268 2237 nomen
290 2200 431 2244 Vinius,
460 2203 518 2236 cui
544 2207 732 2247 paternum
757 2203 858 2238 aliud

134 2250 241 2286 nohis
290 2250 537 2296 incognitum,
591 2257 854 2296 assumpserat,

134 2305 175 2334 ut
198 2298 434 2343 probabiliter
466 2300 667 2345 suspicatus
698 2306 754 2335 est
792 2300 856 2335 Li-

134 2357 248 2394 psius·

233 2407 311 2430 eum
337 2397 479 2443 viquias
509 2402 542 2431 et
568 2403 687 2432 cetera
705 2398 856 2433 militiae

133 2446 257 2480 mia
273 2467 320 2474 —
338 2451 564 2480 temerasset.-
595 2447 759 2482 codicum
779 2448 857 2482 for-

134 2505 193 2529 ma
207 2499 445 2541 temperasset,
471 2499 615 2530 servata
630 2507 651 2530 a
668 2496 855 2531 Walthero

136 2548 174 2578 et
197 2543 356 2587 Baebio,
393 2546 479 2590 quin
509 2550 676 2589 corrupta
701 2547 748 2579 sit
774 2557 856 2580 cum

136 2591 292 2627 dubitari
317 2598 476 2639 nequeat
509 2604 530 2627 a
555 2595 680 2638 peritis
707 2595 855 2640 linguae

66 2667 75 2680 ι
135 2641 309 2683 Latinae,
350 2642 420 2676 hoc
445 2644 630 2687 quaeritur
655 2648 774 2677 utrum
801 2650 855 2678 te-

135 2696 304 2724 merasset
338 2701 383 2723 an
409 2695 608 2736 temptasset
638 2692 855 2736 praeferen-

73 2751 77 2786 ς
137 2737 220 2773 dum
244 2739 303 2773 sit.
338 2738 442 2781 Quod
467 2740 499 2772 si
524 2745 722 2785 temptasset
747 2740 854 2787 lege-

72 2788 77 2830 ‘3
138 2796 229 2829 mus,
253 2787 398 2832 viqtliac
426 2792 531 2822 erunt
553 2789 687 2834 vigiles
712 2795 854 2824 castro-

73 2832 77 2859 Γ
140 2844 218 2868 rum
242 2845 265 2869 a
285 2836 437 2870 muliere
474 2838 603 2870 tentati
635 2838 695 2872 vel
724 2839 854 2883 explo-

140 2883 230 2925 rati,
266 2894 340 2919 non
365 2885 572 2931 vigiliarum
600 2885 711 2920 horae
735 2889 853 2921 noctis

140 2935 303 2975 tempore
333 2934 371 2967 in
407 2935 533 2968 castris
571 2934 664 2969 obiri
709 2935 851 2979 solitae,

141 2981 285 3026 iamque
319 2991 393 3016 non
436 2984 606 3019 convenit
651 2985 853 3030 proximum

927 1919 1060 1944 nomen
1083 1909 1234 1944 militiae
1261 1909 1396 1951 munia,
1427 1919 1492 1954 pro
1520 1909 1652 1956 quibus

925 1959 1106 1992 ministros
1128 1958 1278 1993 militiae
1298 1958 1359 1992 vel
1374 1958 1497 1993 simile
1515 1969 1649 1994 nomen

927 2007 1225 2042 desideraremus.
1275 2007 1500 2041 Probandum
1541 2009 1654 2054 igitur

927 2062 1150 2100 temerasset,
1201 2057 1236 2090 h.
1270 2068 1303 2091 e.
1349 2057 1579 2091 sanctitatem
1616 2063 1653 2092 et

928 2107 1129 2140 castitatem
1182 2105 1398 2150 disciplinae
1456 2107 1652 2141 castrensis

926 2155 1131 2200 polluisset.
1185 2154 1394 2189 Waltherus
1421 2165 1525 2188 suum
1559 2161 1649 2190 tem-

922 2215 1059 2250 perare
1085 2203 1245 2248 explicat
1271 2203 1474 2246 moderari,
1509 2215 1648 2250 regere.

927 2252 997 2287 Sed
1024 2258 1223 2299 temperare
1263 2263 1344 2287 cum
1380 2252 1564 2298 significet
1600 2254 1651 2288 ita

925 2312 1001 2336 rem
1042 2312 1173 2348 regere
1209 2307 1249 2335 ut
1273 2302 1378 2335 iustis
1404 2300 1534 2334 finibus
1558 2311 1651 2336 con-
1696 2330 1699 2332 ,

926 2351 1097 2393 tineatur,
1118 2350 1268 2384 lascivia
1292 2349 1427 2395 aliquid
1451 2355 1651 2397 temperare

925 2399 1053 2434 Latine
1080 2399 1152 2434 dici
1178 2400 1319 2445 nequit.
1372 2398 1510 2433 Littera
1531 2411 1555 2446 p
1580 2400 1649 2434 ad..

928 2448 1001 2482 dita
1027 2454 1094 2492 est,
1122 2449 1208 2494 quia
1233 2450 1270 2482 in
1297 2447 1421 2482 multis
1454 2448 1649 2483 verborum

926 2497 1051 2532 formis
1077 2503 1159 2555 post
1180 2509 1215 2531 m
1252 2497 1400 2543 adiungi
1425 2508 1448 2542 p
1474 2497 1581 2541 solet,
1609 2502 1649 2532 ut

926 2548 1116 2593 insumpsi,
1138 2547 1307 2593 prompsi,
1331 2551 1497 2592 sumptus,
1520 2558 1645 2595 prom-

922 2602 1015 2642 ptus,
1046 2602 1177 2642 emptus
1205 2600 1275 2630 cet.

998 2646 1037 2678 in
1060 2646 1147 2691 ipsis
1167 2644 1356 2691 principiis
1374 2650 1531 2691 stuprum
1555 2655 1646 2678 ausa

926 2699 1001 2728 est.-
1034 2694 1184 2728 verbum
1221 2700 1272 2728 est
1306 2693 1432 2738 utique
1470 2703 1645 2727 necessa..

925 2743 1015 2776 rium
1045 2743 1082 2776 in
1110 2743 1297 2777 enuntiato
1324 2741 1551 2785 secundario,
1579 2753 1644 2776 cu-

924 2793 979 2824 ins
1008 2803 1100 2825 uxor
1126 2811 1172 2817 -—-
1198 2797 1355 2835 stuprum
1382 2800 1473 2823 ausa
1498 2795 1569 2833 est,
1606 2792 1645 2824 in

925 2838 980 2874 Ma
1008 2845 1043 2874 et
1074 2840 1204 2873 ceteris
1231 2839 1333 2873 libris
1366 2838 1449 2872 inde
1478 2839 1646 2883 penden-

923 2888 1019 2922 tibus
1045 2888 1189 2922 delituit
1219 2888 1254 2920 in
1274 2888 1437 2931 proxima
1468 2888 1646 2932 particula

924 2942 967 2977 et,
995 2936 1077 2969 dum
1103 2935 1221 2970 scriba
1234 2935 1487 2981 compendium
1508 2942 1542 2972 ἒ.
1559 2937 1645 2972 red-

923 2985 973 3019 dit
998 2989 1030 3019 et
1056 2994 1120 3029 pro
1148 2989 1210 3020 est.
1243 2985 1348 3028 Quod
1372 2986 1545 3031 scriptum
1565 2991 1645 3024 stu-
