1768 3216
39 309 97 350 46

49 1661 106 1701 4⁷

109 203 146 228 α’
155 191 197 239 G.
227 193 287 230 69.

595 193 731 230 LIBER
757 194 819 231 ΙΙΙ.
871 195 959 231 ΟΛΡ.

986 197 1144 232 44—47.
1539 198 1614 232 28⁸7

245 310 423 352 Turbata
456 322 532 365 per
563 312 734 355 eosdem
767 313 858 355 dies
880 313 1118 367 Germania,
1150 317 1190 356 et
1219 313 1419 356 socordia
1447 313 1612 366 ducum,

109 384 319 427 seditione
352 385 582 441 legionum,
611 391 784 429 externa
818 388 875 441 vi,
905 388 1078 442 perfidia
1108 388 1257 430 sociali
1285 401 1417 443 prope
1445 388 1613 430 adflicta

110 459 296 502 Romana
342 472 428 502 res.

489 460 533 501 ld
575 461 728 503 bellum
772 474 866 503 cum
906 462 1044 503 causis
1088 467 1129 503 et
1172 463 1389 504 eventibus
1437 462 1614 515 (etenim

113 534 284 589 longius
315 539 559 589 provectum
592 540 677 588 est)
708 548 807 578 mox
836 537 1172 580 memorabimus.
1212 537 1324 578 Mota
1346 542 1386 578 et
1406 538 1615 579 Dacorum

111 621 217 664 gens
244 621 453 664 nunquam
483 610 586 663 fida,
629 615 725 652 tunc
757 612 849 653 sine
880 616 991 653 metu
1021 612 1202 653 abducto
1237 624 1261 652 e
1289 612 1450 654 Moesia
1484 619 1648 653 exer-⁵

113 685 209 726 citu.

270 684 353 728 Sed
397 686 906 808 ριίοιιῇνιςιιινιιιννξνιιιεῑί
914 687 1310 772 s11echtur(
1312 665 1616 742 fibsflaorare

487 802 718 829 zm.

1429 660 1582 671 „„„„„
1582 666 1649 693 -x

112 759 270 801 Italiam
299 759 436 812 hello,
492 764 617 801 uncta
647 773 689 801 ιιι
720 773 857 802 vicem
888 761 1076 804 hostilia)
1088 773 1318 823 accepere,
1365 761 1615 816 expugnatis

113 827 345 875 cohortium
376 834 616 888 alarumque
647 829 856 877 bibernis
865 813 1274 888 utraquTDanuvii
1271 836 1359 889 ripa
1393 836 1617 889 potieban-

110 911 189 950 tur.
228 907 398 963 Iamque
429 913 564 950 castra
594 909 806 964 legionum
837 909 1066 951 excindere
1084 909 1300 962 parabant,
1332 910 1375 950 ni
1397 909 1616 950 Mucianus

111 986 272 1024 sextam
302 982 512 1037 legionem
546 984 834 1038 opposuisset,
879 983 1178 1026 Cremonensis
1207 984 1415 1026 victoriae
1443 995 1614 1038 gnarus,
1634 993 1673 1020 m

113 1069 164 1098 ac
203 1068 258 1099 ne
289 1061 462 1099 externa
497 1058 627 1100 moles
663 1059 891 1117 utrimque
896 1059 1180 1126 ingrueret,
1199 1059 1236 1100 si
1265 1058 1405 1100 Dacus
1439 1059 1619 1100 Germa-

112 1124 273 1185 nusque
303 1131 459 1174 diversi
490 1116 756 1186 inrupissent.

248 1328 537 1351 spu-...c
563 1334 597 1338 Ἡ

818 1132 988 1185 Adfuit,
1037 1137 1080 1175 ut
1120 1145 1247 1186 saepe
1278 1133 1405 1185 alias,
1452 1133 1619 1174 fortuna

106 1206 253 1261 populi
281 1206 480 1259 Romani,
523 1219 629 1261 quae
659 1207 894 1248 Mucianum
925 1207 1121 1260 viresque
1160 1206 1347 1249 Orientis
1377 1207 1474 1248 illuc
1505 1207 1617 1258 tulit3
1634 1196 1702 1271 ιζ
1715 1201 1768 1262 {jor

115 1284 157 1321 et
196 1281 308 1335 quod
347 1281 579 1323 Cremonae
621 1282 786 1351 interim
833 1282 1130 1345 transegimus.

115 1431 307 1474 Moesiae
333 1431 597 1486 praepositus
632 1436 709 1484 est,
742 1428 894 1473 additis
937 1432 1069 1485 copiis
1103 1444 1126 1472 e
1168 1430 1389 1473 Vitelliano
1423 1431 1624 1483 exercitu,

117 1518 239 1560 quem
273 1506 417 1561 spargi
459 1518 534 1559 per
571 1505 812 1561 provincias
861 1510 901 1547 et
947 1509 1120 1547 externo
1163 1504 1273 1546 bello
1316 1504 1486 1559 inligari
1525 1517 1622 1558 pars

118 1581 285 1623 consilii
312 1581 512 1635 pacisque
544 1584 645 1622 erat.

254 1654 341 1697 Nec
369 1660 536 1698 ceterae
565 1655 758 1697 nationes
786 1655 976 1697 silebant.

1039 1654 1180 1697 Subita
1212 1667 1287 1708 per
1316 1655 1487 1695 Pontum
1507 1667 1621 1696 arma

118 1731 345 1774 barbarum.
370 1732 635 1785 mancipium,
667 1731 813 1786 regiae
845 1730 1052 1785 quondam
1072 1730 1219 1772 classis
1245 1730 1498 1783 praefectus,
1526 1742 1622 1772 mo-
1634 1735 1675 1765 ²⁰

259 1887 292 1922 1.
320 1887 459 1921 turbata
484 1886 552 1920 litt.
580 1898 598 1920 o
624 1872 801 1931 superscr.
827 1898 847 1919 v
873 1885 939 1920 Μ3.

645 1936 680 1970 3.
709 1945 878 1969 romanas
904 1933 978 1969 Ma:

727 1983 773 2018 cf.
802 1983 908 2019 263.

121 1935 216 1970 idem
241 1945 325 1969 mox
350 1941 383 1970 et
405 1936 568 1982 persidia.

121 1984 156 2026 8
189 1984 336 2018 danuuii
363 1947 440 2018 M‘fz
475 1984 621 2018 danubii
647 1983 687 2018 G.

126 2034 182 2067 12.
217 2033 391 2079 saepelias
413 2031 491 2067 Μ3;

521 2032 549 2066 G
579 2043 683 2078 saepe
707 2032 811 2066 alias.

125 2079 189 2116 Μ3.
266 2082 361 2128 copis
383 2081 449 2116 Μ3.

525 2082 585 2117 20.
615 2081 764 2125 quodam
789 2079 865 2115 Ma:

203 2225 290 2270 Cap.
316 2226 375 2261 46.
430 2227 595 2261 socordia
620 2227 757 2270 ducum,
786 2239 845 2261 se-

126 2273 258 2307 ditione
285 2274 478 2319 leyionum,
506 2281 655 2309 externa
679 2277 734 2319 vi,
758 2287 845 2321 per-

123 2321 211 2365 fidia
237 2322 384 2356 sociali:
421 2334 467 2356 ex
501 2329 668 2369 quattuor
706 2333 845 2358 sermo-

126 2371 182 2403 nis
230 2371 398 2405 membris
451 2372 669 2412 ιῖσυγδέτως
718 2373 845 2417 positis

127 2417 211 2452 bina
235 2419 419 2466 iungenda
437 2425 532 2464 sunt,
561 2432 711 2466 quorum
732 2421 846 2454 altera

128 2466 361 2502 domesticam
397 2468 537 2514 culpam
564 2481 584 2503 a
618 2469 768 2503 ducibus
811 2473 847 2502 et

128 2514 334 2561 legionibus
366 2517 566 2561 profectam
586 2544 595 2561 ,
632 2518 745 2552 altera
779 2528 846 2551 ex-

128 2568 264 2597 ternam
297 2565 617 2609 comprehendunt.
765 2577 847 2599 moa:

128 2613 422 2647 memorabimus.-
449 2614 491 2648 Η.
517 2614 561 2647 lv
592 2616 636 2650 12
661 2625 738 2658 sqq.

202 2659 382 2693 Dacorum
415 2673 500 2706 qens
538 2673 718 2705 nunquam
753 2662 846 2705 fida.

131 2705 201 2739 hoc
237 2707 306 2741 sibi
347 2710 447 2763 quasi
489 2710 674 2753 praecepit
715 2720 850 2743 memor

132 2764 254 2788 eorum
281 2766 373 2800 quae
399 2757 436 2789 in
464 2756 660 2791 Domitiani
685 2756 849 2791 Caesaris

130 2802 237 2836 rebus
255 2802 300 2837 de
317 2803 424 2838 bellis
447 2815 526 2838 cum
542 2805 719 2839 Dacorum
740 2811 849 2851 gente

131 2853 231 2885 varia
257 2851 401 2886 fortuna
426 2855 538 2899 gestis
575 2864 658 2887 mox
683 2859 849 2888 narratu..

131 2910 189 2933 rus
217 2905 305 2934 erat.
427 2908 576 2947 utraque
611 2902 770 2936 Danuvii
794 2903 850 2936 ri-

128 2959 178 2996 pa
197 2960 210 2982 .·
235 2959 300 2984 sua
326 2949 403 2996 ripa
427 2951 506 2986 sive
532 2951 677 2986 sinistra
704 2961 746 2986 ac
774 2951 848 2986 Ro-

1024 1887 1058 1921 2.
1087 1885 1256 1919 seditione
1282 1884 1356 1919 Ma:
1384 1890 1416 1919 et
1441 1884 1541 1919 sedit.
1569 1883 1623 1928 G3

1007 1933 1035 1969 G
1059 1935 1236 1968 Romana.
1325 1933 1358 1968 7.
1386 1933 1531 1967 hostilia
1555 1931 1622 1966 Μ3.

994 1985 1049 2017 11.
1085 1984 1257 2027 utrimque
1280 1980 1357 2016 Ma:
1395 1983 1559 2026 utrinque
1585 1979 1624 2015 G.

910 2033 965 2068 13.
999 2032 1249 2066 maciomanum
1273 2028 1340 2065 Μ3.
1444 2031 1499 2066 16.
1524 2041 1625 2077 prep.

894 2080 922 2115 G
947 2080 1134 2126 quondam.

913 2237 1017 2260 mana
1065 2225 1246 2259 Moesicae
1295 2223 1505 2267 provinciae
1549 2222 1629 2256 sive

915 2275 1051 2308 dextra.

986 2327 1120 2356 sextam
1145 2321 1334 2366 legionem:
1364 2320 1453 2353 haec
1474 2317 1630 2352 Orientis

915 2372 1013 2416 legio
1044 2371 1097 2414 (ei
1128 2379 1329 2414 cognomen
1361 2368 1531 2413 Ferrato)
1558 2376 1630 2399 non

916 2417 1166 2453 confundenda
1195 2427 1274 2450 cum
1310 2421 1409 2450 sexta
1440 2415 1632 2460 Hispanica

916 2469 973 2501 cui
1000 2476 1130 2500 nomen
1160 2465 1338 2507 Victrici3
1367 2464 1411 2498 cf
1440 2463 1483 2498 Η.
1518 2463 1551 2498 11
1584 2462 1632 2498 83

916 2521 951 2550 et
977 2515 1053 2549 lnd.
1081 2514 1165 2548 hist.
1192 2525 1221 2548 s.
1249 2523 1344 2547 ιιοιιι.
1370 2513 1473 2558 leyio.

987 2575 1032 2598 ac
1061 2574 1106 2596 ne
1151 2583 1196 2590 --
1229 2564 1434 2607 inyrueree:
1477 2559 1634 2604 pendent

918 2613 1008 2647 haec
1033 2623 1052 2646 a
1072 2611 1183 2646 verbo
1198 2611 1419 2656 opposuisset,
1438 2613 1473 2642 et
1482 2607 1634 2641 Muciani

916 2663 1092 2695 rationem
1120 2660 1292 2693 denotant
1313 2658 1400 2704 (und
1415 2656 1523 2690 damit
1537 2654 1636 2689 nicht

919 2709 1131 2752 auswdrtiye
1150 2708 1293 2741 Massen
1318 2717 1386 2739 von
1412 2704 1534 2738 beiden
1554 2703 1636 2736 Sei..

919 2763 977 2791 len
1002 2753 1500 2798 hereinbrachen).1taque
1526 2750 1659 2785 verba·

921 2804 1166 2839 Cremonensis
1190 2802 1360 2835 victoriae
1385 2811 1519 2845 gnarus
1549 2810 1636 2833 cau-

919 2863 992 2886 sam
1021 2852 1206 2884 continent
1233 2859 1294 2882 cur
1304 2849 1488 2883 Mucianus
1500 2853 1638 2882 sextam

919 2900 1102 2945 legionem
1145 2907 1329 2942 opponere
1364 2896 1472 2931 Dacis
1501 2902 1637 2943 posset,

921 2948 1113 2994 sequentia
1136 2948 1314 2982 rationem
1343 2946 1543 2992 explicant,
1569 2955 1639 2993 qua

1191 1282 1388 1323 Fonteius
1434 1282 1620 1336 Agrippa
1651 1270 1768 1345 SCM

116 1367 170 1397 ex
192 1355 294 1398 Asia
327 1362 423 1411 (pro
449 1356 623 1398 consule
651 1346 740 1398 eam
762 1344 1029 1411 provinciam
1053 1366 1190 1398 annuo
1212 1356 1387 1410 imperio
1409 1349 1710 1450 tenuemque?
