1768 3216
123 222 150 256 8
706 194 1011 239 HISTORIARVM

1398 195 1431 220 a.
1456 192 1494 220 1.
1519 180 1607 219 822.

129 333 300 379 cessitas
341 328 499 373 fortiter
541 324 730 376 tolerata]
782 323 822 362 et
872 312 1049 358 laudatis
1095 307 1356 360 antiquorum
1408 298 1611 344 mortibus

128 420 249 466 pares
292 406 436 449 exitus.

495 402 657 443 Praeter
705 391 948 448 multiplices
988 397 1127 430 rerum
1173 382 1442 424 humanarum
1490 384 1613 418 casus

130 482 245 527 caelo
282 485 468 531 terraque
506 471 698 528 prodigia
737 472 777 512 et
818 465 1030 509 fulminum
1070 457 1249 500 monitus
1287 457 1329 497 et
1381 451 1613 494 futurorum

131 554 368 613 praesagia,
411 551 518 593 laeta
556 546 714 598 tristia,
756 541 948 596 ambigua
989 534 1219 579 manifesta.
1279 528 1366 571 Nec
1397 525 1505 568 enim
1532 534 1617 566 un-

103 643 251 687 squam
279 626 552 671 atrocioribus
579 619 718 677 populi
749 615 921 662 Romani
955 611 1142 655 cladibus
1170 605 1358 662 magisve
1399 599 1518 644 iustis
1548 596 1620 647 in·-

135 705 254 749 diciis
273 702 542 758 adprobatum
563 701 625 740 est
651 707 735 738 non
760 704 853 736 esse
871 701 995 732 curae
1016 685 1106 728 deis
1127 681 1391 726 securitatem
1419 678 1620 727 nostram,

137 792 231 824 esse
258 778 468 820 ultionem.

273 852 459 894 Ceterum
485 851 699 900 antequam
731 841 932 891 destinata
960 845 1218 890 componam,
1251 827 1520 885 repetendum
1551 824 1666 868 iri-4

142 929 259 975 detur
289 925 418 979 qualis
449 925 575 965 status
604 908 734 971 urbis,
765 927 869 971 quae
894 924 1010 956 mens
1038 908 1307 958 exercituum,
1342 903 1434 958 quis
1458 901 1624 962 habitus

92 1000 464 1058 mprovinciarum,
496 995 592 1050 quid
622 994 664 1035 in
694 996 778 1035 tolo
810 995 1009 1032 terrarum
1041 985 1143 1027 orbe
1173 980 1353 1024 validum
1374 1010 1385 1032 ,
1420 977 1519 1033 quid
1548 989 1626 1019 ae-

142 1089 259 1132 grum
289 1073 436 1124 suerit,
466 1075 510 1113 ut
533 1081 616 1111 non
647 1066 769 1110 modo
801 1076 921 1107 casus
951 1064 1203 1112 eventusque
1233 1067 1396 1108 rerum,
1428 1052 1499 1108 qui
1529 1051 1625 1108 ple-

143 1160 311 1203 rumque
350 1145 503 1188 fortuiti
544 1147 658 1195 sunt,
703 1140 777 1183 sed
818 1138 923 1180 ratio
963 1135 1084 1179 etiam
1117 1142 1348 1185 causaeque
1383 1130 1627 1175 noscantur.

145 1223 254 1267 Finis
283 1219 457 1264 Neronis
488 1221 531 1260 ut
561 1217 690 1259 laetus
719 1214 850 1270 primo
881 1209 1147 1269 gaudentium
1177 1207 1330 1261 impetu
1365 1203 1525 1257 fuerat,
1571 1201 1628 1262 ita

279 1382 314 1416 2.
338 1390 425 1426 pare
450 1377 521 1413 illa:
549 1376 576 1412 G
598 1388 716 1424 pares.

148 1430 242 1465 stitia
269 1427 337 1463 Mat
373 1432 567 1462 correctum
594 1427 629 1459 in
659 1425 698 1460 G.

149 1478 256 1513 tacite
281 1477 433 1512 correxit
458 1475 659 1510 Rhenanus.

145 1638 290 1676 premac
316 1627 531 1662 necessitatis
562 1626 697 1660 nuntio.
746 1624 854 1658 Aliud

151 1682 205 1712 est
243 1674 322 1710 xm
361 1678 399 1710 1:
442 1675 628 1709 Narcissus
653 1694 699 1700 —-
728 1683 856 1719 aspera

151 1724 305 1764 custodia
319 1730 351 1758 et
365 1725 567 1758 necessitate
581 1728 737 1756 extrema
747 1721 855 1767 (sub-

151 1774 272 1807 tractis
286 1772 479 1817 alimentis)
500 1772 546 1805 ad
562 1776 704 1805 mortem
718 1771 834 1815 ayitur
851 1780 859 1811 3

153 1820 250 1855 aliud
275 1821 379 1853 etiam
405 1820 466 1853 XV
494 1820 560 1854 57:
596 1820 633 1852 in
667 1824 766 1852 tanta
790 1830 856 1852 ne-

157 1869 314 1903 cessitate
326 1868 379 1914 (in
391 1878 427 1900 so
441 1878 578 1912 yrosser
591 1866 840 1911 Bedrdviqniss)
850 1892 858 1900 .

227 1917 304 1962 ipsa
323 1916 509 1949 necessitas
530 1915 669 1959 fortiter
687 1913 857 1947 tolerata.-

163 1975 248 1998 ecce
272 1964 384 2007 turpis
410 1968 445 1997 et
463 1963 600 1997 alienus
613 1962 670 1996 vel
691 1963 727 1995 in
740 1962 860 1996 limine

159 2013 276 2056 operis
299 2022 433 2056 pannus
461 2011 600 2045 fortiter
619 2010 860 2044 revellendus.

158 2061 245 2095 Nam
279 2070 357 2094 cum
390 2060 528 2094 Tacitus
560 2060 738 2103 posuisset
774 2058 863 2092 haec

160 2119 341 2154 supremae
369 2108 546 2142 clarorum
563 2109 716 2141 virorum
739 2117 862 2141 neces-

161 2158 302 2200 sitates,
345 2157 422 2200 ipse
463 2157 653 2198 continuo,
695 2159 734 2188 ut
779 2164 864 2200 quas

162 2205 290 2238 dixerit
314 2205 546 2239 necessitates
569 2203 777 2246 declararet,
800 2203 864 2237 ad-

165 2253 252 2286 iecit
280 2258 311 2287 et
335 2252 486 2287 laudatis
518 2254 736 2297 antiquorum
770 2263 865 2285 mor-

165 2301 250 2335 tibus
271 2311 375 2346 ραν-οε
411 2301 538 2342 exitus,
578 2311 646 2346 quo
683 2301 864 2335 enuntiato

165 2348 378 2394 significavit
410 2350 472 2383 has
508 2348 680 2383 clarorum
712 2350 865 2383 virorum

164 2398 396 2431 necessitates
431 2398 537 2431 animi
575 2398 772 2432 constantia
796 2407 867 2431 non

165 2445 279 2479 minus
304 2446 462 2491 insignes
489 2445 598 2480 fuisse
618 2456 719 2490 quam
738 2452 867 2480 mortes

167 2491 311 2526 Catonis
327 2494 514 2536 Uticensis,
542 2493 604 2528 Gai
619 2493 742 2537 Cassii,
762 2495 869 2528 Marci

166 2539 279 2583 Bruti,
304 2541 464 2576 aliorum.
505 2542 595 2584 Quid
621 2542 731 2588 igitur
756 2544 868 2577 inter-

166 2588 307 2623 turbant
335 2590 423 2624 haec
437 2591 515 2636 ipsa
527 2591 714 2625 necessitas
731 2592 870 2635 fortiter

165 2635 346 2671 tolerata?
374 2637 518 2673 Scilicet
543 2649 563 2672 a
590 2639 787 2684 glossatore
805 2641 868 2674 ad-

165 2684 235 2718 dita
261 2690 361 2728 sunt,
394 2691 428 2720 et
452 2687 563 2730 primo
598 2697 702 2731 supra
727 2699 868 2722 versum

165 2732 223 2766 vel
268 2735 302 2766 in
335 2735 494 2780 margine
537 2736 667 2770 veteris
717 2737 869 2781 exempli

165 2782 327 2825 ascripta,
356 2787 394 2815 ut
419 2783 463 2817 iis
478 2783 739 2828 explicarentur
762 2786 869 2819 verba

166 2827 315 2863 laudatis
340 2832 558 2876 antiquorum
583 2834 746 2868 mortibus
763 2845 868 2879 pares

167 2876 294 2931 exitus,
334 2880 427 2914 unde
464 2890 547 2914 mox
583 2882 620 2914 in
664 2887 868 2917 contextum

165 2932 392 2968 lrrepserunt.
423 2928 491 2963 Sed
506 2932 670 2974 quoniam
688 2931 869 2976 explicare

166 2972 292 3007 volunt
328 2985 417 3020 quae
456 2980 490 3010 et
524 2977 649 3014 melius
678 2984 713 3015 et
752 2981 868 3025 aptius

801 1375 982 1409 humarum
1007 1369 1079 1406 Ma:
1107 1369 1135 1404 G
1159 1368 1405 1403 humanarum.

794 1433 953 1468 umquam
978 1419 1043 1455 Ma.
1144 1420 1177 1454 5.

737 1474 771 1508 6.
799 1473 839 1508 de
868 1473 903 1506 in
930 1479 1054 1505 versus
1082 1467 1153 1502 line
1183 1465 1259 1501 Ma:
1286 1465 1314 1499 G
1338 1464 1422 1498 dcis.

1496 1363 1532 1399 4.
1561 1362 1632 1397 tri-

1213 1416 1324 1462 maqis
1356 1413 1496 1449 vetustis
1527 1409 1631 1448 GM':

922 1623 965 1657 ab
991 1621 1068 1666 ipso
1095 1623 1242 1655 auctore
1258 1617 1482 1662 explicantur
1502 1620 1634 1651 totam-

923 1683 992 1717 que
1021 1669 1232 1704 sententiam
1260 1668 1308 1701 ita
1334 1666 1573 1712 pessumdant,
1599 1668 1640 1698 ut

922 1721 990 1754 iam
1013 1718 1206 1753 eorundem
1234 1716 1421 1751 verborum
1447 1715 1548 1749 binas
1570 1723 1637 1748 ex-

922 1768 1137 1812 plicationes
1178 1766 1358 1812 legamuS,
1401 1763 1494 1798 haud
1530 1762 1639 1799 dubie

924 1817 1030 1851 obelo
1055 1815 1210 1849 notanda
1236 1819 1330 1849 sunt.
1376 1812 1501 1848 Solent
1519 1814 1639 1847 inter-

925 1864 1105 1909 polatores
1137 1864 1174 1896 in
1211 1864 1255 1897 iis
1295 1873 1387 1907 quae
1414 1861 1547 1895 addunt
1571 1870 1640 1895 vo-

928 1912 1064 1947 cabulis
1082 1916 1265 1946 auctorum
1285 1920 1428 1944 suorum
1453 1910 1518 1952 uti,
1534 1909 1642 1954 idque

927 1962 1041 2005 ipsum
1081 1959 1150 1994 hoc
1188 1959 1269 1993 loco
1310 1968 1376 1992 usu
1411 1958 1522 1992 venit.
1574 1956 1642 2000 Qui

927 2010 1150 2043 necessitates
1181 2017 1334 2041 summas
1367 2017 1484 2041 rerum
1521 2016 1643 2052 angu-

928 2058 1012 2092 stias
1051 2062 1086 2092 et
1117 2058 1230 2103 ipsam
1266 2055 1506 2090 necessitatem
1546 2056 1644 2090 vitae

931 2109 1063 2140 exitum
1081 2105 1299 2151 intelligunt,
1317 2106 1467 2150 primum
1484 2103 1554 2138 hoc
1572 2113 1644 2138 non

931 2154 1069 2197 vident,
1096 2154 1214 2199 priore
1230 2153 1310 2188 loco
1323 2158 1469 2199 propter
1489 2151 1643 2187 additum

934 2203 1110 2238 clarorum
1134 2204 1289 2238 virorum
1312 2202 1550 2237 multitudinis
1573 2212 1644 2236 nu-

933 2262 1030 2286 mero
1056 2262 1144 2297 opus
1170 2251 1303 2294 fuisse,
1329 2252 1411 2286 dein
1435 2251 1556 2286 Tacito
1582 2251 1642 2286 lu-

933 2311 1008 2335 sum
1035 2301 1223 2335 verborum
1249 2301 1440 2335 obtrudunt
1477 2301 1556 2345 ipso
1583 2300 1644 2334 in..

933 2350 1090 2395 dignum,
1118 2349 1270 2395 denique
1297 2351 1349 2384 sic
1377 2359 1645 2395 supervacanea

933 2398 995 2431 illa
1021 2403 1101 2431 sunt
1129 2404 1160 2432 et
1184 2398 1336 2433 laudatis
1357 2421 1400 2426 —-
1416 2400 1538 2435 exitus.
1576 2397 1645 2432 Er-

933 2447 1069 2480 nestius
1100 2447 1170 2480 loci
1200 2446 1446 2482 difficultatem
1483 2447 1645 2492 interpo-

934 2495 1038 2529 lando
1066 2495 1194 2530 tollere
1224 2501 1370 2530 conatus
1408 2502 1462 2531 est
1488 2501 1525 2530 et
1551 2506 1641 2530 con-

934 2543 1020 2577 iecit
1059 2555 1239 2590 supremae
1273 2545 1452 2580 clarorum
1489 2547 1647 2580 virorum

933 2593 1155 2627 necessitates
1180 2594 1320 2638 fortiter
1346 2594 1528 2638 toleratae,
1553 2594 1648 2641 quod

935 2643 1094 2686 quamvis
1133 2643 1276 2676 minime
1321 2643 1539 2688 probandum
1585 2644 1644 2686 sit,

934 2689 1205 2733 praeferendum
1240 2696 1356 2726 tamen
1383 2692 1583 2737 desperatis
1611 2697 1647 2726 et

936 2739 1104 2772 contortis
1148 2739 1472 2785 explicationibus,
1518 2740 1646 2787 quibus

935 2786 1026 2820 male
1052 2792 1144 2822 sarta
1182 2799 1406 2835 quocumque
1441 2789 1544 2824 modo
1581 2789 1647 2824 de-

936 2834 1137 2870 fenduntur.
1175 2835 1325 2871 Omnino
1341 2838 1482 2873 Tacitus
1501 2839 1536 2872 in
1555 2848 1646 2883 ope-

935 2884 984 2917 ris
1011 2885 1138 2919 edendi
1165 2891 1373 2931 argumento
1410 2890 1460 2932 (c.
1491 2889 1514 2923 2
1543 2892 1577 2922 et
1602 2888 1644 2935 3)

936 2942 1007 2966 non
1033 2935 1100 2968 nisi
1129 2935 1278 2969 maxime
1305 2938 1509 2971 necessaria
1529 2937 1641 2981 ponit,

936 2980 1065 3017 nedum
1084 2981 1194 3018 verba
1219 2988 1289 3018 tam
1314 2984 1434 3020 inania
1459 2985 1643 3022 adiecerit.
