1768 3216
759 240 1070 278 HISTORIARVM
1443 254 1475 278 a.
1501 252 1538 279 u.
1565 236 1650 279 8'23.

158 374 323 407 arcana.
372 359 475 401 Muri
505 357 890 413 Hierosolymorum
922 360 1062 413 diruti,
1098 359 1314 402 delubrum
1345 359 1509 402 mansit.
1555 360 1653 403 Mox

158 436 269 478 civili
299 435 406 475 inter
437 445 514 474 nos
542 432 675 485 bello,
724 438 942 488 postquam
981 435 1021 475 in
1067 434 1268 476 ditionem
1306 433 1437 476 Marci
1481 433 1652 478 Antonii

154 507 396 563 provinciae
426 510 665 559 cesserant,
706 519 783 549 rex
813 508 1053 550 Parthorum
1085 508 1268 551 Pacorus
1298 508 1450 550 Iudaea
1482 507 1652 562 potitus,

154 581 480 634 interfectusque
511 593 534 623 a
573 580 715 623 Publio
746 582 964 635 Ventidio,
1013 587 1053 624 et
1089 582 1226 624 Parthi
1267 586 1382 624 trans
1417 581 1655 636 Euphraten

123 656 555 702 sredacti:1udaeos
588 657 715 699 Gaius
746 657 891 700 Sosius
923 658 1103 713 subegit
1162 658 1351 713 Regnum
1388 657 1439 699 ab
1469 657 1655 700 Antonio

153 714 310 773 Herodi
344 730 482 772 datum
512 731 650 773 victor
680 731 893 787 Augustus
932 733 1059 775 auxit.
1119 733 1216 775 Post
1252 737 1427 774 mortem
1456 731 1652 786 Herodis,

153 806 255 848 nihil
285 810 504 860 expectato
523 806 719 860 Caesare,
741 808 854 850 Simo
877 808 1042 862 quidam
1064 809 1225 864 regium
1253 821 1406 853 nomen
1429 808 1653 851 invaserat.

152 881 190 922 Is
222 894 243 923 a
265 880 464 931 Quintilio
481 882 591 924 Varo
621 882 835 925 obtinente
859 883 1021 938 Syriam
1051 884 1217 938 punitus
1228 897 1239 935 ;
1272 887 1312 925 et
1330 887 1498 939 gentem
1522 885 1654 925 coer-

154 956 277 998 citam
321 956 442 999 liheri
483 955 663 999 Herodis
704 957 910 1023 “QUIO
954 971 1121 1000 rexere.
1183 959 1266 1002 Sub
1307 958 1474 1000 Tiberio
1518 957 1651 1012 quies.
1710 1006 1718 1009 ,

103 1031 258 1074 ιοΒθίη
280 1030 391 1073 'iussi
422 1045 445 1073 a
477 1031 580 1074 Gaio
624 1031 806 1074 Caesare
853 1033 1034 1089 effigiem
1076 1034 1165 1075 eius
1216 1033 1256 1074 in
1298 1033 1449 1087 templo
1489 1032 1647 1085 locare,

154 1120 267 1150 arma
303 1107 440 1160 potius
471 1118 713 1161 sumpsere3
755 1119 876 1161 quem
916 1112 1070 1150 motum
1103 1108 1297 1150 Caesaris
1325 1119 1438 1150 mors
1470 1107 1648 1150 diremit.

151 1182 361 1234 Claudius,
393 1181 600 1224 defunctis
627 1182 799 1237 regibus
831 1187 900 1223 aut
930 1183 979 1224 ad
1001 1183 1209 1224 modicum
1228 1182 1426 1235 redactis,
1458 1181 1652 1223 Iudaeam

149 1257 410 1310 provinciam
443 1257 649 1311 equitibus
679 1257 877 1299 Romanis
909 1261 978 1299 aut
1006 1257 1168 1299 libertis
1197 1257 1386 1311 permisit
1398 1270 1410 1308 3
1443 1269 1467 1298 e
1501 1256 1652 1312 quibus

150 1332 356 1374 Antonius
385 1331 500 1374 Felix
530 1344 604 1385 per
638 1344 800 1374 omnem
832 1332 1050 1374 saevitiam
1082 1345 1130 1374 ac
1160 1332 1374 1375 libidinem
1405 1332 1469 1374 ius
1488 1331 1654 1386 regium

11 1456 17 1467 .
102 1418 138 1447 1⁵
152 1407 498 1469 serxssilaeisxingenio
533 1407 735 1459 exercuit,
768 1406 946 1448 Drusilla
980 1406 1225 1460 Cleopatrae
1257 1411 1297 1448 et
1331 1406 1504 1448 Antonii
1530 1388 1768 1481 nepte&

68 1491 107 1545 ,ἕ
149 1481 191 1522 in
223 1481 527 1522 matrimonium
562 1485 748 1535 accepta,
778 1485 821 1522 ut
857 1481 1041 1523 eiusdem
1073 1481 1245 1522 Antonii
1276 1481 1392 1523 Felix
1420 1493 1648 1539 progener,

4 1543 93 1599 ffme‘
150 1555 345 1598 Claudius
377 1568 507 1628 nepos
539 1560 664 1598 esset.
725 1556 899 1598 Duravit
928 1561 1064 1599 tamen
1096 1556 1294 1611 patientia
1326 1554 1490 1600 Iudaeis
1520 1567 1653 1610 usque
1668 1555 1722 1594 10

849 1699 1046 1728 correctum
1075 1694 1110 1727 in
1142 1694 1169 1728 A
1195 1698 1230 1728 et
1253 1704 1273 1727 a
1299 1692 1654 1738 Ryckio.‹1icio-

287 1695 321 1729 2.
350 1694 444 1728 inter
469 1696 545 1739 nos]
575 1694 716 1728 interno
743 1692 819 1728 Ma:

1026 1744 1061 1778 4.
1092 1753 1116 1776 a
1142 1742 1275 1790 Publio]
1306 1753 1351 1788 ap
1355 1742 1457 1785 .‚M=¹
1487 1751 1511 1775 a
1540 1753 1586 1789 ..p
1612 1740 1653 1777 G.

150 1753 229 1776 nem
253 1741 312 1777 Or
414 1742 465 1776 M.
496 1742 560 1778 Ma.
663 1744 700 1778 3.
730 1743 835 1776 iudea
865 1743 927 1777 Ma.

150 1838 226 1873 Ma:
254 1840 433 1885 tripartito
462 1839 500 1874 G.

154 1888 210 1922 13.
238 1889 283 1922 R.
313 1886 387 1921 Ma:

155 1946 234 1968 cum
264 1935 326 1970 lin.
356 1935 423 1972 Ma.

151 1985 191 2016 in
215 1985 456 2018 matrimonia.

626 1840 758 1885 tyberio
793 1838 857 1874 Ma.

535 1949 601 1972 sev.
630 1936 695 1972 Ma.

154 2122 232 2145 na:
260 2111 365 2146 sedes
393 2112 568 2146 eiusmodi
599 2118 637 2146 ut
662 2113 743 2148 aliis
769 2113 875 2147 rebus

161 2160 318 2204 spatium
352 2166 468 2204 esset3
495 2162 622 2195 inania
649 2172 740 2207 quae
769 2158 875 2195 manu

160 2210 345 2242 attrectari
374 2219 444 2243 non
473 2215 650 2254 poterant.

232 2268 255 2290 a
284 2257 322 2291 P.
359 2258 543 2292 Ventidio:
583 2258 738 2293 Pacorus
772 2258 875 2292 sortis

154 2305 252 2339 filius
288 2306 385 2351 regis
422 2306 578 2341 Parthici
621 2306 748 2342 Orodis
788 2307 875 2348 fuit3

154 2355 279 2398 itaque
318 2365 384 2387 ‘rex
410 2355 620 2390 Parthorum
655 2355 785 2390 latiore
819 2357 872 2389 si-

157 2402 329 2446 gnificatu
358 2402 473 2437 dictus
504 2409 570 2446 est,
601 2409 638 2438 ut
667 2404 871 2449 Epiphanes

154 2450 197 2484 II.
224 2450 253 2483 II
281 2452 340 2493 25,
369 2450 463 2485 filius
481 2455 578 2498 regis
606 2452 871 2498 Commageno-

154 2508 230 2531 rum
257 2498 440 2533 Antiochi.
495 2500 548 2534 De
575 2501 681 2534 rebus
712 2501 870 2535 Ventidii

155 2545 327 2580 adversus
366 2546 515 2581 Parthos
557 2548 716 2582 feliciter
759 2550 871 2594 gestis

152 2605 189 2629 v.
220 2593 394 2639 Iosephus
419 2596 502 2630 Ant.
531 2596 608 2630 xlv
640 2597 682 2631 15
709 2598 751 2638 7,
776 2596 871 2631 Bell.

153 2642 230 2676 Iud.
258 2643 272 2676 Ι
300 2643 343 2678 16
369 2644 402 2678 6.
456 2644 524 2678 Dio
553 2643 696 2678 XLVIII
738 2643 786 2679 24
816 2655 868 2689 sq.

153 2691 200 2726 39
226 2701 316 2736 sqq„
345 2691 452 2726 XLIX
484 2693 634 2729 19-21.
658 2691 869 2726 Plutarchus

151 2740 284 2772 Anton.
314 2741 486 2776 33—36.
537 2741 721 2786 Appianus
759 2740 799 2774 B.
829 2740 867 2774 C.

153 2787 440 2830 147,11166
467 2794 503 2823 et
532 2789 603 2832 80,
646 2788 693 2823 IV
734 2791 868 2831 2-5,

154 2836 299 2870 31-35
339 2841 374 2869 et
400 2838 447 2872 50
474 2843 509 2871 et
535 2838 582 2872 65
620 2842 655 2871 et
683 2838 739 2872 75.
793 2837 869 2871 Pli-

157 2884 236 2917 nius
267 2884 330 2918 VII
355 2886 413 2919 44.
457 2885 594 2920 Gellius
618 2886 683 2920 XV
708 2887 744 2920 4.
781 2885 869 2919 Vel·
897 2890 905 2894 ‘

156 2929 248 2963 ieius
265 2931 297 2965 11
318 2932 365 2967 65
381 2938 416 2966 et
433 2934 491 2969 78.
535 2933 692 2968 Iustinus
715 2933 807 2968 XLII
831 2935 867 2969 4.

153 2976 280 3013 Florus
317 2979 362 3015 1v
390 2981 423 3016 9.
483 2982 623 3018 Tacitus
664 2983 781 3019 Germ.
808 2982 866 3018 37.

414 1887 441 1921 G
469 1891 637 1924 romanis.
694 1890 748 1924 14.
766 1889 824 1922 oia
851 1899 928 1923 cum
956 1887 1104 1931 lineola,

795 1937 849 1972 16.
878 1938 916 1970 in
945 1937 1173 1972 matrimonia
1200 1943 1328 1983 acepta
1353 1936 1427 1972 Ma:
1455 1935 1483 1971 G
1508 1942 1655 1984 accepta

236 1789 338 1826 ..Μῆ
396 1792 429 1826 7.
456 1791 577 1825 Simon
605 1790 670 1833 Ma,
695 1802 726 1825 c.
763 1793 805 1827 12
834 1790 945 1826 semel
974 1791 1073 1825 simo.
1131 1790 1166 1826 8.
1196 1797 1263 1838 opt.
1292 1789 1357 1825 Ma.
1419 1790 1452 1825 9.
1481 1790 1653 1837 tripertito

975 1841 1029 1875 10.
1057 1850 1081 1873 a
1108 1839 1161 1874 .C.
1188 1839 1236 1874 G.

1134 1887 1216 1922 dein
1243 1887 1311 1922 litt.
1339 1901 1362 1922 a
1389 1892 1548 1922 correcta
1575 1888 1610 1921 in
1637 1899 1655 1922 e

1272 1836 1341 1873 Μθ
1351 1850 1408 1886 aq.
1437 1849 1517 1873 cum
1543 1838 1653 1874 linea.

945 2112 1135 2146 Ventidius
1172 2112 1215 2146 de
1249 2112 1386 2146 Parthis
1422 2112 1655 2157 triumphavit

944 2171 975 2195 a.
1005 2160 1074 2195 716
1103 2161 1226 2207 (715).

1019 2209 1170 2243 Iudaeos
1201 2209 1241 2243 G.
1268 2209 1390 2243 Sosius
1414 2209 1567 2255 snbeyit:
1593 2210 1654 2244 lo-

945 2257 1047 2301 sephi
1074 2257 1156 2291 Ant.
1184 2257 1263 2291 XIV
1295 2258 1336 2292 15
1363 2262 1397 2292 et
1426 2258 1481 2301 16,
1506 2257 1548 2292 B.
1576 2258 1652 2292 lud.

943 2305 957 2339 1
986 2306 1138 2341 17—18.
1191 2305 1260 2340 Dio
1287 2305 1392 2340 XLIX
1421 2308 1479 2342 22.
1533 2306 1655 2341 Sosius

945 2354 1070 2397 Syriae
1095 2365 1241 2398 praeses
1267 2355 1418 2388 ludaeos
1445 2354 1654 2390 debellavit.

1012 2415 1158 2448 reginum
1186 2425 1224 2431 --
1257 2403 1390 2438 Herodi
1415 2404 1556 2437 datum:
1590 2414 1654 2437 ac-

943 2452 1038 2494 cepit
1062 2462 1212 2497 regnum
1224 2451 1386 2485 Herodes
1412 2451 1562 2496 posthac
1588 2462 1653 2486 co-

942 2504 1136 2544 gnomento
1164 2499 1313 2544 Magnus
1353 2510 1384 2533 a.
1413 2500 1484 2534 714
1521 2504 1557 2534 et
1595 2505 1654 2534 te-

940 2547 1019 2579 nuit
1044 2557 1109 2591 per
1135 2557 1246 2580 annos
1273 2548 1340 2589 37;
1370 2546 1543 2590 Iosephus
1568 2548 1652 2582 Ant.

941 2593 1021 2628 XIV
1052 2597 1107 2630 14.
1233 2595 1407 2639 Augustus
1433 2597 1557 2635 auxit:
1592 2595 1654 2629 Io-

941 2642 1043 2687 seph.
1081 2644 1164 2677 Ant.
1194 2643 1268 2677 lud.
1297 2643 1359 2677 XV
1385 2643 1408 2678 6
1439 2648 1474 2678 et
1502 2645 1570 2687 10,
1609 2643 1650 2678 B.

941 2690 1015 2724 Iud.
1046 2691 1057 2725 Ι
1087 2693 1133 2727 20
1163 2696 1198 2726 et
1224 2693 1281 2726 21.

999 2741 1094 2773 Simo
1121 2741 1260 2785 quidam
1286 2741 1421 2786 regium
1439 2751 1566 2775 nomen
1593 2742 1653 2774 in-

937 2795 1101 2822 vaserat.-
1141 2787 1284 2832 Ioseph.
1312 2790 1395 2823 Ant.
1423 2788 1519 2823 XVII
1550 2790 1592 2824 10
1617 2789 1652 2832 6,

938 2837 978 2871 Β.
1010 2836 1082 2870 lud.
1110 2836 1140 2870 11
1171 2837 1196 2872 4
1224 2839 1259 2872 2.
1288 2837 1407 2872 Simon
1433 2848 1560 2872 servus
1577 2837 1653 2873 He·-

935 2885 1032 2919 rodis
1059 2885 1189 2919 fuerat.
1328 2897 1351 2919 a
1378 2886 1546 2928 Quintilio
1579 2885 1653 2920 Va-

937 2945 1000 2967 ro.-
1055 2933 1198 2978 losephi
1237 2934 1320 2968 Ant.
1377 2934 1470 2967 XVII
1520 2934 1564 2970 10
1617 2935 1651 2976 9,

936 2981 978 3016 Β.
1006 2981 1082 3017 lud.
1110 2982 1143 3017 11
1170 2983 1204 3018 5.
1340 2981 1421 3017 dein
1446 2983 1533 3018 iussi
1557 2993 1582 3016 a
1607 2981 1647 3016 G.
