1768 3216
687 214 1031 258 ΑΝΝΟΤΑΤῘΟΝΙΒ.

110 330 289 376 paenulis
313 331 506 371 astrictio
530 332 591 371 39.

121 391 237 437 palari
261 393 292 431 ll
317 394 341 431 2
365 391 425 436 41,
452 393 476 427 3
502 393 562 429 80.
618 381 624 386 '

120 451 293 492 Pallantis
318 453 478 492 conditio
495 458 686 499 antequam
706 446 847 490 Claudii

173 513 337 548 minister
361 513 441 548 fuit.
476 517 622 547 senatus
648 513 848 552 consultum

170 573 208 608 in
245 573 323 607 eius
368 573 539 611 honorem
584 573 718 613 sactum
761 583 839 611 eum

173 632 280 668 titulo
306 632 500 678 sepulcrali
516 643 587 671 non
602 634 841 673 commiscen-

170 691 255 732 dun
291 693 335 732 12
361 691 420 732 53.
456 693 487 729 is
513 703 592 731 enm
619 703 703 731 cura
726 703 844 732 rerum

167 751 452 796 demoveretur,
495 754 556 798 qui
590 754 731 793 eiurare·
775 754 844 793 dici

166 813 326 858 potuerit
356 814 399 849 13
430 812 486 852 14.

125 871 266 917 enitens
292 871 386 910 fama
412 872 441 908 Ο
469 873 524 909 13.

123 932 379 976 paenitentiam
409 942 519 978 agere
547 930 576 965 Ο
609 931 662 969 15.

124 993 423 1037 pantomimorum
438 991 584 1030 saltatio
600 991 666 1028 sub
685 992 850 1038 Augusto

171 1052 380 1091 introducta
411 1054 426 1086 l
457 1052 516 1090 54.

123 1122 189 1158 par
219 1111 269 1147 nd·
287 1111 455 1158 negantis
478 1110 693 1156 particulam
718 1121 766 1145 ne
781 1121 843 1145 re-

170 1171 281 1210 latum
305 1171 400 1207 idem
426 1171 522 1217 quod
546 1170 667 1205 nullus
698 1172 741 1210 13
772 1170 827 1210 14.

117 1242 243 1278 parare
268 1231 434 1266 libertum
453 1230 604 1267 eundem
619 1235 741 1270 monet
756 1240 839 1269 eor-

168 1296 306 1329 rectum
336 1293 380 1327 15
403 1291 463 1327 54.

120 1357 280 1398 peratum
306 1352 502 1397 praemium
524 1351 549 1389 i,
569 1361 601 1388 e.
620 1350 842 1395 propositum

169 1413 200 1449 Η
218 1414 242 1449 2
268 1413 326 1449 75.
354 1416 475 1456 parata
500 1409 734 1455 peccantibus
751 1420 838 1454 pro-

169 1472 291 1507 vincia
317 1471 349 1505 A
374 1472 407 1505 6.
439 1474 582 1515 paratus
606 1468 834 1508 simulatione

170 1532 204 1568 A
227 1531 288 1568 42.

122 1591 220 1627 Paris
255 1591 406 1625 libertus
440 1590 628 1628 Domitiae
671 1594 843 1634 patronae

174 1661 239 1696 per
268 1650 480 1687 calumniam
508 1650 597 1687 iuris
629 1654 772 1694 ereptus
802 1649 844 1683 13

169 1710 228 1744 27.

122 1769 374 1815 parricidarum
401 1779 518 1814 poena
542 1768 567 1802 4
590 1768 649 1806 29.

121 1829 348 1875 parricidium
363 1830 387 1864 i.
404 1840 436 1863 e.
450 1828 580 1866 caedes
590 1830 711 1866 matris
724 1829 767 1865 13
780 1828 839 1864 21.

118 1890 324 1929 Parthorum
349 1893 494 1927 senatus
526 1890 569 1925 15
595 1890 630 1924 2.

118 1950 344 1995 participium
369 1958 434 1994 pro
461 1949 605 1983 nomine
633 1947 770 1983 verbali
802 1951 838 1980 et

170 2009 351 2044 abstracto
377 2010 400 2046 3
430 2009 486 2046 13.
517 2008 545 2047 H
574 2009 591 2041 1
622 2008 652 2041 1.
687 2007 836 2052 partiei-

170 2071 270 2114 pium
314 2068 498 2113 praeteriti
544 2067 716 2111 temporis
759 2076 839 2100 curn

166 2128 287 2164 verbis
307 2127 399 2162 idem
416 2133 556 2172 tempus
572 2125 843 2173 designantibus

171 2190 331 2222 iunctum
363 2188 406 2227 13
431 2187 492 2222 46.

118 2252 240 2293 partus
274 2251 311 2284 et
335 2251 478 2291 paratus
503 2246 527 2279 4
551 2246 610 2285 44.
664 2245 693 2283 H
723 2245 745 2278 5
774 2245 832 2281 25.

118 2309 259 2354 passive
309 2306 527 2352 significatio
581 2303 835 2342 vocabulorum

166 2378 260 2413 quae
294 2378 339 2405 ex
372 2364 549 2399 communi
584 2374 649 2396 usu
688 2364 721 2397 vi
758 2366 839 2395 sunt

170 2427 290 2467 activa
318 2426 346 2459 ll
378 2428 391 2459 1
423 2424 480 2459 34.

120 2487 300 2532 passivum
327 2494 441 2531 genus
466 2482 655 2519 verborum
682 2492 725 2516 ex
749 2480 833 2515 fun-

171 2547 257 2583 dere
282 2545 559 2588 compositorum
576 2541 667 2585 apud
683 2541 839 2575 'l'acitum

169 2608 205 2643 vi
231 2605 401 2639 rellexiva
417 2603 575 2646 usurpari
591 2601 695 2634 solita
718 2602 759 2636 12
773 2600 831 2634 47.

121 2666 402 2710 patientissimus
416 2664 491 2697 veri
510 2662 746 2705 Vespasianus
762 2659 789 2694 0
803 2659 836 2693 8.

121 2726 251 2770 patrari
280 2725 314 2758 h.
343 2735 374 2758 e.
402 2721 511 2756 multa
537 2731 645 2765 opera
668 2725 701 2753 et
721 2719 837 2753 studio

173 2786 268 2821 effici
299 2784 341 2822 14
367 2784 426 2819 62.

123 2851 242 2890 patres
277 2845 449 2883 maiorum
485 2847 521 2881 et
545 2842 720 2880 minorum
747 2850 839 2887 gen-

172 2906 257 2939 tium
288 2905 327 2938 11
356 2903 414 2941 25.

1531 218 1611 261 ‘w

1526 248 1539 262 λ

899 337 1088 378 paupertas
1117 337 1155 373 et
1177 335 1366 381 angustiae
1389 342 1507 374 rerum
1526 332 1555 368 0
1568 334 1611 375 8.

890 403 1061 439 pecorum
1086 393 1239 434 seennda
1263 393 1511 440 (Germania),
1537 392 1609 435 ²secl

944 453 1154 500 plerumque
1179 454 1378 499 improcera
1403 452 1431 488 G
1454 453 1489 489 5.
1567 464 1569 466 ·
1587 475 1597 507 4

898 514 1075 558 pecuniae
1115 524 1136 551 a
1176 513 1318 553 Nerone
1362 513 1612 555 donationibus

936 573 1072 608 effusae
1097 583 1183 607 vera
1207 584 1342 609 summa
1358 573 1388 608 Η
1408 575 1425 608 1
1447 573 1507 609 20.
1533 584 1601 620 pe-

939 634 1066 673 cuniae
1089 634 1237 672 materia
1252 633 1276 668 i.
1292 643 1325 668 e.
1351 643 1519 679 praesens
1544 643 1611 680 pq-

942 693 1047 726 cunia
1070 692 1101 727 H
1130 694 1146 727 1
1175 692 1233 728 66.

895 752 1068 797 pellicere
1091 753 1116 786 i.
1145 763 1176 787 e.
1205 762 1431 798 corrumpere
1452 754 1478 791 4
1500 753 1535 788 3.
1589 775 1594 804 i

892 811 1095 856 penetrales
1122 811 1331 851 Germaniae
1359 812 1395 851 di
1420 813 1443 850 2
1472 813 1525 851 10.
1585 848 1592 852 .

895 882 1071 918 peragere
1097 871 1140 906 de
1165 872 1310 906 flumine
1334 871 1362 906 G
1386 872 1447 907 42.

888 931 1100 975 percellere,
1127 931 1212 977 quid,
1235 932 1331 971 iuter
1355 931 1541 975 perculsos
1570 935 1607 970 et

949 1001 1138 1036 percussos
1165 992 1307 1031 intersit
1329 991 1359 1026 Η
1383 993 1407 1028 2
1431 991 1490 1031 54.

893 1051 1094 1095 percontari
1119 1050 1143 1090 4
1172 1052 1228 1091 17.

892 1110 1187 1155 percrebreecere
1243 1115 1280 1149 et
1332 1087 1607 1156 percrebeseere

950 1173 992 1206 12
1016 1171 1050 1210 (ἰ

890 1239 1078 1275 percussor
1115 1231 1139 1267 i.
1164 1241 1195 1269 e.
1223 1228 1382 1267 medicus
1422 1228 1466 1262 ad
1492 1239 1604 1263 venas

942 1290 1149 1329 incidendae
1175 1289 1302 1328 missus
1332 1289 1374 1324 15
1399 1287 1467 1333 63,
1504 1287 1547 1323 16
1571 1289 1605 1325 9.

891 1349 1074 1395 peregrini
1103 1349 1130 1383 0
1161 1349 1193 1383 7.

889 1410 1086 1454 perfeetum
1125 1407 1346 1446 coniunctivi
1386 1410 1466 1451 post
1506 1404 1608 1451 plus...

931 1467 1235 1514 quamperfeetum
1267 1469 1282 1501 1
1307 1467 1343 1501 3.

890 1529 1080 1574 perfugere
1105 1532 1141 1561 et
1165 1526 1359 1572 profugere
1384 1525 1414 1559 H
1439 1523 1462 1559 4
1488 1525 1547 1561 60.

893 1599 1045 1635 pergere
1072 1592 1107 1622 et
1131 1597 1304 1632 peragere
1329 1586 1398 1619 iter
1424 1585 1447 1619 3
1472 1584 1530 1621 66.

895 1648 1042 1693 perinde
1070 1652 1105 1681 et
1129 1645 1276 1691 proinde
1305 1645 1329 1680 3
1357 1644 1410 1679 17.

891 1706 1207 1752 perintempestiva
1231 1714 1411 1739 novercae
1434 1701 1580 1737 officia
1571 1691 1607 1736 in

942 1766 1095 1800 ludibria
1120 1764 1284 1799 vertebat
1314 1765 1359 1799 12
1382 1764 1442 1798 26.

891 1826 1206 1871 Peripateticorum
1233 1824 1304 1858 loci
1331 1823 1358 1858 Ο
1385 1823 1442 1858 31.
1589 1868 1591 1871 Υ

883 1887 988 1931 periti
1016 1883 1378 1931 (Sachverstandige)
1409 1883 1453 1917 12
1481 1882 1538 1918 25.

886 1947 1091 1990 permittere
1117 1946 1141 1978 i.
1169 1955 1200 1978 e.
1227 1941 1500 1988 permittendum
1521 1951 1607 1975 sua-

933 2005 1017 2039 dere
1046 2005 1086 2038 11
1115 2004 1148 2038 3.
1175 2013 1238 2047 pro
1265 2002 1396 2039 dedere
1421 2001 1450 2036 tt
1477 2001 1500 2036 3
1523 2001 1583 2036 63.

889 2074 1056 2109 perorare
1080 2064 1104 2097 4
1128 2062 1187 2098 28.

894 2134 1084 2170 perpessus
1122 2124 1156 2161 b.
1190 2133 1222 2157 e.
1258 2131 1381 2166 passus
1415 2130 1528 2167 usque
1564 2119 1607 2153 ad

944 2184 1049 2218 finem
1083 2183 1105 2218 6
1132 2183 1191 2223 38.

884 2243 1012 2279 Persae
1038 2252 1100 2286 pro
1118 2239 1257 2274 Parthis
1275 2238 1446 2274 nominati
1465 2248 1485 2273 a
1502 2237 1606 2277 lose-

938 2301 1009 2346 pho
1038 2301 1066 2334 Η
1093 2301 1115 2334 5
1139 2300 1176 2334 8.

890 2370 1081 2405 personare
1107 2359 1135 2392 Η
1161 2359 1183 2393 3
1211 2358 1268 2392 76.

888 2420 1128 2465 perstringere
1156 2427 1259 2453 aures
1288 2416 1316 2451 Ο
1342 2417 1400 2450 27.

885 2484 1008 2524 petere
1031 2477 1269 2512 Corbulonem
1298 2477 1321 2510 i.
1334 2487 1365 2511 e.
1383 2486 1422 2511 se
1439 2474 1607 2513 conferre

937 2538 979 2572 ad
1007 2548 1086 2572 eum
1118 2537 1162 2572 14
1187 2536 1244 2570 58.

887 2599 1070 2632 Petronius
1092 2597 1233 2631 Arbiter
1252 2595 1490 2638 Satyricorum
1511 2594 1603 2627 scri-

938 2663 1027 2702 ptor,
1053 2657 1202 2693 Neronis
1225 2655 1372 2695 amicus,
1401 2652 1604 2698 elegantiae

938 2718 1069 2752 arbiter
1102 2717 1143 2750 ¹6
1172 2715 1224 2753 18.
1260 2715 1336 2748 eius
1363 2713 1491 2756 scripta
1518 2710 1602 2745 ibid.

942 2782 977 2811 et
1004 2789 1034 2810 c.
1067 2775 1120 2810 19.

888 2837 1073 2877 Petronius
1098 2834 1320 2879 Turpilianus
1355 2830 1426 2867 dux
1451 2830 1602 2868 Neronis

936 2897 964 2930 ll
994 2896 1008 2930 1
1037 2895 1070 2930 6.
