1768 3216
821 192 1020 229 NERONE.
1585 194 1663 230 :⁵1

107 360 110 363 Δ
162 309 292 352 roms
322 310 612 353 contumeliam
639 311 809 365 scripta,
839 312 1013 353 fractam
1043 323 1139 354 esse
1171 314 1395 365 assereret.
1438 310 1555 368 Lege
1574 310 1664 355 eius

173 383 380 450 Tragoed.
413 384 561 427 Graec.
594 389 621 426 t
655 385 919 439 111p.1462
954 398 1015 440 sq.
1089 386 1248 440 Quippe
1286 385 1339 427 ad
1375 385 1663 440 explicandum

172 448 385 502 insolitum
419 459 527 501 huuc
566 459 754 501 vaticinii
792 460 1065 515 significatum
1095 460 1344 503 Welckerus
1386 460 1469 503 hoc
1506 461 1661 516 statuit,

131 550 156 569 ε’
129 512 265 576 *eam
292 546 443 576 vocem
473 547 527 577 ex
552 547 626 577 ore
645 535 872 577 adulatoris
894 535 1014 577 aulae
1028 535 1293 578 Neronianae
1313 536 1530 590 repetitam
1550 548 1660 580 esse.

80 620 81 623 ’
158 607 323 651 Verum
355 609 465 651 enim
492 620 595 651 vero
628 621 873 664 quamquam
901 614 1019 651 vates
1058 622 1184 664 saepe
1223 609 1376 652 dicitur
1413 610 1450 652 is
1490 610 1560 664 qui
1599 615 1663 653 est

158 686 320 738 poeta,
361 683 473 738 quod
500 683 687 738 opinioni
717 696 819 726 suae
859 685 1038 726 tuendae
1067 683 1313 726 Welckerus
1358 683 1517 738 attulit,
1563 684 1662 727 inde

169 760 309 800 tamen
336 770 422 800 nou
451 759 720 812 consequitur
748 758 987 799 vaticinium
1017 759 1068 800 ab
1101 759 1268 801 homine
1286 758 1431 800 Latino
1450 770 1527 813 pro
1540 758 1663 812 poesi

168 831 269 886 poni
292 833 491 886 potuisse.
550 833 713 874 Etenim
742 833 981 874 vaticinium
1011 845 1096 875 non
1126 847 1150 875 a
1178 836 1274 874 vate
1301 833 1455 875 dictum
1476 837 1555 887 est,
1585 834 1663 877 sed

160 917 196 948 a
223 905 355 948 verbo
379 906 605 947 vaticinari
634 906 865 948 derivatum
895 911 936 948 et
963 907 1177 948 intellectu
1194 906 1368 960 passivo
1405 907 1661 961 praedictum

169 977 214 1026 id
244 977 415 1021 denotat
453 979 565 1032 quod
604 979 870 1021 vaticinando
914 979 1047 1020 editur
1079 980 1147 1021 vel
1181 980 1330 1021 editum
1356 985 1420 1022 est
1453 979 1656 1034 (orabat.

168 1053 371 1107 aprunii),
416 1054 763 1108 quemadmodum
794 1053 925 1096 altera
954 1054 1135 1096 nominis
1164 1055 1298 1097 forma
1324 1055 1422 1096 item
1452 1068 1476 1097 a
1505 1054 1662 1096 vatici-

167 1127 307 1170 nando
336 1127 461 1180 facta,
493 1128 759 1181 vaticinatio,
799 1129 936 1171 activo
976 1128 1190 1170 intellectu
1231 1133 1366 1171 actum
1403 1128 1659 1172 vaticinandi

170 1201 488 1256 (Weissaqunyj
523 1202 691 1244 indicat.
753 1203 869 1245 Sicut
898 1207 1033 1245 autem
1062 1215 1208 1256 nemo,
1239 1216 1293 1245 ne
1328 1208 1450 1257 poeta
1479 1204 1660 1258 quidem,

168 1275 393 1318 vaticinari
419 1277 522 1319 dixit
552 1277 593 1319 id
631 1277 741 1331 quod
772 1281 835 1318 est
866 1282 1057 1331 poemata
1084 1289 1294 1332 pangere,
1343 1290 1478 1332 neque
1507 1277 1660 1319 vatici—

167 1351 376 1392 nationem
419 1363 495 1405 pro
537 1352 764 1393 carminum
809 1351 1075 1394 confectione
1117 1351 1225 1393 ullus
1260 1363 1439 1406 unquam
1477 1351 1656 1404 admisit,

166 1426 226 1469 ita
259 1425 501 1467 vaticinium
542 1437 619 1480 pro
659 1426 910 1468 carminibus
952 1427 1106 1468 dictum
1147 1438 1242 1468 esse
1282 1427 1373 1468 sive
1415 1439 1438 1468 a
1470 1427 1657 1469 Materno

166 1501 258 1543 sive
286 1500 337 1542 ab
370 1500 586 1543 adulatore
615 1501 818 1553 Neronis,
860 1501 902 1542 id
930 1501 1051 1543 fidem
1092 1500 1301 1543 excedere
1339 1501 1440 1543 mihi
1477 1501 1657 1543 videtur.

165 1575 353 1618 Alterum
384 1575 495 1629 quod
526 1586 693 1629 oppono
726 1575 939 1617 Welckeri
967 1575 1234 1617 coniecturae
1265 1575 1345 1616 hoc
1375 1579 1461 1628 est,
1504 1575 1659 1618 nullam

166 1650 307 1692 inesse
337 1650 468 1692 Taciti
492 1650 633 1692 verbis
671 1650 1017 1704 significationem
1056 1662 1134 1703 qua
1177 1649 1474 1691 admoneamur
1507 1661 1656 1692 vocem

165 1723 353 1766 vaticinii
377 1723 602 1776 potentiam
632 1737 685 1765 ex
719 1735 793 1765 ore
825 1723 929 1765 alius
960 1723 1140 1765 hominis
1171 1736 1195 1764 a
1224 1724 1409 1766 Materno
1440 1723 1656 1777 repetitam

166 1811 276 1841 esse.
334 1798 549 1840 Postremo
579 1799 622 1839 in
650 1799 728 1839 hac
755 1799 977 1840 verborum
1006 1798 1347 1852 interpretatione
1374 1796 1543 1838 Domitii
1571 1809 1655 1839 no-

166 1873 290 1914 minis
318 1874 427 1914 ratio
458 1874 562 1915 satis
593 1873 792 1926 explicari
818 1873 973 1926 nequit.
1048 1873 1132 1913 lam
1167 1872 1202 1913 si
1239 1872 1442 1925 scriptura
1470 1870 1655 1913 vaticinii

161 1947 389 2000 potentiam
415 1947 549 1989 teneri
579 1959 663 1988 non
692 1950 851 2001 potest,
893 1958 1029 2000 neque
1071 1946 1150 1988 alia
1187 1945 1421 1999 explicandi
1449 1945 1517 1987 via
1548 1957 1654 1999 quae

162 2020 311 2063 melius
340 2020 517 2063 traditae
548 2020 719 2063 lectioni
750 2020 973 2062 conveniat
1006 2031 1127 2073 quam
1157 2019 1262 2061 haec
1298 2033 1321 2061 a
1365 2019 1487 2061 nobis
1527 2019 1653 2061 modo

128 2095 339 2138 arefutata
367 2095 502 2138 adhuc
539 2096 776 2151 excogitata
818 2099 881 2137 est
919 2107 1053 2149 neque
1098 2094 1277 2136 inveniri
1314 2098 1478 2147 potest,
1531 2093 1654 2135 facile

161 2169 376 2222 apparebit
402 2169 608 2212 leniorem
639 2170 756 2224 aegri
787 2169 871 2211 loci
901 2168 1149 2211 medicinam
1191 2180 1312 2221 quam
1345 2167 1654 2209 Gronovianam

159 2241 340 2296 proferri
369 2253 453 2283 non
483 2255 623 2296 posse.
678 2243 818 2296 'Origo
846 2247 980 2284 autem
1021 2242 1300 2295 corruptionis
1342 2241 1446 2282 haec
1488 2239 1652 2281 videtur

159 2317 315 2368 fuisse,
356 2320 400 2358 ut
431 2317 493 2368 is,
526 2316 595 2370 qui
627 2328 679 2357 ex
709 2316 816 2357 libro
847 2316 972 2357 unico
1003 2316 1115 2357 unde
1144 2315 1277 2356 nostri
1307 2314 1477 2356 codices
1506 2325 1650 2356 omnes

159 2390 239 2433 orti
270 2394 366 2433 sunt
398 2390 554 2444 primus
586 2401 738 2431 novum
770 2390 894 2441 fecit,
943 2388 1092 2430 vatinii
1131 2389 1306 2430 sormam
1348 2400 1474 2441 parva
1514 2387 1649 2430 littera

158 2465 307 2507 initiali
333 2465 552 2506 incurrens
583 2469 623 2506 et
654 2464 706 2505 de
738 2464 904 2506 homine
934 2463 1036 2504 nihil
1069 2463 1259 2518 cogitans
1292 2474 1344 2503 ne
1371 2474 1521 2504 nomen
1553 2462 1649 2516 qui-

157 2541 251 2583 dem
281 2540 467 2581 Latinum
501 2552 548 2580 se
578 2539 721 2593 legere
751 2541 912 2591 putaret
934 2537 1128 2591 ideoque,
1160 2537 1267 2578 baud
1286 2540 1515 2590 opportune
1530 2536 1647 2578 verbi

156 2613 412 2654 vaticinandi
440 2612 702 2663 recordatus,
734 2612 992 2653 confidenter
1025 2611 1211 2652 vaticinii
1239 2611 1481 2663 corrigeret.
1534 2609 1646 2650 Gro-

155 2686 306 2727 novius
337 2685 501 2739 quidem
533 2686 583 2726 ad
615 2698 755 2727 veram
777 2686 866 2727 vitii
886 2686 1191 2727 correctionem
1222 2684 1421 2724 deductus
1453 2686 1514 2723 est
1545 2695 1645 2736 par-

156 2761 228 2802 tim
258 2760 439 2815 imagine
472 2759 539 2800 illa
572 2759 738 2812 Vatinii,
771 2772 891 2813 quam
924 2760 965 2800 in
997 2759 1225 2800 Annalibus
1257 2757 1348 2807 (XV
1370 2757 1447 2808 34)
1478 2756 1642 2799 Tacitus

157 2834 332 2891 egregie
371 2834 632 2886 delineavit,
661 2834 806 2888 partim
848 2833 956 2887 quod
992 2832 1168 2873 hominis
1207 2831 1373 2873 nomine
1415 2842 1517 2884 opus
1548 2842 1643 2873 esse

156 2909 210 2953 ad
227 2922 381 2954 ,verum
406 2908 491 2953 loci
519 2908 772 2952 intellectum
803 2908 948 2962 probe>
966 2906 1182 2951 sentiebat.
1226 2906 1374 2949 Cetera
1403 2915 1504 2948 vero
1534 2916 1640 2962 quae
