1768 3216
706 183 1049 229 ANNOTATIOMS.
1548 192 1631 232 u·

190 301 399 352 legionum,
425 307 600 351 praefecti
627 308 779 344 militiae
804 319 866 344 so-
918 311 1058 356 equites
1082 310 1175 345 idem
1199 309 1294 357 quod
1317 310 1490 346 coviuarii
1518 312 1551 346 A
1576 313 1633 349 12.

189 364 294 400 cialis
317 365 343 400 4
371 366 440 410 73,
473 369 516 403 12
544 367 586 402 17
614 373 651 402 et
675 369 734 409 35.
789 369 819 403 Η
847 371 863 403 1
915 380 936 404 e
961 380 1001 404 re
1026 369 1183 414 publica,
1210 381 1282 404 nou
1308 381 1354 405 ex
1385 371 1431 407 13
1456 372 1516 407 24.

190 424 252 469 82,
279 426 301 460 2
330 425 391 469 92,
415 426 439 461 3
469 426 525 470 19,
551 426 576 463 4
607 427 650 462 14
679 433 715 462 et
741 429 799 463 77.
913 430 1020 476 erigit
1044 432 1158 476 (terra
1179 433 1354 477 montem)
1383 432 1410 466 Η
1438 431 1461 466 5
1486 431 1523 466 6.

140 484 225 520 dum
250 490 428 532 sequente
455 487 654 523 indicativo
670 489 707 522 in
723 490 860 523 oratio·
908 489 1055 534 Epicuri
1080 489 1255 526 honestae
1292 490 1571 526 exclamationes
1596 489 1626 526 0

190 555 238 580 ue
265 545 413 592 obliqua
437 546 465 580 ll
492 549 514 583 5
543 548 599 583 17.
958 550 1019 584 31.
1041 550 1117 584 eius
1132 552 1311 586 sententia
1323 552 1514 596 respicitur
1537 550 1632 587 622.

907 608 1059 644 Erindes
1087 609 1217 645 flumen
1249 611 1456 658 incognitus
1490 610 1631 646 videtur

140 665 290 711 eclipsis
335 665 444 702 lunae
483 677 576 713 quae
612 667 682 703 fuit
719 669 867 704 ineunte
965 680 1046 704 esse
1070 680 1134 714 pro
1162 669 1339 705 Charinda
1365 673 1404 705 11
1435 671 1490 706 10.

186 726 319 762 Tiberii
341 729 545 773 principatu
573 730 588 762 l
616 728 676 764 28.
905 729 1015 764 Ertha
1029 729 1136 765 Terra
1154 735 1278 775 mater,
1304 730 1544 766 non-Nerthus
1562 735 1624 765 aut

141 787 285 822 edicere
310 787 346 822 h.
374 799 408 823 e.
443 788 561 824 edicto
596 790 781 835 proposito
807 789 864 824 di-
962 795 1084 825 cetera
1109 791 1198 825 vitia
1224 790 1252 826 G
1276 791 1335 828 40.
1373 791 1488 838 Rugia
1512 790 1630 827 insula

187 857 272 882 cere
298 849 316 883 1
346 848 406 884 78.
958 851 992 885 ei
1020 861 1120 886 sacra
1145 851 1231 885 ibid.

140 906 290 941 eductus
316 908 463 954 antique
490 918 554 953 pro
579 908 751 944 educatus
779 910 797 943 1
824 910 861 945 4.
913 919 991 944 esse
1017 910 1215 945 infinitivus
1237 911 1336 945 iuxta
1354 911 1553 957 genitivum
1571 914 1630 948 at-

188 967 283 1002 idem
309 968 406 1014 quod
431 973 615 1013 promotus
641 970 672 1004 ΙΙ
698 971 721 1003 2
748 970 807 1004 35.
961 969 1084 1003 tributi
1128 971 1166 1004 in
1200 971 1384 1005 enuntiato
1433 982 1478 1005 ex
1514 970 1626 1005 verbo

142 1025 288 1074 efligies
315 1028 353 1061 in
382 1027 463 1062 foro
488 1029 643 1074 Augusti
672 1028 697 1063 4
727 1030 782 1063 15.
811 1028 869 1063 ef·
964 1029 1174 1063 aestimandi
1211 1030 1390 1075 pendente
1420 1039 1631 1075 suppressus

188 1086 296 1134 figies
321 1093 358 1122 et
384 1089 490 1134 signa
515 1088 769 1123 Germanorum
786 1088 814 1123 G
832 1090 866 1125 7.
965 1089 998 1123 A
1019 1088 1053 1124 6.

144 1148 255 1194 egeni
283 1147 443 1182 additum
478 1148 522 1182 ad
555 1148 774 1183 fulciendum
804 1160 873 1195 ge·
923 1159 1003 1182 esse
1043 1148 1144 1183 verbi
1192 1150 1457 1184 coniunctivum
1494 1148 1635 1195 quando

191 1207 346 1242 nitivum
371 1209 432 1253 qui
460 1212 516 1242 est
541 1208 658 1242 diurni
686 1210 803 1243 victus
826 1209 868 1243 15
965 1207 1104 1242 Tacitus
1139 1210 1361 1254 supprimere
1397 1219 1505 1243 ausus
1540 1210 1586 1243 sit
1610 1209 1634 1244 6

185 1267 246 1302 38.
959 1267 1018 1302 35.
1046 1266 1075 1301 Ο
1106 1269 1138 1301 1.

137 1330 326 1374 egregium
350 1327 534 1373 publicum
559 1328 583 1363 3
609 1329 667 1364 70.
919 1337 998 1361 esse
1014 1326 1180 1361 videatur
1196 1326 1355 1362 clausula
1372 1327 1536 1362 Ciceroni
1562 1336 1630 1373 pe-

143 1399 165 1423 e
190 1387 303 1435 gradu
342 1393 404 1422 aut
438 1392 573 1422 stantes
614 1407 652 1414 --
697 1386 867 1432 impelle·
965 1386 1110 1421 culiaris
1137 1386 1165 1421 Ο
1191 1386 1249 1422 23.

185 1452 311 1483 rentur
342 1447 567 1482 emendatum
592 1448 624 1481 Α
650 1447 709 1483 36.
913 1451 967 1481 est
993 1445 1141 1481 verbum
1173 1447 1288 1480 omitti
1331 1456 1402 1480 non
1441 1449 1559 1491 potest
1593 1446 1629 1480 in

140 1518 162 1542 e
185 1507 333 1543 ludaico
359 1509 522 1543 exercitu
558 1507 653 1542 lecta
678 1507 809 1542 decora
833 1507 862 1541 H
961 1507 1144 1540 enuntiato
1171 1505 1382 1541 secundario
1409 1507 1439 1540 H
1469 1508 1483 1540 1
1512 1506 1572 1541 48.

185 1568 209 1603 2
233 1567 295 1604 81.
909 1571 963 1601 est
980 1571 1155 1612 sequente
1180 1566 1359 1600 infinitivo
1379 1566 1407 1600 G
1424 1565 1459 1601 5.
1486 1567 1515 1600 is
1535 1565 1629 1600 acti-

137 1627 332 1663 Eleazarus
357 1638 379 1663 a
404 1628 539 1663 Ioanne
564 1639 636 1663 non
664 1628 859 1662 obtrunca-
955 1637 1021 1662 vus
1048 1628 1093 1661 sit
1118 1637 1268 1661 necesse
1294 1632 1348 1661 est
1374 1626 1402 1661 G
1428 1628 1462 1662 7.

186 1694 243 1723 tus
275 1693 330 1723 est
354 1688 383 1722 Η
404 1689 425 1724 5
455 1689 509 1723 12.
906 1692 942 1721 et
968 1686 1172 1721 coniunctio
1208 1686 1394 1721 consulum
1418 1684 1619 1720 nominibus

138 1748 247 1784 electi
273 1748 458 1795 legionum
487 1750 503 1783 1
534 1747 595 1791 38,
626 1747 670 1782 14
694 1748 753 1783 34.
783 1748 809 1782 Η
842 1749 859 1782 1
957 1748 1168 1791 interposita
1207 1751 1268 1781 aut
1291 1747 1422 1780 omissa
1446 1747 1470 1781 4
1494 1745 1554 1782 68.
1598 1744 1626 1779 G

185 1809 245 1852 61,
276 1807 299 1843 2
323 1808 371 1843 83
397 1813 433 1843 et
456 1808 505 1844 89
531 1812 566 1842 et
593 1807 673 1843 100.
953 1807 1012 1842 37.
1039 1818 1108 1852 que
1135 1817 1198 1851 pro
1226 1811 1262 1841 et
1289 1806 1320 1841 A
1345 1805 1404 1839 44.

138 1868 278 1915 eligunt
304 1867 400 1903 feras
426 1868 455 1903 G
481 1869 538 1903 17.
905 1866 1104 1901 Etesiarum
1132 1867 1234 1900 flatus
1262 1867 1295 1900 A
1319 1867 1340 1900 2
1367 1865 1426 1900 98.

137 1927 277 1974 ellipsis
302 1927 469 1963 vocabuli
502 1937 594 1962 uxor
618 1925 642 1962 4
670 1928 724 1960 11.
759 1925 860 1960 verbi
910 1932 947 1961 et
972 1932 1044 1960 tum
1071 1926 1189 1961 differt
1209 1937 1229 1960 a
1256 1930 1328 1959 tum
1356 1929 1391 1959 et
1415 1925 1437 1958 2
1461 1923 1522 1958 44.

188 1987 453 2022 memorabatH
473 1989 494 2022 5
522 1986 578 2021 16.
608 1985 786 2033 agebatA
807 1987 860 2023 19.
912 1990 947 2020 et
973 1996 1036 2030 pro
1072 1987 1178 2020 etiam
1214 1985 1239 2018 4
1267 1984 1322 2020 18.
1364 1983 1532 2017 omissum
1567 1981 1628 2016 vi-

138 2047 349 2094 eloquentia
384 2045 670 2093 (kunsnerische
695 2045 860 2080 Darstel-
958 2046 1062 2080 detur
1097 2047 1125 2080 fl
1165 2045 1188 2080 3
1221 2045 1280 2080 83.
1329 2043 1422 2078 idem
1459 2041 1552 2088 quod
1592 2046 1628 2075 et

184 2107 275 2155 lung·
299 2107 409 2142 durch
438 2107 496 2142 die
523 2106 640 2153 Rede)
668 2105 697 2141 Ο
727 2107 782 2142 10.
957 2116 1043 2140 sane
1071 2107 1111 2140 11
1143 2105 1186 2140 10
1206 2110 1241 2139 et
1264 2104 1323 2139 37.
1354 2105 1380 2138 Η
1406 2105 1419 2137 1
1448 2103 1507 2145 48,
1534 2103 1556 2137 5
1580 2101 1625 2136 21

116 2167 290 2206 ,eluctari
319 2169 346 2202 ll
373 2169 397 2203 3
421 2168 480 2203 59.
957 2171 992 2200 et
1016 2167 1073 2200 22.
1101 2165 1132 2199 A
1161 2164 1214 2199 16.
1253 2163 1483 2207 explicationi
1514 2161 1626 2195 servit

137 2227 286 2262 eludere
316 2227 358 2262 16
385 2227 443 2262 28.
958 2226 984 2258 11
1019 2228 1033 2258 1
1059 2225 1106 2259 45
1134 2228 1170 2257 et
1195 2223 1252 2258 70.
1279 2223 1311 2256 Α
1342 2222 1393 2257 16.
1433 2220 1626 2254 introducit

138 2287 360 2334 emergentis
402 2285 491 2321 solis
531 2286 646 2320 audiri
676 2294 802 2319 sonum
829 2285 857 2319 G
955 2284 1224 2328 responsionem
1253 2281 1281 2316 Ο
1306 2281 1341 2315 4.

183 2348 244 2383 45.
910 2343 1066 2378 evehere
1093 2347 1129 2376 et
1153 2342 1309 2376 avehere
1339 2340 1381 2376 16
1412 2341 1470 2376 23.

137 2410 271 2444 eminet
296 2412 332 2443 et
356 2405 502 2441 excellit
530 2405 558 2440 Ο
583 2406 642 2441 32.
904 2404 1051 2438 evenire
1077 2407 1112 2436 et
1137 2402 1263 2436 venire
1288 2411 1366 2435 cum
1389 2399 1510 2434 dativo
1535 2408 1621 2444 per-

137 2478 309 2516 equorum
332 2467 521 2512 praesagia
543 2464 637 2510 apud
662 2463 855 2499 Germanos
953 2473 1062 2497 sonae
1094 2462 1139 2497 14
1163 2462 1221 2497 52.

186 2533 222 2563 et
249 2527 375 2562 Persas
403 2527 431 2560 G
462 2527 513 2561 10.
542 2525 658 2558 studia
686 2524 714 2558 Ο
740 2523 799 2558 29.
907 2524 1076 2558 evincere
1101 2521 1123 2556 3
1147 2521 1206 2556 46.

137 2593 276 2624 erectas
303 2587 435 2622 Gallias
469 2585 512 2619 ad
548 2595 678 2619 nomen
705 2583 860 2618 dictato-
910 2582 1090 2617 exactioni
1142 2580 1423 2625 praepositorum
1466 2576 1623 2611 officium

187 2650 291 2690 rium,
319 2657 386 2681 nec
412 2646 527 2679 minus
544 2653 736 2688 suspensos
753 2643 861 2677 Asiae
957 2641 1091 2676 ambitu
1116 2651 1158 2674 ac
1191 2648 1339 2672 numero
1374 2645 1563 2671 onerosum
1591 2634 1622 2669 fl

185 2707 339 2754 populos
366 2704 578 2741 claritudine
606 2704 782 2738 aviDrusi
811 2703 854 2737 14
954 2704 970 2734 1
999 2702 1058 2736 20.
1091 2699 1136 2734 cr.
1166 2710 1195 2733 c.
1223 2698 1281 2734 90.

187 2769 246 2804 57.
908 2772 952 2795 ex
978 2769 1093 2805 aequo
1118 2769 1227 2805 agere
1251 2758 1283 2792 A
1308 2757 1365 2793 20.

139 2827 267 2864 eodem
290 2836 405 2870 anno,
439 2825 678 2859 narrationem
705 2831 859 2857 conver·
908 2831 953 2855 ex
978 2818 1146 2855 adfluenti
1181 2818 1209 2853 fl
1243 2819 1259 2852 1
1287 2816 1345 2853 57.
1394 2825 1438 2850 ex
1468 2812 1567 2849 facili
1591 2810 1624 2849 A

186 2887 296 2925 tentis
321 2885 474 2924 formula
503 2887 518 2921 1
548 2884 607 2922 53.
957 2879 1012 2916 15.
