1768 3216
129 202 157 228 ι
178 190 219 228 0.
243 191 303 228 69.
605 188 742 224 LIBER
765 188 809 225 11.
862 187 949 224 Cn.
977 187 1133 224 64—66.
1563 189 1636 223 157

129 309 287 353 midine
315 309 538 352 retinebat.
598 309 691 351 Non
723 307 835 349 idem
862 306 1071 349 Trebellio
1100 307 1281 348 Maximo
1320 305 1471 348 honos.
1531 305 1637 347 Pro-

131 384 299 440 fugerat
324 384 541 426 Britannia
576 383 630 425 ob
662 382 920 424 iracundiam
967 382 1161 424 militum:
1203 382 1356 424 missus
1394 385 1460 424 est
1499 381 1541 422 in
1571 380 1640 422 lo-

132 472 227 502 cum
258 459 349 501 eius
381 459 540 501 Vettius
570 457 752 499 Bolanus
785 471 808 499 e
837 455 1143 511 praesentibus.

61 537 120 576 66
244 533 442 588 Angebat
477 532 685 574 Vitellium
715 532 920 581 victarum
952 531 1166 586 legionum
1197 531 1515 586 haudquaquam
1548 530 1642 572 sra-

133 610 224 649 ctus
267 607 443 650 animus,
518 607 700 661 Sparsae
741 618 819 660 per
857 605 1016 647 Italiam
1064 609 1104 647 et
1142 606 1372 647 victoribus
1411 605 1674 659 permixtaes

131 681 302 724 hostilia
331 682 638 736 loquebantur,
682 682 907 735 praecipua
950 681 1414 734 quartadecimanorum
1463 682 1640 734 ferocia,
1682 729 1689 732 ,

133 757 204 810 qui
234 769 282 798 se
310 757 446 798 victos
478 756 736 797 abnuebant:
780 756 935 809 quippe
965 755 1240 797 Bedriacensi
1280 756 1373 797 acie
1412 756 1642 797 vexillariis
1660 741 1717 787 su

131 834 292 872 tantum
332 830 462 885 pulsis
502 831 616 871 vires
656 830 841 884 legionis
883 842 968 870 non
1010 830 1212 871 adfuisse.
1290 830 1458 872 Remitti
1490 830 1639 877 cosin
1711 813 1768 875 (33

132 905 406 958 Britanniam,
435 906 549 946 unde
585 918 607 947 a
638 906 807 947 Nerone
839 905 966 946 exciti
998 909 1131 956 erant,
1163 905 1342 958 placuit,
1375 909 1498 959 atque
1532 905 1645 945 inte*-

132 981 214 1023 rim
237 980 487 1024 Batavorum
529 980 727 1021 cobortes
768 992 849 1021 una
900 979 1074 1021 tendere
1116 979 1170 1020 ob
1210 984 1396 1021 veterem
1438 979 1691 1021 adversusto

135 1056 529 1111 quartadecimanos
571 1055 842 1097 discordiam.
902 1054 989 1096 Nec
1031 1055 1102 1096 diu
1142 1054 1182 1095 in
1224 1055 1351 1096 tantis
1389 1059 1642 1096 armatorum

137 1131 248 1174 odiis
280 1132 398 1185 quies
429 1131 518 1173 suit.
580 1131 796 1186 Augustae
828 1130 1126 1182 Taurinorum,
1159 1130 1253 1171 dum
1289 1129 1479 1184 opificem
1510 1142 1646 1184 quen-

137 1206 232 1248 dam
258 1205 438 1248 Batavus
467 1209 513 1246 ut
543 1205 826 1247 fraudatorem
858 1204 1103 1256 insectatur,
1138 1193 1396 1258 legionarius
1426 1208 1471 1245 ut
1497 1204 1646 1257 hospi-

137 1285 219 1323 tem
248 1284 400 1333 tuetur,
433 1281 498 1322 sui
529 1280 680 1334 cuique
712 1279 1019 1321 commilitones
1049 1279 1271 1334 adgregati
1302 1292 1324 1321 a
1360 1279 1565 1320 conviciis
1594 1278 1645 1319 ad

139 1355 313 1398 caedem
344 1356 565 1397 transiere.
617 1355 667 1395 Et
697 1355 901 1408 proelium
934 1359 1055 1395 atrox
1085 1354 1274 1407 arsisset,
1309 1354 1352 1395 ni
1382 1354 1491 1396 duae
1520 1366 1700 1407 prae-15

136 1431 272 1472 toriae
302 1430 500 1471 cohortes
543 1441 711 1471 causam
748 1429 1210 1483 quartadecimanorum
1241 1432 1413 1470 secutae
1439 1428 1647 1492 Qfidu-
1691 1426 1748 1469 (Ἰ

138 1504 248 1556 ciam
279 1508 322 1545 et
351 1508 502 1545 metum
533 1503 701 1545 Batavis
734 1501 950 1545 fecissent.
1015 1504 1128 1552 Quos
1158 1503 1349 1545 Vitellius
1381 1503 1537 1558 agmini
1568 1514 1645 1543 suo
1685 1516 1727 1550 2--

82 1602 87 1605 «
136 1579 255 1635 iungi
283 1583 329 1620 ut
356 1579 495 1631 lidos,
541 1578 754 1633 legionem
797 1578 917 1620 Grais
962 1577 1136 1632 Alpibus
1177 1578 1410 1619 traductam
1452 1589 1503 1618 eo
1535 1578 1645 1619 flexu

285 1711 317 1744 1.
344 1709 533 1743 mndidem
558 1707 624 1743 hia.

145 1759 180 1794 5.
203 1759 378 1805 permixte
402 1757 468 1792 Ma.

138 1808 334 1842 exarsisset
357 1806 400 1841 A.

746 1710 780 1744 2.
816 1709 910 1743 briei.
940 1707 1005 1742 Ma.
1130 1709 1165 1743 3.
1203 1709 1326 1742 beltius
1351 1708 1416 1752 Ma,
1444 1709 1574 1744 beotius
1601 1709 1640 1744 G.

569 1758 602 1792 9.
631 1757 724 1791 briae.
753 1756 817 1791 Ma.
909 1757 963 1791 12.
993 1763 1143 1802 auqusla
1163 1756 1237 1791 Ma:
1266 1757 1294 1791 G
1320 1758 1510 1803 Anquslae.
1581 1760 1636 1793 15.
1681 1774 1685 1780 ·

480 1806 536 1841 18.
568 1812 650 1852 yrat
675 1805 830 1852 salpibus
854 1805 920 1849 Ma,
951 1806 1056 1840 Grais
1082 1806 1163 1850 Atp.
1185 1806 1232 1840 G:
1261 1806 1382 1840 Graiis
1405 1806 1486 1853 Alp.
1516 1807 1642 1853 vulgo.

138 1931 300 1968 cedentis
325 1930 708 1980 nominis(Vitellium)
734 1931 854 1966 littera

138 1983 257 2016 natam
284 1990 364 2015 esse
391 1979 543 2014 affirmo.

926 1932 1205 1966 concinnitatem
1241 1931 1477 1965 membrorum
1513 1931 1644 1965 infrin-

925 1981 991 2026 git.
1022 1980 1108 2014 Nam
1135 1980 1368 2025 subsequenti
1387 1979 1543 2015 Vitellius
1556 1979 1642 2014 Clu-

211 2028 478 2076 diplomalilms:
513 2039 615 2063 casus
643 2034 697 2063 est
722 2028 855 2063 harba-

138 2089 198 2112 rus
232 2077 401 2112 vocabuli
442 2077 590 2119 Graeci,
640 2083 676 2111 et
709 2078 855 2111 auribus

139 2127 264 2172 politis
289 2127 405 2172 magis
440 2128 611 2160 convenit
643 2126 853 2172 diplomatis,

139 2180 180 2209 ut
213 2180 268 2210 est
301 2174 396 2219 apud
424 2174 579 2209 Graecos
616 2174 854 2221 διηλώμασι,

140 2223 204 2258 sed
229 2222 434 2258 terminatio
461 2223 588 2256 fortior
626 2223 683 2257 his
715 2229 857 2267 tempo-

139 2272 239 2306 ribus
264 2271 492 2306 invalescere
517 2265 658 2315 coepit,
685 2272 859 2316 quemad-

140 2320 283 2354 modum
319 2319 561 2365 diplomatibus
597 2319 740 2353 admisit
766 2320 859 2354 Sue-

141 2369 261 2403 tonius
298 2368 392 2414 Aug.
426 2368 493 2411 50,
542 2366 623 2402 oth.
666 2369 699 2403 7.
752 2367 858 2403 Conf.

142 2416 250 2453 Conr.
285 2416 484 2453 Schneider
519 2417 556 2450 in
595 2416 746 2451 Gramm.
780 2416 857 2452 Lat.

141 2466 222 2502 11-1
248 2476 284 2511 p.
310 2465 394 2501 269.

214 2515 426 2550 Arruntium
467 2513 622 2548 Tiberius
649 2514 786 2548 Caesar
819 2515 859 2548 ob

142 2569 292 2598 ndum.-
332 2573 353 2596 a
390 2563 536 2596 nomine
573 2562 784 2596 Arruntium
823 2564 858 2596 in

143 2610 198 2647 Μ’
225 2611 335 2656 plene
358 2616 543 2644 asservato
560 2612 656 2654 prior
676 2612 859 2657 genitivus

145 2660 312 2694 Arruntii
326 2658 553 2692 oblitteratus
571 2664 637 2701 est,
667 2661 746 2694 sive
766 2662 861 2694 scri-

144 2707 191 2742 ba
214 2707 296 2741 libri
323 2705 475 2740 Medicei
503 2707 690 2740 oculorum
712 2708 860 2742 aberra-

146 2757 246 2789 tione
272 2756 472 2801 genitivum
489 2754 663 2800 neglexit,
692 2756 771 2790 sive
791 2757 860 2791 du·-

147 2804 245 2849 plice
257 2804 402 2838 nomine
427 2803 588 2837 turbatus
601 2803 751 2837 alterum
771 2810 863 2839 tam..

148 2863 253 2899 quam
266 2852 398 2886 vitiose
409 2853 600 2896 repetitum
614 2853 745 2887 omisit.
762 2852 863 2895 Quod

147 2900 305 2936 Pichena
332 2900 454 2935 intulit
480 2911 577 2942 eum,
605 2900 674 2934 hoc
700 2902 736 2934 in
761 2903 863 2946 prin-

149 2951 245 2996 cipio
272 2949 358 2984 novi
397 2950 572 2986 enuntiati
612 2954 649 2984 et
681 2948 792 2996 friget
828 2954 864 2985 et

924 2031 1017 2063 eiam
1043 2030 1136 2063 iuste
1170 2028 1365 2073 respondet
1401 2034 1461 2063 aut
1491 2029 1644 2063 Tiberius

924 2079 1135 2112 Arruntium
1169 2083 1229 2111 aut
1257 2088 1321 2122 per
1346 2077 1541 2112 chiasmum
1569 2078 1644 2112 Ar-

924 2128 1080 2161 runtium
1110 2127 1275 2161 Tiberius.
1327 2127 1414 2160 Rem
1455 2126 1524 2160 hoc
1563 2127 1643 2160 loco

927 2176 1077 2209 strictim
1125 2177 1437 2209 commemoratam
1487 2176 1645 2209 narravit

929 2225 963 2257 in
990 2223 1190 2257 Annalibus
1218 2223 1261 2257 v1
1287 2225 1344 2258 27.

1009 2272 1175 2306 Trebellio
1204 2272 1384 2306 Maximo.-
1413 2272 1460 2306 cf.
1491 2272 1534 2306 H.
1554 2271 1643 2307 160.

928 2322 1014 2366 Agr.
1047 2320 1102 2354 16.

1003 2367 1088 2412 Cap.
1104 2368 1164 2403 66.
1192 2368 1391 2403 vexillariis
1413 2374 1546 2403 tantum
1563 2367 1645 2414 pnl-

927 2419 1001 2451 sis:
1027 2417 1074 2451 cf.
1103 2428 1180 2461 cap.
1206 2418 1267 2453 43.
1366 2418 1406 2451 ob
1432 2423 1583 2451 veterem
1602 2437 1645 2444 --

929 2466 1163 2500 discordiam:
1200 2466 1246 2500 de
1287 2466 1354 2500 hac
1382 2466 1533 2500 relatum
1563 2466 1603 2500 Η.
1631 2465 1645 2499 Ι

930 2515 976 2550 59
1002 2519 1038 2548 et
1064 2513 1123 2556 64,
1147 2513 1178 2548 11
1205 2515 1264 2550 27.

1002 2563 1108 2597 Grais
1138 2563 1303 2609 Alpibus:
1345 2564 1381 2596 in
1413 2562 1464 2597 Ma
1490 2563 1646 2606 vestigia

928 2618 1010 2657 9rat
1035 2611 1188 2656 salpibus
1218 2623 1305 2646 vere
1348 2613 1513 2645 restituta
1547 2615 1646 2655 (nam

928 2666 1009 2706 grat
1035 2670 1098 2704 pro
1123 2662 1206 2705 grai
1232 2671 1275 2694 ex
1303 2661 1448 2703 antiqua
1470 2661 1647 2702 scriptura

930 2714 965 2742 et
991 2709 1016 2741 T
1044 2719 1107 2752 pro
1139 2708 1173 2750 1,
1208 2719 1299 2752 quae
1331 2707 1473 2740 litterae
1510 2706 1558 2739 ibi
1588 2706 1646 2739 sa-

934 2756 1004 2790 cile
1015 2762 1208 2798 mutantur,
1235 2756 1350 2799 posita
1364 2755 1550 2800 provenit)
1570 2754 1647 2788 for..

932 2815 1023 2838 mam
1054 2805 1159 2838 Grais
1184 2808 1385 2848 suggerunt
1411 2807 1447 2836 et
1473 2802 1563 2837 haee
1589 2804 1648 2836 in-

934 2858 989 2886 est
1015 2852 1107 2886 libro
1136 2851 1430 2894 Guelferbytano.
1457 2851 1556 2885 Hanc
1581 2862 1647 2885 eo-

934 2901 1013 2934 deni
1049 2902 1126 2933 iure
1167 2899 1333 2943 praefero
1372 2900 1476 2934 alteri
1515 2900 1647 2943 Graiis,

934 2959 1003 2995 quo
1031 2949 1101 2983 Gai
1129 2958 1193 2994 pro
1223 2948 1316 2991 Gaii,
1342 2949 1450 2984 Antei
1477 2958 1542 2994 pro
1568 2948 1648 2984 An-
