1768 3216
11 173 24 205 i?
70 178 92 220 ζ’

3 160 96 250 ιλ»

72 105 218 209 fo>

139 201 212 237 264

146 388 276 443 patria
307 383 561 426 bellavimus.

13 321 110 622 ᾗ

739 183 1048 222 HISTORIARVM

1431 193 1464 219 a.
1489 192 1528 219 ιι.
1553 180 1638 220 822.

143 316 200 358 sis
219 347 231 367 ‚
281 324 360 367 quo
392 313 528 352 tantae
560 305 690 348 cladis
720 303 852 357 pretio
870 303 893 345 ?
950 301 1070 345 Stetit
1098 299 1312 357 incolume,
1338 299 1533 354 quamdiu
1562 311 1637 355 pro

623 379 806 419 Voverat
836 376 1082 430 Tarquinius
1112 375 1277 416 Priscus
1308 387 1386 417 rex
1414 374 1525 417 bello
1558 374 1639 419 Sa-

143 463 264 510 bino,
314 458 551 507 ieceratque
583 451 850 494 fundamenta
882 462 956 504 spe
986 449 1120 504 magis
1152 449 1314 491 suturae
1343 448 1641 503 magnitudinis

143 545 267 587 quam
285 542 363 584 quo
396 528 587 570 modicae
617 527 751 568 adhuc
785 525 924 580 populi
954 524 1130 567 Romani
1149 536 1217 566 res
1241 523 1494 567 sufficerent.
1545 523 1643 568 Mox

88 606 305 649 sservius
346 603 498 644 Tullius
552 601 766 643 sociorum
807 599 975 665 studio,
1027 599 1124 640 dein
1154 597 1400 652 Taiquinius
1432 588 1648 653 Superbus

597 652 815 666 ,mr—mm

101 707 105 710 -
140 684 257 734 capta
300 679 454 741 Suessa
484 676 667 717 Pometia
698 661 885 717 hostium
910 674 1054 728 spoliis
1087 677 1324 715 extruxere.

140 754 277 807 operis
302 733 477 820 {patrati
515 750 697 800 libertati
746 752 986 791 reservata:

1387 672 1470 716 Sed
1503 672 1642 728 gloria

1036 747 1166 802 pulsis
1214 747 1386 802 regibus
1445 746 1640 789 Horatius

136 816 341 869 Pulvillus
346 826 493 866 iterum
508 823 654 865 consul
673 823 900 876 dedicavit,
920 836 969 864 ea
988 822 1296 877 magnificentia
1318 833 1439 876 quam
1462 821 1642 863 immen-

139 914 211 943 sae
227 904 372 954 postea
391 899 531 952 populi
553 898 727 941 Romani
752 909 852 951 opes
880 900 1081 939 ornarent
1105 897 1242 950 potius
1269 907 1391 949 quam
1419 899 1637 951 augerent.

90 986 127 1014 ιο
139 975 274 1016 Isdem.
305 986 446 1016 rursus
476 973 666 1027 vestigiis
698 973 819 1014 situm
852 977 928 1025 est,
955 976 1171 1026 postquam
1194 971 1412 1012 interiecto
1437 969 1640 1024 quadrin-

156 1053 374 1104 gentorum
426 1047 662 1102 quindecim
703 1059 905 1089 annorum
950 1047 1084 1101 spatio
1123 1046 1253 1087 Lucio
1295 1045 1493 1099 Scipione
1537 1044 1641 1087 Gaio

279 1170 308 1200 1.
348 1166 422 1212 filio
461 1166 526 1200 Ma.

137 1227 202 1262 pro
226 1216 347 1260 patria
372 1214 598 1249 bellavimus?

136 1265 273 1310 patrati
299 1269 351 1297 est
379 1263 421 1298 ab
451 1263 599 1297 editore.

142 1313 261 1347 consul
292 1312 330 1346 G.
407 1313 491 1346 inm.
517 1310 581 1345 Ma.

142 1361 180 1395 G.
270 1362 323 1394 11.
354 1359 392 1394 L.
422 1359 484 1393 Ma.
578 1359 617 1393 C.
649 1358 714 1393 iila.

211 1487 300 1520 stetit
339 1486 543 1529 incolume,
585 1486 753 1532 quamdiu
789 1497 854 1532 pro

136 1536 259 1582 patria
285 1535 505 1569 bellavimus:
535 1537 604 1568 iam
624 1535 725 1569 locus
740 1546 854 1580 paene

111 1608 114 1613 .
142 1583 350 1628 desperatus
378 1584 692 1629 conclamatusque
719 1585 748 1617 si
784 1594 855 1616 non

141 1634 284 1666 omnino
312 1632 521 1675 convaluit,
561 1638 658 1666 certe
686 1643 729 1666 eo
755 1633 856 1665 sani-

142 1682 222 1714 tatis
251 1681 414 1715 redactus
442 1681 597 1723 videtur,
625 1692 694 1726 quo
721 1690 855 1725 perve-

140 1731 217 1763 nire
245 1735 374 1774 potest.
412 1730 559 1763 Scilicet
584 1740 707 1763 omnes
731 1729 855 1762 turbae

140 1778 222 1812 inde
249 1783 353 1812 natae
382 1783 476 1820 sunt,
502 1778 596 1822 quod
614 1778 762 1812 verbum
785 1784 857 1810 ste-

141 1827 180 1860 tit
207 1837 285 1860 cum
311 1828 532 1871 praegressis
568 1826 659 1860 falso
698 1827 855 1859 iunctum

143 1879 222 1917 est,
263 1885 342 1908 cum
368 1876 547 1918 pertineat
578 1875 622 1908 ad
654 1874 855 1919 sequentia.

142 1923 283 1956 Hiatum
313 1923 366 1955 sic
392 1922 468 1956 fere
496 1922 730 1966 expleverim,
758 1927 796 1955 ut
820 1922 856 1954 in

142 1970 331 2004 verborum
360 1975 529 2004 contextu
563 1971 756 2004 indicatum
784 1974 857 2004 est:

143 2019 221 2062 ipsa
245 2017 355 2051 verba
381 2028 453 2052 non
485 2023 640 2062 praesto.
709 2018 747 2051 ln
774 2017 857 2052 vul-

144 2071 227 2112 gata
272 2067 448 2110 scriptura
493 2066 629 2112 (quibus
680 2077 859 2099 armorum

145 2115 282 2157 causis,
325 2125 388 2158 quo
433 2120 553 2148 tantae
594 2114 705 2148 cladis
744 2116 857 2160 pretio

143 2163 234 2197 stetit
245 2163 277 2207 ?)
305 2163 420 2196 inanis
448 2173 551 2209 quam
569 2163 721 2196 maxime
745 2173 858 2207 quae-

143 2211 225 2253 stio,
252 2211 379 2256 quibus
406 2222 581 2245 armorum
609 2212 727 2246 causis
752 2217 856 2245 stete-

144 2261 190 2294 rit
217 2258 458 2303 Capitolium:
493 2262 599 2293 immo
634 2259 762 2306 quibus
799 2270 859 2293 ar..

143 2318 278 2341 morum
306 2309 421 2342 causis
450 2309 635 2342 incensum
663 2309 728 2351 sit,
763 2308 859 2342 indi-

145 2356 285 2402 gnando
321 2367 494 2401 quaerere
526 2357 649 2390 debuit
686 2362 856 2390 narrator.

144 2404 222 2438 Non
253 2406 369 2437 minus
405 2405 495 2439 falso
539 2406 740 2450 quaeritur,
788 2415 858 2450 quo

145 2457 264 2486 tantae
304 2452 413 2486 cladis
455 2454 571 2497 pretio
619 2454 654 2486 id
698 2455 857 2496 steterit,

146 2500 240 2545 quod
278 2510 348 2533 non
392 2502 489 2534 stetit
526 2501 587 2535 sed
635 2501 857 2546 deflagravit.

145 2548 245 2582 Haud
289 2549 395 2582 dubie
438 2549 557 2582 dicere
604 2549 718 2583 voluit
762 2555 858 2583 tanta

145 2596 246 2630 clade
297 2598 544 2641 pretiosissimi
600 2598 722 2642 templi
769 2598 857 2631 nihil

144 2645 234 2679 lucri
262 2646 410 2689 adeptos
437 2656 517 2680 esse
549 2657 667 2691 neque
702 2647 858 2680 victores

143 2703 261 2738 neque
287 2695 414 2729 victos.
441 2694 622 2728 Postremo
652 2696 686 2728 in
713 2695 859 2741 vulgata

144 2742 304 2776 succedit
330 2744 493 2788 quaestio
528 2749 608 2789 (pro
637 2744 759 2789 patria
785 2744 858 2777 bel-

145 2789 290 2824 lavimus
303 2791 336 2838 ?)
358 2819 366 2833 ,
409 2803 478 2837 qua
504 2791 655 2825 otiosior
684 2797 718 2826 et
745 2793 859 2839 magis

144 2839 264 2882 inepta
295 2841 446 2885 cogitari
472 2841 608 2885 nequit.

215 2894 356 2921 voverat
396 2889 601 2933 Tarquinius
637 2888 775 2922 Priscus
825 2912 856 2916 m

146 2934 285 2976 suturae
310 2937 581 2981 maynitudinis:
618 2936 708 2972 haec
735 2941 770 2971 et
797 2948 861 2973 ce-

611 1166 725 1212 pretio
753 1186 799 1192 —
825 1164 1028 1199 bellavimus
1053 1164 1192 1198 editor.
1233 1164 1368 1210 vulgo
1377 1173 1422 1208 pr
1425 1163 1491 1196 etio
1518 1163 1640 1197 stetit?

695 1215 730 1248 4.
758 1225 851 1259 quan
876 1212 941 1248 Ma.

699 1262 734 1296 8.
759 1262 927 1308 puluilius
954 1260 1028 1296 Ma.

661 1312 716 1346 10.
739 1311 1077 1356 quadringentorum
1103 1309 1300 1354 quindecim
1326 1306 1406 1342 Ma:

1316 1212 1343 1246 G
1368 1211 1504 1246 deinde.
1607 1211 1641 1246 7.

1397 1259 1538 1293 consule
1564 1259 1640 1294 Ma·

1436 1307 1595 1342 CCCCX
1601 1307 1640 1343 V

1044 1214 1078 1248 5.
1106 1212 1187 1246 dein
1213 1211 1287 1247 Ma:

1066 1261 1231 1307 puluillus
1258 1260 1297 1294 G.

923 1491 1000 1520 tera
1029 1495 1142 1531 usque
1169 1485 1211 1519 ad
1230 1485 1335 1518 linem
1355 1485 1482 1530 capitis
1503 1485 1643 1520 addun-

924 1541 1002 1578 tur,
1038 1539 1077 1567 ut
1113 1533 1283 1578 probetur
1316 1535 1515 1576 sententia,
1550 1533 1641 1568 nihil

925 1582 1103 1628 Capitolio
1134 1583 1329 1624 accidisse,
1365 1582 1534 1627 quamdiu
1567 1583 1644 1617 Ro..

925 1633 1018 1666 mani
1035 1631 1206 1665 adversus
1233 1636 1401 1665 externos
1416 1631 1644 1673 bellaverint,

924 1680 1032 1714 bellis
1059 1684 1177 1713 autem
1206 1679 1374 1713 civilibus
1402 1679 1539 1714 cladem
1567 1680 1644 1714 eius

924 1729 1128 1763 inchoatam
1160 1738 1250 1762 esse.
1294 1727 1348 1762 De
1373 1738 1411 1762 re
1443 1728 1540 1768 cont.
1565 1727 1642 1764 Liv.

926 1777 938 1811 l
965 1778 1035 1812 38:
1076 1787 1200 1810 aream
1235 1777 1283 1810 ad
1308 1777 1428 1810 aedem
1465 1777 1504 1810 in
1531 1776 1644 1823 Capi-

926 1825 1008 1859 tolio
1038 1825 1142 1868 Iovis,
1169 1836 1271 1869 quam
1295 1831 1440 1859 voverat
1459 1824 1546 1859 betto
1568 1827 1641 1860 Sa-

926 1874 1025 1916 bino,
1065 1875 1136 1906 iam
1162 1875 1412 1918 pmcsayiente
1439 1874 1556 1908 animo
1583 1876 1643 1919 fu-

926 1928 1041 1955 turam
1067 1921 1149 1954 olim
1174 1922 1437 1967 amplitudinem
1462 1921 1552 1965 loci,
1582 1934 1644 1956 oc-

927 1976 1031 2015 cupat
1059 1970 1308 2014 fundamentis.
1356 1970 1456 2012 Quae
1481 1971 1645 2015 ascripsi,

927 2022 966 2051 ut
994 2022 1115 2062 pateat
1147 2019 1367 2062 comparanti
1405 2018 1550 2064 singula
1582 2018 1645 2052 Li-

926 2067 1024 2100 vium
1047 2066 1166 2099 Tacito
1195 2065 1322 2100 ducem
1349 2067 1385 2099 in
1413 2066 1468 2100 his
1494 2066 1619 2102 fuisse.

1012 2126 1092 2148 mox
1126 2114 1269 2148 Servius
1310 2114 1438 2148 Tullius
1472 2116 1646 2150 sociorum

926 2163 1060 2196 studio.-
1089 2162 1234 2197 Servius
1259 2164 1433 2197 sociorum
1455 2164 1567 2198 studio
1588 2164 1645 2198 sa-

926 2221 1009 2244 num
1036 2211 1173 2245 Dianae
1200 2212 1236 2244 in
1264 2212 1446 2246 Aventino
1476 2211 1564 2246 fecit
1588 2215 1643 2258 (v.

927 2259 1002 2292 Liv.
1031 2259 1046 2292 Ι
1070 2259 1129 2303 45,
1160 2259 1310 2304 Dionys.
1339 2261 1514 2306 Antiquit.
1541 2261 1643 2296 Rom.

927 2307 976 2340 lv
1007 2308 1083 2353 16),
1111 2308 1155 2342 de
1183 2308 1362 2353 Capitolio
1391 2309 1506 2344 Servii
1535 2318 1646 2355 opera

927 2356 1114 2390 aedificato
1143 2357 1233 2390 nihil
1260 2357 1346 2391 alibi
1374 2358 1548 2392 refertur:
1576 2358 1645 2392 im-

927 2414 983 2437 mo
1011 2416 1055 2439 ex
1082 2405 1227 2450 regibus
1254 2415 1359 2439 nemo
1386 2411 1511 2440 auctor
1525 2407 1646 2450 operis

927 2454 995 2486 nisi
1022 2458 1173 2497 uterque
1200 2453 1420 2498 Tarquinius.
1483 2454 1605 2488 Livius
1630 2454 1645 2488 1

928 2501 994 2534 55:
1034 2501 1238 2545 Tarquinios
1277 2513 1376 2546 reyes
1411 2502 1510 2535 ambo
1531 2528 1541 2544 ‚
1571 2513 1642 2547 pa-

927 2555 1014 2582 trem
1039 2550 1182 2590 vovisse,
1206 2548 1315 2593 filium
1340 2551 1542 2595 perfecisse.
1575 2550 1644 2583 Sed

928 2596 1022 2642 quod
1060 2598 1253 2641 praecipue
1293 2600 1423 2632 erroris
1469 2609 1490 2631 a
1523 2597 1644 2632 Tacito

928 2647 1105 2680 commissi
1160 2647 1415 2692 cogitat-ionem
1462 2647 1643 2693 suggerit,

929 2699 982 2727 cst
1009 2694 1163 2728 additum
1191 2697 1366 2729 sociorum
1390 2695 1526 2729 studio.-
1563 2706 1644 2729 nam

929 2753 1113 2778 commune
1141 2742 1257 2776 Latini
1290 2745 1444 2778 nominis
1472 2743 1643 2788 templum

927 2802 997 2824 non
1031 2791 1245 2836 Capitolium
1282 2792 1372 2834 fuit,
1417 2792 1480 2826 sed
1518 2795 1642 2838 fanum

928 2840 1081 2874 Dianae.
1111 2839 1326 2884 Capitolium
1350 2841 1478 2885 pignus
1503 2841 1643 2886 imperii

927 2888 1007 2930 fuit,
1033 2899 1103 2922 non
1129 2889 1286 2923 foederis
1313 2889 1557 2924 societatisve.
1587 2888 1642 2923 De

931 2936 1071 2972 alienae
1106 2947 1230 2972 manus
1267 2935 1507 2972 additamento
1548 2946 1642 2984 quo-
