1768 3216
703 199 1050 238 ANNOTATIOMS.

133 324 283 360 corpore
308 314 460 351 infames
486 314 515 350 G
543 316 598 351 12.

131 385 260 422 corpus
292 376 317 411 i.
351 387 383 411 e.
416 375 671 421 Korperschaft
718 377 747 412 G
791 378 849 414 39.

181 440 342 471 extremo
368 441 465 471 metu
492 429 650 482 corpora
666 437 699 472 Α
722 437 781 473 34.

132 497 270 531 eortina
286 497 552 543 significatione
568 497 740 532 translata
753 498 781 533 Ο
799 499 851 534 19.

134 557 339 592 covinarius
366 567 477 603 eques
502 559 535 592 A
559 559 618 594 35.
660 560 738 592 eius
767 569 857 593 con..

178 617 332 652 suetudo
358 619 393 652 in
422 619 614 665 pugnando
629 619 660 653 A
677 620 720 653 12
737 623 772 654 et
793 620 850 655 36.

136 676 175 712 L.
204 676 351 711 Crassus
388 678 528 724 quando
562 676 762 714 Carbonem
788 690 852 714 ac-

187 738 367 772 cusaverit
394 738 423 773 0
452 738 513 773 34.

133 797 326 832 crebritate
350 799 613 843 periculorum,
651 808 721 833 non
748 798 852 834 cele-

179 857 308 892 britate
337 858 381 894 16
405 858 463 893 29.

132 916 328 953 creditores
365 918 403 952 in
436 917 589 952 solidum
621 918 850 963 appellabant

180 977 204 1012 6
233 974 288 1012 17.

133 1036 279 1072 credula
304 1037 399 1072 fama
424 1037 451 1071 11
481 1038 499 1072 1
526 1036 584 1072 34.

133 1098 242 1133 cruda
266 1108 310 1133 ac
336 1097 462 1133 viridis
488 1102 655 1133 senectus
681 1099 712 1133 A
742 1099 800 1135 29.

133 1163 262 1194 cuncta
287 1157 408 1205 legum
428 1162 463 1193 et
479 1159 747 1205 magistratuum
770 1170 850 1195 mu-

180 1219 241 1253 nia
269 1219 311 1253 11
341 1219 376 1253 5.

138 1279 363 1314 cunctantior
389 1288 433 1312 an
460 1280 660 1313 cunctatior
686 1279 712 1312 H
739 1279 762 1314 3
785 1277 819 1314 4.

136 1340 261 1375 cuneis
290 1349 452 1385 pugnare
478 1338 662 1374 Germanis
681 1338 857 1374 sollemne

188 1397 218 1433 G
247 1394 280 1432 7.

135 1467 199 1493 cur
222 1457 374 1492 salutem
400 1458 529 1502 privati
565 1457 719 1492 hominis
754 1459 857 1492 inco..

181 1518 334 1553 lumitati
359 1529 445 1552 suae
471 1518 685 1562 anteferret,
712 1528 855 1554 causam

181 1589 254 1613 non
281 1577 450 1613 habuisse
481 1580 524 1614 15
549 1579 607 1614 61.

134 1645 218 1672 cura
244 1639 267 1672 i.
295 1649 326 1673 e.
354 1648 443 1683 opus
469 1638 493 1671 4
522 1639 577 1673 11.
609 1637 637 1672 Ο
663 1637 697 1672 6.
733 1648 850 1684 nego-

182 1699 270 1733 tium
299 1699 325 1732 Η
352 1699 375 1732 4
403 1699 460 1734 59.
503 1698 530 1733 G
557 1699 615 1733 31.
664 1709 742 1733 cum
771 1709 854 1732 cura

181 1757 210 1791 Η
242 1759 257 1791 1
287 1758 345 1792 52.
379 1767 463 1791 cura
489 1763 525 1791 et
550 1757 733 1792 meditatio
751 1757 851 1793 016.

133 1818 379 1852 curatissimae
404 1828 530 1862 preces
560 1819 576 1852 1
608 1818 663 1853 13.

134 1878 255 1912 curiae
280 1881 423 1912 veteres
450 1882 486 1911 et
510 1888 639 1913 novae.
665 1887 784 1913 earum
798 1878 849 1912 si-

183 1942 239 1972 tus
270 1943 307 1972 et
332 1948 418 1972 usus
446 1939 488 1972 12
513 1939 572 1973 24.

136 1999 236 2033 curia
259 1997 350 2032 iulia
374 1999 411 2032 in
437 1998 517 2032 toro
542 1998 703 2033 Romano
739 1998 807 2031 sita
831 1998 854 2031 3

181 2058 241 2093 36.

137 2117 355 2154 curriculum
386 2118 429 2151 14
458 2117 513 2152 14.

134 2180 176 2221 Q.
206 2177 319 2212 Curtii
345 2177 429 2211 Rufi
455 2182 554 2212 aetas
584 2179 624 2212 11
658 2177 715 2211 21.

134 2242 254 2272 custos
286 2237 330 2270 de
363 2237 501 2282 navigii
528 2237 767 2282 gubernatore
794 2236 851 2270 di-

184 2301 278 2331 ctum
305 2300 329 2332 4
353 2296 412 2331 67.

136 2356 278 2402 Cyrene
306 2361 341 2390 et
367 2355 478 2399 Libya
502 2354 707 2399 Pentapolis
723 2354 855 2388 Roma-

184 2418 239 2450 nis
276 2416 318 2450 ab
357 2426 445 2461 rege
480 2414 686 2448 Ptolemaeo
713 2414 855 2458 Apione

184 2476 334 2510 relictae
365 2475 407 2509 14
440 2474 493 2508 18.

135 2596 252 2631 Dacus
286 2594 445 2629 cladibus
472 2595 601 2628 mutuis
641 2592 848 2627 nobilitatus

187 2658 215 2690 Η
247 2656 262 2688 1
292 2655 325 2688 2.

138 2716 316 2752 Daharum
343 2714 445 2749 sedes
474 2714 496 2747 2
524 2714 556 2747 3.

136 2775 312 2811 Dalmatia
338 2779 374 2809 et
397 2772 575 2809 Delmatia
602 2773 628 2806 Η
650 2774 671 2806 2
697 2772 756 2807 32.

136 2836 302 2870 damnare
327 2836 350 2870 i.
379 2845 410 2871 e.
438 2831 671 2869 damnandum
701 2840 848 2868 censere

183 2894 208 2931 4
234 2893 291 2931 42.
548 2896 551 2898 ’

1550 201 1630 239 ³4⁸2

902 318 1124 353 Dandaridae
1165 321 1202 354 et
1243 316 1413 354 Danda-ii
1440 317 1632 355 eiusdem»

948 378 1072 424 populi
1097 388 1228 413 nomen
1258 379 1302 412 12
1330 378 1391 413 16.
1621 390 1630 411 ι

904 438 1043 474 dativus
1069 440 1251 473 nominum
1275 442 1421 485 quartae
1455 437 1618 474 declina-

950 499 1057 534 tionis
1085 499 1122 533 in
1148 509 1171 533 u
1199 499 1366 534 desinens
1390 499 1415 535 3
1437 497 1498 534 33.
1610 498 1628 530 'i

906 559 1047 594 dativus
1072 570 1136 605 pro
1164 559 1325 606 genitivo
1355 559 1372 592 1
1398 559 1434 594 3.
1480 558 1507 592 n
1538 557 1562 592 5
1584 558 1627 594 52>

950 631 1013 665 pro
1049 620 1206 655 ablativo
1238 630 1318 654 cum
1350 619 1626 664 praepositione

952 680 996 714 ab
1025 682 1048 716 2
1073 681 1131 723 50,
1158 681 1182 715 3
1206 678 1240 714 3.
1268 678 1404 725 pendet
1428 689 1449 712 a
1472 678 1623 712 notione

950 739 1051 774 verbi
1076 739 1247 774 suadendi
1273 738 1311 773 in
1334 738 1406 773 alio
1432 738 1543 772 verbo
1560 737 1625 772 124>

949 804 1048 834 tente
1092 802 1132 834 11
1165 801 1201 835 3.
1256 799 1396 834 dativus
1439 798 1622 844 participii

950 861 1118 904 temporis
1138 860 1338 904 praesentis
1352 868 1415 904 pro
1433 858 1619 893 enuntiato

947 930 1010 964 per
1036 920 1325 954 coniunctionem
1350 918 1451 952 illato
1475 918 1505 952 11
1529 918 1553 954 2
1574 917 1625 953 50

953 985 988 1014 et
1015 981 1073 1015 51.
1108 980 1140 1013 Α
1169 981 1223 1013 11.
1271 979 1410 1012 dativus
1440 977 1626 1012 commodis

954 1050 1032 1074 cum
1059 1039 1248 1085 participio
1279 1038 1406 1073 eodem
1433 1047 1517 1073 casu
1543 1038 1572 1072 H
1599 1037 1625 1073 3

948 1101 1007 1136 43.

900 1159 982 1194 dato
1010 1160 1068 1194 die
1095 1158 1271 1205 proelium
1304 1158 1464 1203 incipere
1494 1157 1536 1192 13
1561 1157 1621 1194 40.

907 1220 1090 1254 Decantae
1124 1219 1244 1253 Tacito
1285 1218 1440 1252 restituti
1484 1218 1526 1252 12
1561 1217 1620 1252 32.

954 1289 1075 1314 eorum
1101 1278 1204 1313 sedes
1231 1282 1267 1312 et
1293 1277 1446 1312 Silurum
1472 1276 1556 1311 ibid.

906 1338 1035 1373 decora
1069 1348 1134 1383 per
1166 1337 1434 1372 translationem
1462 1346 1525 1385 pro
1553 1335 1620 1372 de-

955 1399 1085 1433 coratis
1118 1398 1146 1431 H
1173 1398 1195 1433 2
1220 1398 1280 1433 81.

907 1457 1112 1492 decumates
1137 1457 1214 1503 agri
1239 1456 1267 1491 G
1291 1456 1349 1491 29.

905 1518 1068 1553 decursio
1095 1517 1153 1551 vel
1180 1517 1414 1563 campicursio
1438 1517 1459 1551 2
1482 1516 1541 1551 55.

908 1578 1062 1612 dedecus
1088 1587 1151 1623 pro
1180 1577 1292 1611 abusu
1322 1578 1351 1611 Η
1381 1579 1398 1612 1
1424 1578 1481 1612 51.

900 1637 1097 1672 deducendi
1127 1645 1201 1671 mos
1229 1636 1256 1671 0
1283 1637 1341 1672 34.
1395 1635 1618 1671 deducuntur

952 1698 988 1731 in
1014 1690 1164 1731 scenam⁴
1189 1696 1480 1731 scholasticorum
1507 1696 1535 1731 0
1558 1697 1619 1732 35.

903 1757 1077 1792 deductae
1118 1755 1282 1803 legiones
1316 1757 1340 1790 i.
1379 1767 1410 1790 e.
1454 1755 1619 1790 coloniae

948 1817 1120 1851 militares
1154 1818 1194 1851 11
1222 1814 1280 1850 24.

898 1877 1102 1912 defectores
1116 1875 1307 1911 Othoniani
1324 1875 1506 1920 appellati,
1522 1875 1617 1921 quod

954 1936 1092 1971 Vitellii
1118 1941 1236 1980 partes
1263 1938 1567 1982 oppugnaverant⁴
1584 1933 1612 1970 {1

950 1997 972 2031 2
997 1996 1055 2032 62.

902 2055 1096 2091 defendere
1123 2060 1158 2090 et
1183 2054 1274 2089 tueri
1302 2054 1330 2090 G
1358 2055 1412 2089 14.

905 2116 1064 2163 defigere
1090 2115 1215 2150 oculos
1240 2115 1263 2150 3
1296 2118 1326 2149 1.

902 2176 1062 2211 deiectus
1090 2181 1125 2210 et
1153 2175 1291 2209 deletus
1319 2174 1343 2209 4
1368 2175 1425 2209 51.

902 2235 1097 2269 delatorum
1116 2235 1217 2280 origo
1242 2235 1276 2267 in
1295 2233 1380 2280 lege
1398 2232 1503 2277 Papia
1524 2232 1617 2278 Pop-

949 2305 1038 2339 paea
1063 2295 1086 2328 3
1110 2294 1168 2329 28.

905 2353 1035 2388 delecti
1063 2364 1083 2387 e
1109 2351 1313 2398 legionibus
1351 2354 1365 2386 1
1393 2352 1461 2395 38,
1492 2352 1535 2388 14
1557 2352 1619 2388 34.

955 2413 981 2446 Η
1011 2414 1033 2447 2
1058 2411 1116 2447 83.
1611 2433 1615 2437 ,

906 2472 1082 2506 demissus
1112 2481 1176 2516 pro
1202 2470 1371 2505 oriundus
1404 2471 1445 2505 12
1479 2470 1538 2506 58.

906 2531 1167 2566 Demosthenes
1183 2529 1341 2565 Platonis
1358 2528 1496 2564 auditor
1512 2529 1540 2564 0
1560 2530 1618 2565 32.

899 2591 1064 2626 denarius
1093 2602 1112 2625 a
1139 2590 1240 2625 denis
1274 2590 1410 2625 assibus
1444 2589 1618 2636 quomodo

955 2651 1092 2686 differat
1123 2653 1137 2684 1
1173 2651 1227 2684 17.

908 2712 1058 2746 densere
1084 2711 1105 2744 2
1135 2711 1186 2744 14.

903 2769 1146 2815 deprehensus
1187 2769 1312 2802 nuntio
1347 2769 1378 2803 A
1407 2769 1440 2803 7.
1488 2767 1618 2813 depre-

947 2829 1049 2865 hensi
1072 2834 1154 2863 sunt
1176 2829 1374 2872 novissimi,
1403 2833 1439 2863 et
1458 2832 1615 2863 exn-emo

947 2894 1042 2925 metu
1058 2898 1206 2935 corpora
1219 2889 1375 2926 defixere
1387 2890 1500 2925 aciem
1514 2888 1546 2924 Α
1556 2889 1615 2926 3⁴.
