1768 3216
122 203 145 235 t
167 193 211 236 Pa.
236 200 298 237 69.
632 200 768 237 LIBER
792 201 821 237 1.
870 201 964 238 Gn.
989 204 1149 241 27-29.
1575 208 1624 242 86

110 319 407 387 Μάκαι
437 319 769 383 missssQXerffi
798 333 852 364 ne
882 325 968 364 tum
998 321 1168 377 quidem
1199 321 1318 364 obliti
1357 322 1626 366 adulationis.

112 394 246 450 Igitur
298 395 630 438 consultantibus
682 396 839 451 placuit
890 398 1159 452 pertemptari
1203 397 1388 440 animum
1437 399 1627 441 cohortis

113 482 221 525 quae
242 470 287 513 iu
305 470 465 514 Palatio
484 472 709 514 stationem
731 472 900 527 agebat,
920 484 1001 514 nec
1026 485 1103 526 per
1128 473 1262 526 ipsum
1286 472 1483 527 Galbam,
1508 474 1627 517 cuius

76 563 85 567 v
111 545 288 601 integra*
320 546 550 589 auctoritas
592 546 821 588 maioribus
852 547 1053 589 remediis
1094 549 1353 591 servabatur.
1414 549 1509 591 Piso
1549 562 1626 611 1)er

109 619 314 677 gradibus
343 620 493 663 domus
522 626 700 663 vocatos
732 622 774 663 in
804 622 915 664 hunc
945 622 1115 664 modum
1146 623 1366 666 adlocutus
1388 629 1465 666 est.
1493 622 1660 668 ‘Sex-s

109 671 485 753 “WB
518 698 841 751 commilitones,
874 711 927 740 ex
958 710 1041 753 quo
1074 698 1248 754 ignarus
1280 699 1431 753 futuri,
1465 704 1508 742 et
1536 701 1627 743 sive

111 771 339 828 optandum
368 772 452 815 hoc
482 785 637 816 nomen
675 773 767 816 sive
810 774 1038 816 timendum
1079 778 1194 827 erat,
1243 775 1401 817 Caesar
1438 775 1626 818 adscitus

110 859 227 899 sum3
277 859 359 902 quo
398 847 548 890 domus
586 852 757 890 nostrae
798 853 867 891 aut
903 849 967 891 rei
1005 833 1199 904 publicae
1240 849 1353 902 sato,
1402 850 1444 890 in
1485 853 1626 892 vestra

110 932 236 966 manu
263 923 445 977 positum
476 928 563 977 est,
608 936 693 965 non
736 924 832 978 quia
870 936 965 966 meo
1003 924 1175 967 nomine
1215 924 1445 967 tristiorem
1484 936 1627 967 casum
1652 933 1768 990 ‘20⁴⁵va

110 1010 309 1053 paveam,
351 1002 398 1040 ut
440 999 510 1053 qui
551 999 754 1042 adversas
797 1012 868 1042 res
900 1004 1097 1054 expertus
1129 1011 1222 1042 cum
1254 1000 1435 1043 maxime
1466 1000 1626 1043 discam
1641 1016 1683 1050 to

111 1085 167 1115 ne
195 1073 407 1116 secundas
438 1074 606 1128 quidem
637 1074 774 1116 minus
805 1074 1063 1117 discriminis
1095 1057 1451 1129 haffipatris
1483 1079 1524 1118 et
1553 1089 1628 1118 se-

110 1152 234 1193 natus
264 1153 307 1192 et
336 1149 468 1203 ipsius
499 1150 665 1204 imperii
694 1150 831 1193 vicem
864 1149 1005 1203 doleo,
1037 1151 1075 1193 si
1105 1151 1228 1193 nobis
1252 1155 1320 1194 aut
1339 1151 1480 1206 perire
1500 1151 1629 1194 hodie

247 1269 281 1306 8.
310 1282 400 1317 remp
426 1269 585 1305 nstra·
611 1284 656 1318 .p.
685 1271 725 1307 G.

825 1274 904 1317 satu
931 1272 1004 1308 Ma.
1048 1273 1131 1318 falfi
1160 1272 1209 1316 G,
1236 1272 1300 1307 sed
1327 1284 1348 1307 a
1373 1274 1495 1318 priore
1520 1284 1629 1308 manu

112 1317 256 1354 videtur
278 1318 393 1354 fuisse
418 1321 507 1365 fato,
539 1325 578 1354 ut
607 1321 701 1366 apud
725 1320 973 1356 Puteolanum.

112 1378 186 1403 unu
214 1371 308 1413 riui,
334 1369 371 1404 id
397 1374 454 1404 est
477 1381 610 1414 rerum,
635 1375 674 1404 ut
701 1371 881 1405 Victorius
907 1370 1002 1416 apud
1027 1370 1287 1406 Waltherum:

1055 1323 1110 1358 10.
1152 1334 1210 1356 res
1237 1332 1317 1356 corr
1342 1321 1415 1357 18²:
1448 1323 1516 1357 fuit
1540 1333 1628 1366 rem,

1360 1384 1438 1409 cum
1462 1371 1530 1417 11²¹,
1559 1378 1630 1407 tum

114 1416 152 1452 G.
195 1417 347 1453 dicam
374 1417 478 1453 Gma:
506 1421 662 1454 correxit
689 1419 971 1455 Freinshemius.

113 1522 171 1551 tus
188 1528 296 1564 quem
322 1519 402 1564 quis
426 1520 506 1554 sive
532 1520 611 1565 ipse
628 1519 738 1555 habet
753 1521 833 1555 sive

113 1566 196 1601 aliis
220 1567 376 1601 incutit:
409 1573 540 1602 statum
567 1569 833 1604 formidabilem

113 1616 144 1650 si
170 1615 332 1651 iudicare
356 1617 436 1651 vult
449 1618 605 1662 Tacitus,
634 1628 704 1651 non
732 1619 833 1663 ponit

113 1665 351 1710 formidinem,
381 1666 445 1700 sed
472 1673 599 1702 metum
626 1667 686 1701 vel
715 1673 832 1701 terro-

114 1725 200 1748 rem.
261 1713 316 1748 cf.
340 1713 355 1747 I
381 1716 441 1758 40,
468 1715 502 1750 11
526 1715 549 1750 6
576 1720 611 1749 et
638 1716 696 1758 72,
724 1715 771 1749 XI
798 1717 832 1758 2,

114 1762 197 1796 xlv
227 1762 288 1805 43,
323 1762 384 1796 XV
410 1765 470 1799 45.
518 1764 560 1797 H.
590 1763 603 1797 1
629 1763 690 1798 86.
742 1763 833 1797 Cor-

113 1816 243 1856 ruptae
278 1812 316 1845 in
352 1811 456 1856 peius
489 1812 661 1847 lectionis
687 1815 833 1847 occasio

114 1861 152 1894 in
177 1864 303 1906 aperto
330 1865 406 1894 est:
440 1862 573 1907 quippe
600 1861 720 1895 scriba
745 1872 833 1896 ver·-

113 1909 198 1943 bum
233 1920 366 1954 augere
397 1915 561 1955 quartum
601 1921 722 1944 casum
763 1909 833 1945 sibi

113 1958 273 1992 iunctum
299 1959 486 2004 requirere
511 1959 750 2004 opinabatur,
788 1959 833 1994 de

114 2017 185 2054 quo
212 2006 347 2041 dictum
373 2009 411 2042 in
436 2009 622 2053 proximis.

187 2055 267 2090 Piso
295 2077 342 2084 —
378 2058 417 2091 in
442 2057 537 2091 hunc
563 2057 702 2092 modum
728 2057 834 2092 adlo-

115 2110 213 2139 cutus
238 2109 312 2139 est.-
354 2107 501 2153 integer
534 2107 633 2141 vitae
659 2107 833 2141 sceleris-

115 2163 186 2210 que
211 2163 322 2199 purus
349 2156 459 2193 etiam
489 2156 527 2189 ιιι
555 2161 716 2190 extremo
746 2156 833 2190 bre-

114 2203 254 2246 vissimi
292 2199 516 2249 principatus
541 2210 724 2239 momento
753 2216 833 2240 esse

113 2256 336 2296 perseverat.
371 2252 469 2287 Idem
500 2263 590 2287 vero
614 2255 736 2300 magni
763 2255 833 2288 im-

67 2324 83 2340 ,22
114 2301 292 2345 peratoris
333 2301 457 2335 officio
505 2303 653 2337 minime
688 2303 834 2337 functus

114 2348 183 2384 hac
201 2360 265 2383 sua
281 2350 447 2384 oratioue
460 2355 691 2385 monstratur.
717 2351 835 2396 Quip-

114 2407 161 2442 pe
196 2403 371 2443 provocat
404 2398 448 2433 ad
478 2399 652 2434 iudicium
692 2405 729 2434 et
764 2410 831 2444 pa-

114 2446 206 2482 triae
219 2457 376 2482 amorem
392 2458 515 2482 eorum
533 2449 728 2493 hominum,
751 2450 835 2494 qui-

115 2495 182 2529 bus
219 2507 285 2531 eae
323 2497 477 2531 virtutes
513 2497 622 2542 plane
649 2497 833 2541 deessent,

115 2549 223 2591 atque
260 2546 404 2580 interim
440 2546 618 2590 praeclari
660 2547 833 2581 facinoris

115 2591 244 2628 edendi
272 2599 309 2628 et
334 2596 470 2639 incepti
495 2595 689 2629 Othoniani
714 2597 834 2640 repri-

114 2642 236 2676 mendi
265 2647 406 2688 ternpus
433 2643 600 2678 elabitur.
650 2644 833 2691 Egregius

115 2689 188 2724 dux
215 2701 294 2726 cum
328 2692 504 2726 militibus
546 2703 618 2727 una
657 2703 749 2727 voce
774 2695 835 2727 in-

116 2739 234 2774 citatis
269 2741 306 2774 in
333 2740 473 2775 hostem
503 2742 719 2785 invasisset,
763 2753 835 2776 nu-

116 2790 234 2823 tantes
259 2790 297 2823 in
324 2791 451 2823 castris
477 2789 645 2824 cohortes
678 2790 833 2825 cohibu-

118 2835 220 2880 isset,
245 2837 449 2873 desertores
476 2839 636 2883 trepidos
665 2839 836 2874 disiecis-

117 2888 196 2928 set‚
222 2884 336 2920 bonos
364 2893 400 2922 et
425 2889 595 2921 innoxios
625 2890 835 2922 consocias-

116 2938 184 2967 set.
211 2933 378 2970 Ceterum
393 2937 463 2971 viti
481 2937 633 2982 insignis
655 2947 732 2970 sors
748 2947 835 2971 vere

116 2982 255 3030 tragica
279 2991 438 3029 apparet.
469 2986 575 3023 Omni
595 2985 701 3031 culpa
727 2985 832 3030 liber,

905 1521 984 1555 sine
1010 1520 1207 1555 ambitione
1224 1547 1233 1563 ,
1259 1521 1339 1555 sine
1365 1520 1556 1566 cupidine,
1584 1522 1629 1557 ad

905 1570 1084 1604 fortunam
1114 1570 1310 1614 ancipitem
1347 1575 1532 1614 promotus
1560 1576 1628 1615 est,

905 1630 1009 1664 quam
1037 1620 1151 1663 ipsam
1192 1619 1395 1653 detrectare
1434 1624 1471 1652 et
1508 1619 1625 1654 vitare

903 1678 975 1700 non
1003 1669 1141 1711 potuit,
1170 1669 1256 1712 quin
1287 1669 1443 1700 animum
1470 1669 1627 1714 intrepi-

905 1716 987 1749 dum
1015 1721 1177 1750 exueret.
1221 1715 1326 1752 Conf.
1352 1726 1445 1762 quae
1471 1727 1555 1751 mox
1581 1717 1627 1752 de

905 1763 1059 1799 Othonis
1087 1765 1252 1798 oratione
1278 1764 1452 1799 dicemus.

976 1823 1040 1858 quo
1070 1813 1190 1848 domus
1215 1819 1359 1848 nostrae
1385 1834 1433 1841 ——
1457 1815 1534 1859 fato
1550 1840 1560 1857 ,
1587 1813 1628 1848 in

903 1868 1022 1896 cestra
1046 1872 1154 1896 manu
1176 1864 1328 1909 positum
1354 1869 1427 1897 est:
1455 1873 1541 1905 vos,
1568 1861 1625 1897 di-

905 1913 966 1954 cit,
994 1910 1192 1946 decernere
1212 1913 1378 1956 potestis,
1397 1917 1515 1945 utrum
1531 1911 1624 1946 ado-

904 1962 980 2005 ptio
1007 1960 1127 1995 valeat
1153 1971 1197 1995 an
1225 1962 1261 1995 in
1292 1961 1384 1996 alius
1408 1965 1626 2006 potestatem

905 2009 1010 2044 cedat
1044 2020 1102 2044 res
1141 2009 1316 2054 publica,
1360 2010 1465 2044 domo
1505 2014 1627 2044 nostra

905 2069 1045 2093 eversa.
1082 2058 1151 2093 Sed
1177 2058 1271 2093 idem
1298 2069 1421 2093 rursus
1437 2064 1628 2104 corruptae

904 2109 1104 2152 scripturae
1122 2109 1266 2154 (satum)
1291 2108 1373 2142 fons
1400 2119 1506 2154 quem
1520 2107 1627 2142 modo

904 2156 1208 2201 deprehendimus
1223 2168 1231 2189 :
1249 2157 1393 2191 scilicet
1406 2158 1526 2191 scriba
1539 2167 1627 2191 ver-

903 2205 949 2238 bo
986 2207 1138 2251 positum
1178 2211 1227 2239 est
1260 2205 1470 2240 desiderans
1502 2205 1630 2240 subie-

905 2259 1025 2297 ctum,
1054 2254 1164 2300 idque
1182 2255 1225 2288 <in
1252 2256 1328 2299 suto
1356 2255 1471 2289 latere
1497 2256 1629 2299 opina-

903 2307 973 2345 tus,
999 2304 1080 2348 fatu
1104 2301 1215 2345 dedit,
1243 2302 1279 2337 h.
1294 2314 1327 2337 c.
1353 2305 1439 2348 fatu
1463 2303 1543 2337 sive
1565 2305 1628 2348 fa-

905 2358 987 2394 tum,
1015 2357 1055 2385 ut
1082 2352 1118 2384 in
1147 2351 1250 2385 libris
1276 2352 1515 2397 interpolatis.
1564 2351 1629 2386 Est
1648 2362 1653 2393 ᾗ

905 2401 1000 2434 enirn
1025 2400 1117 2435 haec
1139 2399 1342 2447 largissima
1357 2400 1546 2435 aberrandi
1562 2410 1629 2434 oc-

906 2449 1032 2493 casio,
1076 2460 1155 2483 cum
1191 2450 1386 2494 scriptores
1419 2450 1556 2484 librarii
1584 2449 1630 2483 de

905 2503 980 2532 tota
1015 2499 1197 2533 sententia
1229 2500 1348 2533 securi
1387 2509 1520 2533 nomen
1554 2497 1655 2540 ali-¹⁴

905 2546 1002 2593 quod
1032 2547 1077 2581 ad
1102 2548 1301 2592 proximum
1336 2548 1506 2594 quodque
1541 2547 1661 2586 ver-i¹

905 2596 989 2630 bum
1017 2595 1201 2630 trahentes
1229 2607 1333 2631 casus
1362 2607 1426 2642 pro
1468 2607 1535 2630 sua
1561 2595 1630 2629 do-
1653 2592 1666 2606 “

907 2646 1020 2679 ctrina
1050 2647 1249 2679 immutant.
1309 2645 1361 2680 lta
1395 2645 1501 2690 paulo
1531 2649 1628 2685 ante,
1654 2652 1663 2687 ‚¹

906 2699 945 2727 ut
978 2704 1041 2738 pro
1081 2696 1264 2728 sexcentis
1310 2694 1487 2738 exemplis
1534 2701 1630 2725 non-

904 2742 1005 2783 nulla
1032 2744 1257 2777 contermina
1286 2752 1496 2776 recenseam
1514 2767 1523 2784 ‚
1563 2749 1632 2784 pro

904 2787 1094 2836 formidine
1112 2801 1266 2836 posuere
1283 2790 1521 2835 formidinem,
1544 2789 1630 2834 quia

905 2841 1068 2886 sequitur
1107 2845 1294 2884 augentes,
1338 2838 1398 2872 hic
1423 2840 1536 2883 satum
1563 2847 1627 2882 pro

905 2891 980 2934 fato
998 2889 1043 2922 ob
1069 2889 1268 2932 proximum
1292 2888 1443 2932 positum
1459 2892 1521 2930 est,
1546 2896 1629 2919 mox

907 2940 960 2982 (c.
988 2937 1054 2982 30)
1082 2937 1234 2982 speciem
1259 2946 1324 2980 pro
1343 2937 1471 2982 speeie,
1497 2935 1628 2969 subsc-

906 2989 1040 3031 quente
1066 2985 1234 3033 imponit,
1260 2989 1334 3019 tum
1363 2986 1414 3031 (c.
1441 2984 1508 3032 38)
1538 2995 1629 3019 cun-
