1768 3216
554 927 1174 986 PRAEFATIo.

253 1255 299 1297 ln
329 1254 452 1308 primi
482 1252 705 1295 voluminis
735 1251 953 1306 prooemio
983 1262 1070 1291 non
1108 1249 1243 1292 solum
1275 1250 1402 1291 vitam
1433 1248 1617 1291 Cornelii

122 1329 256 1370 Taciti
296 1328 595 1381 scribendique
636 1339 784 1368 causas
823 1330 864 1367 et
899 1326 1104 1367 rationem
1144 1325 1344 1379 exposui,
1387 1324 1461 1366 sed
1496 1324 1618 1365 etiam

119 1403 205 1446 fata
252 1402 454 1444 librorum
496 1401 547 1443 ab
587 1401 678 1455 ipso
715 1400 922 1442 editorum
963 1413 986 1441 a
1026 1399 1257 1453 primordio
1299 1399 1362 1440 sui
1402 1410 1533 1452 usque
1564 1398 1617 1439 ad

120 1481 266 1519 nostra
307 1481 523 1531 tempora,
573 1480 769 1530 quantum
807 1475 898 1516 fieri
929 1474 1085 1528 potuit,
1133 1473 1343 1515 narrando
1374 1476 1619 1527 persecutus

123 1565 227 1595 sum.
305 1552 365 1594 lbi
396 1555 531 1594 autem
562 1563 616 1593 ne
647 1551 769 1592 nimis
801 1550 926 1591 multa
956 1550 1230 1604 iungerentur
1259 1548 1496 1590 lectoresve
1524 1560 1618 1589 mo-

120 1627 226 1669 lesta
257 1626 517 1669 diversarum
547 1637 686 1668 rerum
717 1625 919 1667 varietate
936 1623 1265 1676 offunderentur,
1299 1623 1350 1665 de
1371 1623 1489 1664 libris
1506 1622 1619 1664 scri-

114 1702 200 1760 ptis
239 1705 281 1744 et
317 1701 441 1743 editis
476 1701 681 1742 minorum
718 1699 848 1742 Taciti
887 1711 1060 1753 operum
1102 1711 1209 1753 quae
1250 1697 1428 1740 dicenda
1461 1701 1615 1749 essent,

120 1775 260 1831 quarti
299 1775 523 1818 voluminis
557 1774 810 1830 praefationi
851 1773 1108 1816 reservanda
1140 1773 1253 1815 duxi.
1327 1774 1411 1815 Iam
1443 1772 1495 1814 ad
1528 1771 1619 1813 cal-

120 1850 407 1911 cemplaboris
448 1854 490 1891 et
531 1850 662 1892 alacri
703 1849 841 1892 studio
880 1849 1064 1903 suscepti
1101 1853 1142 1890 et
1185 1848 1367 1890 feliciter
1403 1848 1455 1890 ad
1494 1847 1618 1889 finem

116 1926 309 1980 perducti
339 1926 553 1979 admotus,
587 1930 709 1980 atque
740 1925 952 1979 amplioris
984 1924 1092 1966 illius
1127 1924 1417 1978 d1sputationis
1449 1922 1619 1976 supple-

122 2005 305 2043 mentum
337 2001 545 2055 quoddam
577 2000 859 2052 exhibiturus,
903 2000 1077 2054 primum
1109 1999 1162 2059 (le
1195 1998 1412 2040 codicibus
1444 1997 1622 2039 Germa-

120 2077 216 2118 niae
245 2080 288 2118 et
315 2075 483 2131 Dialogi
515 2075 567 2117 de
600 2075 853 2128 oratoribuS‚
888 2087 986 2117 mox
1011 2074 1063 2117 de
1093 2074 1261 2128 scriptis
1290 2073 1408 2114 libris
1432 2072 1621 2127 Agrico-

117 2150 185 2192 lae
213 2151 358 2205 paucis
391 2150 619 2194 absolvam.

261 2358 299 2405 Ι.
359 2359 430 2404 De
462 2359 733 2404 Germaniae
764 2363 808 2402 et
837 2358 1018 2413 Dialoyi
1047 2362 1198 2400 vetere
1231 2354 1486 2412 exemplari

733 2431 1016 2476 Germanico.

257 2577 378 2619 Nono
405 2580 499 2631 post
531 2575 738 2617 Christum
768 2579 906 2617 natum
937 2573 1105 2626 seculo,
1146 2584 1239 2614 cum
1268 2576 1456 2614 veterum
1486 2571 1615 2625 inge-

122 2651 285 2692 niorum
314 2654 580 2692 monumenta
624 2662 731 2703 quae
773 2653 1021 2703 supererant
1067 2648 1107 2689 in
1150 2647 1358 2689 communi
1406 2645 1618 2686 hominum

125 2725 291 2766 incuria
322 2729 362 2766 et
397 2724 635 2779 ignorantia
667 2724 757 2765 sere
792 2723 986 2779 neglecta
1017 2723 1231 2774 iacebant,
1284 2722 1326 2762 in
1365 2719 1619 2761 monasterio

121 2798 316 2842 Fuldensi
334 2797 564 2841 Ruodolt‘us
594 2798 822 2840 monachus
854 2799 1039 2852 priorem
1060 2796 1282 2838 Annalium
1308 2794 1439 2835 Taciti
1456 2797 1616 2847 partem

118 2873 344 2925 lectitabat,
374 2876 419 2913 ut
448 2873 490 2913 in
519 2872 738 2914 Prooemio
772 2876 917 2914 nostro
949 2878 1008 2923 (c.
1032 2870 1108 2922 26)
1138 2873 1352 2911 ostensum
1379 2872 1455 2910 est.
1504 2867 1617 2910 Idem

120 2948 187 2990 vir
219 2947 405 2991 eruditus
434 2946 684 2990 Germaniae
726 2947 944 2999 codicem,
993 2945 1061 2987 cui
1101 2943 1305 3000 Dialogus
1349 2943 1460 2986 haud
1492 2942 1618 2986 dubie
