1768 3216
178 262 253 300 m
735 259 797 296 DE
825 259 1112 298 onAroiussvs

178 379 314 421 otiosa
345 381 385 418 et
416 376 553 431 quieta
579 389 627 419 re
656 377 889 432 loquimur,
935 383 977 421 et
1015 390 1122 432 quae
1159 377 1365 432 probitate
1395 381 1437 420 et
1464 376 1673 423 modestia

173 452 376 508 gaudeat:
420 452 496 494 sed
528 456 591 494 est
626 465 776 508 magna
814 453 882 495 illa
915 457 956 495 et
996 452 1190 495 notabilis
1233 453 1468 507 eloquentia
1509 451 1672 496 alumna

172 526 382 580 licentiae,
416 539 537 581 quam
568 527 678 570 stulti
708 527 942 570 libertatem
972 527 1193 580 vocabant,
1228 539 1371 570 comes
1402 527 1667 582 seditionum,

172 601 364 645 effrenati
395 602 535 657 populi
562 602 895 656 incitamentum,
938 603 1030 645 sine
1062 603 1293 657 obsequio,
1331 603 1423 645 sine
1455 602 1668 655 servitute,

135 682 410 731 scontumax‚
442 679 685 732 temeraria,
719 678 955 733 adrogans,
989 691 1095 733 quae
1126 679 1168 720 in
1199 679 1307 720 bene
1339 677 1572 720 constitutis
1604 677 1669 720 ci-

170 752 365 796 vitatibus
398 765 483 794 non
516 753 659 794 oritur.
729 754 860 803 Quem
893 753 1002 794 enim
1034 757 1244 794 oratorem
1274 752 1666 805 Lacedaemonium,

170 840 292 884 quem
325 829 568 872 Cretensem
608 828 880 883 accepimus?
925 840 1096 882 quarum
1141 828 1353 871 civitatum
1397 826 1668 871 severissima

171 904 392 959 disciplina
425 908 466 947 et
493 904 787 947 severissimae
831 903 950 959 leges
993 903 1223 946 traduntur.
1301 903 1363 946 Ne
1391 903 1668 947 Macedonum

169 979 336 1034 quidem
375 992 425 1022 ac
463 979 681 1022 Persarum
721 983 790 1020 aut
825 978 947 1020 ullius
985 978 1144 1034 gentis,
1187 990 1293 1032 quae
1335 981 1451 1020 certo
1490 977 1666 1032 imperio

113 1063 154 1094 ιο
169 1058 365 1097 contenta
396 1054 535 1107 suerit,
569 1053 846 1108 eloquentiam
877 1053 1082 1095 novimus.
1144 1052 1296 1097 Rhodii
1325 1051 1506 1107 quidam,
1533 1051 1667 1106 pluri-

167 1129 225 1171 mi
252 1129 532 1172 Athenienses
566 1134 755 1171 oratores
786 1129 1022 1182 extiterunt,
1055 1128 1163 1182 apud
1187 1139 1291 1182 quos
1314 1127 1453 1170 omnia
1474 1126 1665 1181 populus,

168 1204 307 1246 omnia
339 1204 531 1258 imperiti,
571 1205 709 1246 omnia
739 1208 803 1257 (ut
832 1204 894 1245 sic
926 1203 1126 1256 dixerim)
1160 1214 1305 1244 omnes
1332 1205 1535 1256 poterant.
1575 1201 1667 1244 No-

166 1283 253 1322 stra
284 1291 449 1333 quoque
481 1279 642 1332 civitas,
677 1279 813 1319 donec
844 1278 1014 1330 erravit,
1049 1277 1185 1319 donec
1216 1289 1263 1319 se
1292 1275 1478 1331 partibus
1506 1278 1547 1317 et
1576 1275 1668 1317 dis-

166 1354 436 1397 sensionibus
468 1358 509 1396 et
539 1353 765 1396 discordiis
797 1353 1008 1406 confecit,
1054 1352 1191 1395 donec
1221 1351 1332 1394 nulla
1371 1351 1448 1394 fuit
1486 1350 1529 1392 in
1569 1350 1663 1393 foro
1689 1357 1690 1360 ’

286 1538 321 1573 2.
349 1542 400 1571 est
425 1536 467 1571 P:
498 1535 525 1570 F
554 1542 597 1571 et.
722 1535 788 1570 illa
813 1536 892 1570 FP:
932 1537 1002 1571 ista
1031 1535 1207 1571 editiones
1236 1537 1416 1581 antiquae.
1518 1535 1552 1570 5.
1584 1544 1661 1570 arr.

164 1583 203 1628 P,
225 1588 265 1618 ut
291 1584 397 1620 solet.
514 1585 548 1619 7.
572 1585 763 1631 accipimus
789 1584 833 1619 P:
860 1584 888 1619 F
915 1586 1124 1632 accepimus.
1228 1585 1263 1620 8.
1290 1596 1336 1619 ne
1362 1583 1569 1619 Ernestius:
1597 1594 1664 1617 nec

161 1633 228 1668 FP.
261 1633 308 1669 cf.
337 1633 381 1669 ad
403 1633 427 1669 4
454 1634 513 1678 35,
541 1633 582 1668 Η.
600 1633 696 1671 282.
748 1633 782 1669 9.
810 1640 871 1669 aut
894 1634 989 1669 illius
1007 1634 1075 1677 FP,
1102 1645 1146 1669 ac
1171 1634 1276 1669 ullius
1302 1638 1445 1669 veteres
1471 1631 1662 1668 editiones.

945 1785 1192 1830 comprobavit
1231 1784 1345 1819 codex
1382 1784 1657 1827 Perizonianus,

943 1835 980 1867 in
1013 1844 1082 1879 quo
1124 1833 1262 1868 nullum
1302 1832 1466 1868 defectus
1503 1832 1660 1868 alicuius

942 1882 1114 1917 indicium
1142 1888 1206 1917 est.

156 1785 347 1829 tractavit,
395 1785 572 1819 disserere
618 1785 759 1830 pergit,
805 1784 874 1818 nisi

155 1834 252 1880 quod
278 1834 321 1868 ab
349 1834 417 1868 hoc
443 1833 524 1867 loco
549 1833 656 1878 paulo
673 1832 874 1867 vehemen-

152 1885 226 1919 tius
252 1887 364 1917 artem
391 1882 533 1917 dicendi
565 1893 586 1916 a
624 1893 663 1917 se
692 1881 872 1926 improba-

153 1937 227 1966 tam
255 1932 475 1978 aggreditur.
534 1930 573 1964 In
600 1930 779 1976 prioribus
809 1941 871 1964 ex-

153 1982 275 2025 posuit
300 1980 595 2025 quemadmodum
631 1979 724 2024 apud
756 1979 872 2013 maio-

153 2039 213 2063 res
237 2029 415 2063 libertatis
453 2033 649 2062 extremum
678 2032 788 2061 artem
815 2026 872 2060 di-

157 2076 262 2111 cendi
308 2078 544 2121 provexerit:
587 2078 657 2110 iam
701 2078 871 2109 universe

152 2127 361 2170 pronuntiat
403 2136 480 2159 eam
521 2135 601 2159 esse
649 2124 755 2157 huius
786 2125 871 2158 artis

153 2178 315 2208 naturam
342 2174 438 2207 utin
465 2173 558 2207 bene
586 2173 789 2206 constitutis
817 2173 871 2206 ci-

153 2222 328 2256 vitatibus
353 2232 424 2256 non
452 2223 596 2256 oriatur.
647 2221 872 2266 Quapropter

1013 1965 1086 1989 non
1113 1954 1154 1989 de
1181 1954 1294 1989 otiosa
1325 1959 1357 1988 ct
1390 1953 1508 1999 quieta
1533 1963 1574 1987 re
1603 1952 1659 1986 lo-

942 2004 1079 2047 quimur
1096 2015 1108 2037 .·
1153 2004 1188 2037 h.
1217 2014 1249 2037 e.
1277 2013 1335 2037 res
1371 2003 1415 2038 de
1441 2012 1511 2047 qua
1535 2001 1659 2047 loqui-

941 2052 1282 2099 mur-(eloquentia)
1303 2061 1375 2085 non
1396 2051 1461 2084 otii
1482 2054 1536 2085 est
1552 2050 1658 2095 quie-

942 2101 1047 2134 tisve.
1110 2100 1261 2134 Fallitur
1285 2099 1539 2134 Doederlinius
1565 2098 1658 2132 scri-

941 2148 1030 2182 bens
1059 2147 1115 2182 ‘de
1151 2149 1263 2182 otiosa
1302 2169 1347 2175 --
1373 2158 1437 2190 re,
1473 2146 1508 2180 h.
1535 2157 1567 2180 e.
1595 2156 1657 2180 re-

940 2196 1108 2240 publica3
1147 2197 1225 2231 sive
1252 2206 1340 2242 opus
1365 2195 1553 2238 videatur,
1579 2206 1654 2240 rep.

151 2271 189 2304 in
217 2272 364 2306 civitate
384 2271 554 2314 Romana,
581 2269 697 2304 donec
724 2280 872 2304 errave-

152 2320 212 2363 rit,
241 2330 319 2354 eam
347 2319 532 2362 floruisse,
571 2318 633 2352 sed
669 2319 737 2352 iam
755 2345 764 2362 ,
791 2329 870 2352 cum

153 2368 348 2403 concordia
372 2368 534 2410 redierit,
564 2368 770 2401 necessario
798 2367 872 2400 fra-

153 2422 247 2452 ctam
274 2427 354 2451 esse
389 2416 585 2450 notabilem
613 2417 749 2461 antiqui
779 2420 872 2448 tem-

149 2467 249 2510 poris
276 2465 530 2510 eloquentiam.
595 2465 723 2498 Moneo
751 2474 871 2498 veram

151 2514 318 2548 lacunam
336 2539 345 2556 ,
378 2525 469 2559 quae
497 2517 551 2547 est
576 2514 611 2546 iu
642 2524 672 2547 c.
701 2514 759 2555 35,
785 2512 872 2546 dili-

152 2567 282 2608 genter
307 2564 344 2596 in
383 2562 484 2595 libris
520 2561 698 2603 indicari,
738 2566 807 2594 tam
834 2562 870 2594 in

150 2610 371 2646 Farnesiano
398 2620 501 2655 quam
531 2610 566 2642 in
586 2610 780 2651 Vaticanis,
807 2608 870 2643 sed

148 2659 246 2694 hanc
270 2660 314 2694 ab
340 2659 549 2693 Heumanno
590 2657 707 2691 fictam
743 2657 786 2691 ab
812 2658 869 2700 iis,

149 2713 191 2742 ut
215 2718 280 2754 par
306 2713 372 2752 est,
400 2707 572 2753 ignorari.
622 2706 726 2740 Errat
750 2706 869 2739 Dron-

148 2755 246 2801 icius,
275 2767 354 2791 cum
379 2757 416 2790 in
442 2755 577 2789 diurnis
595 2753 870 2788 Zimmermanni

152 2815 186 2840 a.
215 2805 307 2841 1835
346 2816 381 2850 p.
409 2805 477 2839 541
507 2802 688 2837 defectum
715 2802 774 2836 hic
803 2801 871 2835 ob-

147 2855 286 2889 servari
311 2854 348 2887 in
374 2853 466 2887 libro
495 2852 714 2887 Farnesiano
736 2855 868 2885 narrat.

147 2901 323 2947 Imposuit
351 2903 385 2936 ei
418 2911 572 2935 vacuum
605 2901 757 2945 spatium
786 2899 865 2934 edi-

148 2950 256 2987 tionis
270 2950 520 2986 Bekkerianae
532 2955 568 2984 et
583 2949 863 2983 Waltherianae.

243 3000 344 3036 Haec
369 3010 390 3038 a
414 3010 472 3035 me
497 2998 583 3035 olim
605 2998 769 3044 exposita
794 2998 863 3034 iam

939 2244 999 2278 vel
1029 2245 1096 2280 RR
1129 2245 1163 2279 h.
1194 2257 1226 2280 e.
1267 2257 1306 2279 re
1344 2244 1508 2280 Romana
1541 2244 1656 2278 corri-

941 2293 1097 2339 gendum
1127 2294 1204 2328 est'.

1014 2343 1089 2376 sine
1124 2342 1283 2386 obsequio
1304 2367 1314 2385 ,
1357 2341 1433 2375 sine
1467 2340 1656 2375 servitute.-

941 2402 1032 2438 quae
1049 2402 1167 2436 neque
1193 2389 1344 2436 obsequi
1369 2388 1603 2424 suadentibus
1621 2392 1657 2423 et

940 2440 1166 2474 hortantibus
1199 2449 1318 2484 neque
1364 2439 1501 2473 servire
1536 2438 1655 2482 impe-

939 2489 1099 2524 rantibus
1125 2493 1255 2533 potest.
1293 2486 1372 2521 Non
1399 2491 1453 2522 est
1477 2496 1566 2531 opus
1591 2485 1655 2519 Pi-

939 2537 1038 2572 thoei
1068 2537 1253 2570 severitate
1286 2546 1406 2581 neque
1429 2533 1654 2570 Doederlinii

938 2597 1010 2620 non
1035 2587 1110 2620 sine
1136 2586 1307 2619 servitute.

1011 2656 1232 2690 severissima
1258 2654 1448 2701 disciplina
1485 2659 1518 2689 et
1553 2663 1652 2688 sene-

939 2705 1100 2739 rissimae
1125 2704 1241 2750 leyes:
1278 2713 1350 2737 nou
1386 2704 1465 2738 sine
1493 2701 1653 2747 pondere

939 2764 959 2786 a
999 2753 1223 2788 declamante
1261 2755 1367 2797 poeta
1401 2751 1494 2786 idem
1523 2759 1654 2784 nomeu

937 2806 1072 2836 mutata
1097 2802 1211 2836 forma
1235 2801 1424 2845 repetitur.
1454 2798 1558 2834 Conf.
1585 2797 1652 2832 41:

937 2851 1117 2884 minimum
1140 2862 1223 2884 usus
1253 2849 1498 2893 minimumque
1527 2848 1654 2893 profe-

940 2904 1034 2940 ctus3
1057 2899 1191 2933 ibidem
1218 2898 1383 2943 quoniam
1406 2906 1507 2931 nemo
1536 2895 1655 2929 eodem

935 2953 1086 2994 tempore
1112 2947 1256 2992 adsequi
1275 2951 1387 2993 potest
1406 2955 1571 2990 maqmzm
1587 2945 1654 2988 fa-

933 3007 1026 3032 mam
1043 3002 1076 3033 et
1088 3006 1253 3044 magnam
1267 2996 1426 3042 quietem.
1452 2993 1530 3030 Hoc
1537 2991 1653 3032 sche-
