1768 3216
141 264 164 290 a
189 252 230 290 ο.
255 253 317 309 09.
608 252 741 287 LIBER
766 252 793 286 1.
852 251 938 288 cn.
968 253 1124 289 78-79.
1607 257 1658 291 ss

140 372 321 415 destrem
352 385 535 428 pugnam
565 377 647 415 tam
679 373 897 427 ignavum:
929 371 1000 413 ubi
1030 384 1105 426 per
1135 374 1292 414 turmas
1324 372 1551 426 advenere,
1584 372 1658 416 vix

138 447 221 490 ulla
269 442 384 489 acies
426 447 646 490 obstiterit.
708 447 791 490 Sed
838 451 922 488 tum
964 447 1134 488 humido
1177 447 1245 489 die
1291 451 1332 489 et
1373 447 1510 490 soluto
1558 448 1657 504 gelu

139 535 276 577 neque
308 523 421 564 conti
453 534 588 576 neque
618 522 765 577 gladii,
801 533 904 576 quos
936 522 1193 578 praelongos
1224 526 1400 577 utraque
1431 535 1556 565 manu
1582 536 1657 566 re-

139 601 257 653 gunt,
288 597 410 649 usui,
442 596 698 651 lapsantibus
731 596 848 650 equis
882 601 922 638 et
954 596 1314 663 cataphractarum
1344 598 1655 652 pondere.1d

137 671 394 726 principibus
427 676 467 713 et
497 671 760 713 nobilissimo
795 671 945 725 cuique
977 672 1177 726 tegimen,
1212 672 1363 714 feneis
1386 672 1552 714 laminis
1587 677 1687 718 auts

92 801 94 803 Ι
134 747 343 802 praeduro
377 746 495 788 corio
529 750 790 798 consertum,
839 750 883 788 ut
924 745 1128 788 adversus
1168 746 1280 788 ictus
1320 747 1653 801 impenetrabile,

136 822 193 863 ita
223 822 379 875 impetu
409 821 591 863 hostium
621 822 854 875 provolutis
888 821 1072 863 inhabile
1095 821 1145 863 ad
1168 822 1488 876 resurgendum.
1523 823 1654 865 Simul

135 896 350 938 altitudine
381 900 422 938 et
451 896 624 938 mollitia
655 897 764 938 nivis
796 896 1108 938 hauriebantur.
1170 897 1382 939 Romanus
1424 897 1544 939 miles
1585 898 1654 941 sa-

135 971 228 1014 cilis
257 971 392 1013 lorica
423 976 462 1013 et
493 971 642 1013 missili
671 971 756 1026 pilo
790 976 859 1013 aut
888 971 1048 1013 lanceis
1082 971 1321 1025 adsultans,
1364 972 1433 1014 ubi
1464 985 1534 1015 res
1565 985 1652 1028 po-

134 1050 294 1099 sceret,
336 1046 419 1089 levi
450 1034 612 1102 ‘gladio‘
652 1047 855 1088 inermem
896 1047 1127 1089 Sarmatam
1177 1053 1336 1101 (neque
1380 1048 1491 1089 enim
1531 1052 1652 1090 scuto
1669 1063 1707 1091 10

136 1121 306 1164 defendi
337 1133 427 1163 mos
459 1126 544 1173 est)
577 1122 809 1163 comminus
843 1121 1045 1174 fodiebat,
1079 1121 1218 1164 donec
1248 1122 1387 1177 pauci,
1422 1123 1490 1177 qui
1522 1112 1653 1177 proe-

133 1196 191 1238 lio
231 1196 549 1251 superfuerant,
595 1197 814 1251 paludibus
855 1197 1124 1239 abderentur.
1190 1196 1250 1238 lbi
1292 1198 1471 1239 saevitia
1499 1197 1651 1240 hiemis

136 1276 178 1313 et
215 1272 259 1312 vi
295 1271 516 1314 vulnerum
562 1272 781 1326 absumpti.
842 1272 1064 1326 Postquam
1104 1272 1145 1314 id
1184 1273 1342 1314 Romae
1375 1276 1650 1327 compertum,

134 1347 301 1389 Marcus
332 1346 521 1400 Aponius
551 1347 755 1408 Moesiam
786 1347 979 1409 obtinens
1011 1347 1261 1402 triumphali
1283 1352 1441 1400 statua,
1484 1347 1651 1389 Fulvius

135 1421 333 1464 Aurelius
365 1426 407 1464 et
424 1422 606 1464 Iulianus
621 1404 783 1465 Tettius
813 1436 863 1465 ac
881 1423 1093 1465 Numisius
1114 1423 1251 1478 Lupus
1282 1423 1413 1478 legati
1438 1422 1653 1478 legionum
1668 1434 1705 1464 15

138 1496 430 1540 consularibus
462 1498 720 1539 ornamentis
753 1497 984 1550 donantur,
1030 1498 1140 1540 laeto
1185 1498 1350 1540 Othone
1390 1501 1430 1539 et
1473 1497 1653 1553 gloriam

267 1668 302 1702 2.
328 1666 444 1700 umido
473 1665 537 1701 Ma.
614 1666 649 1701 4.
677 1668 822 1709 catafra
849 1666 905 1712 (in
933 1675 1059 1700 versus
1084 1665 1174 1711 fine)
1203 1666 1406 1708 fractarum
1424 1663 1490 1708 Ma,
1518 1665 1647 1700 catha-

131 1717 332 1761 fractarum
358 1715 397 1750 G.
491 1716 524 1749 5.
556 1715 706 1760 leyimen
735 1714 830 1757 Gilia,
860 1724 931 1747 11011
961 1719 1107 1759 teqmen.
1191 1713 1339 1748 la‘mim‘s
1364 1712 1431 1748 Ma.
1518 1713 1553 1748 6.
1580 1714 1650 1747 im-

133 1763 308 1811 petrabile
332 1763 408 1805 Ma,
435 1762 669 1807 'ipenetrabile
697 1762 736 1797 G.
837 1762 871 1797 8.
910 1760 1031 1807 facilis
1057 1762 1132 1796 Ma:
1166 1761 1271 1807 facili
1293 1761 1366 1796 GR.
1470 1763 1525 1797 10.
1552 1768 1649 1796 scuto

138 1813 280 1858 defendi
306 1810 411 1846 GMa:
439 1811 581 1856 defendi
604 1818 699 1845 scuto
728 1811 959 1846 Puteolanus.
1064 1813 1118 1846 12.
1146 1811 1274 1845 senilia
1300 1808 1365 1844 Ma.
1461 1810 1584 1845 hiemis
1618 1817 1650 1846 et

132 1863 168 1896 vi
217 1861 402 1896 Muretus:
446 1859 499 1894 Ma
539 1860 597 1894 hic
635 1861 708 1894 mia
745 1872 824 1894 cum
872 1860 934 1894 lin.
982 1860 1181 1907 (miseria),
1223 1859 1251 1894 G
1294 1859 1352 1893 hic
1379 1859 1646 1901 misericordia.

135 1912 191 1946 13.
218 1909 312 1944 volu.
340 1909 399 1944 Or.
491 1909 546 1944 14.
578 1909 627 1943 M.
659 1908 724 1943 Ma.
829 1910 883 1944 15.
917 1909 1077 1944 lulianus
1113 1908 1238 1943 Tettius
1266 1908 1405 1942 editor:
1442 1907 1598 1943 iulianus
1629 1920 1648 1942 e

132 1959 228 1994 titius
254 1957 330 1993 Ma:
371 1958 547 2001 iulianus,
587 1958 683 1992 titius
712 1957 758 2000 G,
787 1957 949 1993 Iulianus
980 1959 1086 1993 Titius
1111 1957 1236 2004 vulgo.
1264 1958 1361 1992 conf.
1392 1956 1437 1991 ad
1463 1956 1507 1992 H.
1534 1959 1558 1993 2
1582 1957 1645 1992 85.

132 2104 244 2139 Dacis
271 2104 459 2150 congressi
487 2109 580 2138 sunt.
625 2104 719 2148 Apte
746 2105 858 2150 igitur

131 2153 304 2197 scriptum
335 2157 389 2186 est
418 2162 481 2187 eos
503 2153 678 2198 inrupisse
695 2153 742 2186 ad
754 2153 857 2187 Moe-

131 2202 223 2236 siam
266 2201 353 2246 (bis
390 2200 483 2235 nach
522 2202 681 2236 Moesien
726 2202 857 2248 einge-

131 2249 338 2297 brocheu').
392 2249 496 2284 Conf.
536 2249 622 2284 Sall.
652 2250 756 2284 Catil.
786 2252 855 2286 50:

134 2299 306 2343 Cethequs
332 2305 448 2332 autem
481 2311 546 2344 per
571 2300 712 2332 nuntios
746 2299 856 2342 sami..

133 2348 219 2381 liam
244 2353 346 2391 atque
372 2347 515 2380 libertos
535 2359 614 2380 suos
643 2369 686 2374 —
714 2348 853 2389 orabat,

133 2407 239 2442 yreqe
265 2397 361 2439 facto
389 2407 466 2429 cum
493 2395 568 2429 telis
607 2396 655 2429 ad
693 2407 766 2430 sese
793 2397 853 2429 in-

132 2450 345 2491 rumperent.

208 2505 251 2527 ex
276 2494 416 2539 ferocia
442 2499 474 2527 et
499 2505 683 2528 successu:
718 2493 809 2528 haec
836 2505 857 2527 a

132 2541 369 2588 sequentibus
420 2545 605 2576 commatis
641 2547 726 2577 nota
766 2543 856 2576 diri-

133 2591 262 2625 menda
297 2591 423 2625 suadet
462 2591 680 2626 Rhenanus:
723 2593 856 2637 quippe

136 2641 192 2673 vir
213 2644 339 2674 acutus
361 2639 430 2674 hoc
456 2640 599 2674 videtur
619 2642 854 2686 recogitasse,

140 2688 309 2722 ferociam
337 2698 408 2720 nou
436 2688 600 2732 obstare,
642 2699 712 2734 quo
741 2691 855 2723 minus

136 2746 278 2782 pugnae
306 2737 386 2781 quis
422 2737 580 2770 intentus
617 2738 674 2771 sit.
727 2739 857 2772 Verum

138 2784 276 2825 ferocia
302 2790 339 2818 et
367 2795 556 2818 successus
584 2787 792 2829 effecerant,
822 2791 861 2819 ut

137 2842 244 2866 sanae
292 2834 442 2867 rationis
490 2844 615 2868 vocem
657 2834 859 2869 Rhoxolani

138 2880 369 2927 negligerent
395 2892 513 2927 eoque
554 2882 708 2926 praedae
740 2884 855 2929 magis

139 2939 243 2974 quam
268 2939 409 2975 pugnae
435 2932 565 2965 intenti
593 2936 725 2966 essent.
754 2930 855 2966 Rhe-

139 2977 223 3012 nani
251 2976 519 3014 distinctionem
547 2979 729 3014 dissuadet
761 2979 855 3025 quod

140 3025 288 3062 verbum
308 3027 531 3074 inruperant,
551 3027 711 3063 ablativo
725 3038 858 3073 magna

927 2115 987 2150 spe
1013 2104 1238 2146 instructum,
1269 2113 1343 2137 non
1362 2104 1540 2137 concinne
1568 2113 1648 2137 cum

927 2153 1042 2187 altero
1070 2153 1173 2199 iungi
1201 2157 1332 2197 potest.

999 2203 1106 2235 tertia
1131 2201 1250 2247 legio:
1289 2200 1336 2235 cf.
1375 2205 1496 2234 annot.
1535 2201 1579 2234 ad
1605 2201 1647 2235 H.

925 2250 955 2284 11
991 2249 1049 2285 74.
1225 2249 1444 2296 lapsantibus
1484 2251 1579 2293 equis
1617 2255 1650 2284 et

927 2298 1242 2343 cataphractarum
1263 2298 1444 2344 pondere:
1470 2309 1504 2331 v·
1525 2303 1647 2332 annot.

927 2348 970 2381 ad
997 2346 1044 2380 llI
1070 2348 1130 2382 43.
1180 2347 1364 2392 Equorum
1394 2346 1496 2390 lapsu
1525 2352 1559 2380 et
1586 2357 1649 2380 ca-

927 2396 1191 2441 taphractarum
1207 2396 1366 2440 pondere
1380 2395 1543 2439 impediti
1565 2401 1648 2429 sunt

927 2444 1083 2488 barbari,
1112 2454 1182 2490 quo
1208 2446 1326 2478 minus
1352 2449 1541 2478 uterentur
1566 2444 1648 2489 gla..

927 2494 995 2528 diis
1023 2497 1059 2527 et
1085 2494 1213 2527 contis.
1276 2493 1468 2527 Ablativus
1492 2493 1649 2539 pondere

928 2552 1071 2578 causam
1105 2542 1241 2576 indicat
1270 2542 1437 2588 idemque
1464 2541 1563 2576 valet
1591 2546 1647 2576 at-

927 2604 996 2638 que
1023 2591 1063 2624 ob
1087 2591 1224 2636 pondus
1249 2591 1575 2636 camphi-actarum.

998 2646 1058 2674 aut
1085 2639 1220 2674 lanceis
1251 2639 1433 2674 adsultans
1451 2653 1461 2672 .·
1508 2638 1645 2672 lanceis

926 2688 1148 2723 assultabant
1174 2699 1246 2722 non
1273 2689 1341 2732 ipsi
1369 2687 1562 2733 legionarii
1590 2689 1643 2730 (v.

926 2743 1047 2772 annot.
1076 2737 1119 2771 ad
1145 2737 1160 2771 Ι
1185 2737 1278 2783 60),
1317 2737 1380 2770 sed
1417 2735 1552 2768 auxilia
1591 2734 1647 2767 his

928 2787 1107 2821 adiuncta.
1136 2786 1217 2819 Mox
1243 2785 1352 2818 levem
1377 2783 1534 2829 gladium
1560 2782 1647 2816 dicit

930 2835 1160 2880 Hispanicum
1188 2833 1484 2889 legionariorum.

997 2883 1119 2917 hiemis
1146 2886 1178 2914 et
1203 2882 1258 2914 vi:
1287 2881 1367 2914 libri
1395 2879 1548 2914 Medicei
1575 2889 1646 2913 no-

927 2936 1004 2974 tas,
1044 2940 1136 2976 quae
1166 2927 1288 2963 valent
1319 2928 1378 2962 hic
1412 2929 1556 2962 miseria
1583 2930 1644 2975 (π.

928 2980 1050 3014 hiemis
1077 2989 1117 3012 er
1143 2978 1217 3025 ia),
1257 2976 1414 3012 feliciter
1448 2978 1496 3011 ita
1525 2968 1644 3012 resol-

928 3028 981 3063 vit
1006 3027 1187 3070 Muretus,
1216 3030 1253 3060 ut
1280 3025 1402 3061 hiemis
1430 3036 1494 3071 pro
1521 3026 1644 3063 hiemis
