1768 3216
763 164 1071 201 HISTORIARVM
1445 173 1478 197 a.
1505 171 1541 198 ιι.
1567 161 1653 198 822.

166 173 237 207 160

164 288 354 330 tumultus
387 287 460 328 fuit
490 286 591 326 alius
622 283 826 324 tumultus.
903 281 1038 323 Pulvis
1068 279 1213 335 procul
1253 283 1293 321 et
1323 291 1437 322 arma
1468 278 1654 334 aspicie-

163 363 328 404 bantur:
347 360 652 406 ,conclamatum
670 361 838 412 repente
861 361 1046 410 quartam
1070 355 1270 396 decimam
1293 353 1506 409 legionem
1525 365 1652 396 verso

164 437 310 476 itinere
351 434 399 476 ad
431 433 633 487 proelium
673 433 832 474 venire.
895 429 1652 493 Sedmeffint'QQt-o-res:

162 509 290 562 agniti
321 508 538 561 dempsere
568 507 905 549 sollicitudinem.
956 505 1122 546 Interim
1142 503 1331 558 Verginii
1365 515 1513 545 servus
1544 502 1653 545 forte

128 582 304 623 sobvius
333 585 378 622 ut
407 593 632 635 percussor
662 580 813 622 Vitellii
846 579 1114 621 insimulatur.
1191 578 1241 619 Et
1275 577 1422 619 ruebat
1461 576 1513 619 ad
1545 588 1654 620 con-

157 656 308 697 vivium
339 655 472 708 miles,
505 660 678 696 mortem
710 654 898 708 Verginii
931 665 1178 707 exposcens.
1239 652 1301 694 Ne
1333 651 1522 694 Vitellius
1555 650 1653 707 qui-

160 730 266 782 dem,
301 732 545 783 quamquam
575 729 625 770 ad
659 741 802 770 omnes
836 728 1098 781 suspiciones
1129 727 1327 782 pavidus,
1361 727 1413 770 de
1445 727 1654 768 innocen·-

156 804 211 846 tia
244 805 331 845 eius
364 805 575 846 dubitavit.
636 805 778 858 Aegre
810 808 944 845 tamen
989 803 1159 844 cohibiti
1193 803 1260 857 qui
1293 803 1461 845 exitium
1495 814 1654 845 consu-

156 878 255 920 laris
283 883 322 920 et
353 879 557 932 quondam
591 879 707 920 ducis
736 879 798 920 sui
820 876 1073 933 flagitabant.
1106 879 1194 920 Nec
1220 890 1464 932 quemquam
1485 877 1652 932 saepius

5 959 145 1014 ‹stt-3¹⁰
160 964 278 1006 quam
312 953 551 1007 Verginium
584 953 719 993 omnis
751 953 900 994 seditio
934 952 1157 1016 inQvit..
1209 947 1402 994 Manebat
1432 951 1651 994 admiratio

159 1028 238 1068 viri
269 1031 308 1069 et
338 1027 466 1068 fama:
497 1028 571 1069 sed
604 1028 778 1069 oderant
809 1032 848 1067 ut
881 1027 1064 1087 fastiditi.
1142 1027 1314 1069 Postero
1348 1026 1416 1068 die
1446 1025 1724 1078 vitellius‚69

139 1106 323 1143 *senatus
357 1101 567 1156 legatione
600 1115 719 1156 quam
765 1103 821 1143 ibi
859 1086 1039 1156 opperiri
1082 1102 1262 1144 iusserat
1302 1101 1465 1154 audita,
1511 1105 1654 1143 trans-

155 1188 325 1230 gressus
358 1177 397 1216 in
431 1181 566 1217 castra
598 1177 704 1218 ultro
736 1177 926 1230 pietatem
958 1177 1129 1219 militum
1162 1176 1430 1228 collaudavit,
1463 1176 1654 1218 fremen-

153 1250 261 1292 tibus
292 1250 454 1291 auxiliis
486 1254 639 1291 tantum
672 1251 921 1304 impunitatis
954 1256 1076 1306 atque
1107 1251 1382 1307 adrogantiae
1404 1250 1652 1306 legionariis

105 1325 400 1369 isaccessisse.
462 1324 708 1366 Batavorum
742 1326 936 1367 cohortes
980 1339 1031 1368 ne
1073 1326 1169 1380 quid
1214 1325 1486 1368 truculentius
1517 1325 1652 1367 aude-

96 1434 98 1437 ,
156 1402 270 1450 rent,
304 1399 344 1438 in
377 1399 636 1440 Germaniam
668 1400 897 1452 remissae,
941 1400 1189 1453 principium
1223 1400 1386 1442 interno
1418 1399 1539 1442 simul
1556 1411 1651 1462 E}-

1258 1450 1494 1464 -n--Nnffld--h

154 1476 354 1526 ternoquc
384 1473 491 1515 bello
523 1462 763 1527 parantibus
797 1475 906 1515 satis.
963 1475 1139 1516 Reddita
1172 1475 1408 1538 civitatibus
1440 1474 1650 1517 Gallorum

184 1546 304 1560 w*

952 1623 1150 1658 consularis
1176 1622 1251 1658 Ma:
1288 1625 1359 1658 viri
1385 1624 1582 1659 consularis
1609 1623 1649 1659 G.

1009 1674 1062 1707 11.
1091 1678 1123 1706 et
1150 1674 1266 1717 famas
1295 1679 1327 1707 et
1353 1674 1408 1709 od.
1440 1672 1506 1708 Ma.
1582 1684 1651 1719 po-

1071 1722 1124 1755 14.
1167 1723 1239 1767 inp.
1270 1721 1335 1756 Ma.
1436 1733 1557 1768 cta-roy.
1583 1720 1649 1756 Ma.

848 1770 903 1803 17.
928 1780 978 1815 pa
1006 1770 1060 1814 (in
1087 1780 1213 1804 versus
1241 1769 1328 1816 fine)
1353 1771 1564 1817 parantibus
1583 1769 1650 1806 Ma.

290 1620 320 1654 7.
354 1632 451 1654 omne
481 1621 552 1655 lllaz
580 1622 606 1655 G
633 1634 761 1657 omnes.
879 1622 913 1658 8.

154 1667 187 1702 9.
216 1679 406 1712 quenquam
432 1669 496 1704 Ma.
575 1672 630 1706 10.
659 1672 823 1705 timii-atio
852 1670 918 1706 Ma.

153 1722 244 1749 staro
272 1716 342 1750 Ma:
367 1724 510 1763 postera
537 1719 574 1752 G.
688 1721 742 1755 13.
770 1720 860 1754 conl.
890 1719 955 1754 Mu.

158 1765 211 1799 15.
239 1765 400 1800 audirent
427 1766 501 1800 Ma:
531 1767 557 1801 G
586 1768 767 1803 auderent.

157 1902 286 1941 essent,
313 1900 379 1932 nisi
399 1898 468 1933 alio
493 1906 626 1936 terrore
650 1908 684 1936 et
708 1902 858 1936 tumultu

155 1947 266 1980 territi
296 1947 558 1984 abstinuissent.

211 1996 358 2040 agminis
385 2004 582 2032 coactores:
611 2000 668 2044 qui
692 1999 859 2033 disiectos

156 2046 373 2087 coercerent,
409 2051 446 2078 ut
481 2057 605 2090 agmen
647 2048 859 2092 completum

155 2097 249 2125 esset
277 2097 311 2125 et
338 2094 429 2127 iuste
459 2095 679 2138 procederet.
796 2110 861 2132 nec

154 2151 353 2184 quemquam
387 2145 524 2187 saepius
568 2166 610 2170 —
654 2146 859 2188 infestavit.-

153 2199 185 2221 ν.
215 2189 255 2222 ΙΙ.
285 2189 313 2223 ll
342 2190 389 2224 49
416 2196 450 2224 et
478 2192 535 2226 51.
629 2199 664 2226 ut
690 2195 860 2238 fastiditi.-

152 2236 192 2270 ll.
221 2237 235 2270 I
258 2237 290 2272 8.

223 2285 304 2330 Cap.
323 2286 380 2321 69.
407 2287 498 2321 ultro
522 2291 685 2335 pietatem
715 2291 860 2325 militum

151 2333 386 2368 collaudavit:
428 2336 471 2370 de
499 2339 606 2372 caede
634 2340 858 2373 auxiliarium

150 2381 290 2415 videtur
316 2385 469 2419 tacuisse
495 2391 528 2419 ct
555 2388 766 2422 seditionem
795 2388 859 2422 ad-

149 2439 272 2463 versus
305 2432 510 2477 Verginium
550 2436 744 2479 profectam
780 2448 860 2471 esse

150 2488 169 2510 a
202 2479 309 2512 nimio
344 2481 505 2515 Caesaris
542 2494 661 2518 amore
700 2495 859 2519 comme-

148 2536 316 2561 morasse.
357 2528 411 2562 Cf.
442 2530 482 2563 ll.
508 2531 522 2564 1
550 2532 608 2567 83.

218 2577 430 2621 principium
455 2579 592 2613 interno
621 2581 722 2615 simul
739 2588 859 2615 exter-

146 2633 256 2666 noque
283 2624 368 2657 bello
380 2628 587 2670 parantibus
611 2631 716 2673 satist
743 2631 859 2664 inter-

146 2680 227 2703 num
265 2672 398 2706 bellum
438 2674 526 2708 dixit
563 2677 656 2721 quod
695 2678 857 2712 Flaviani

147 2718 314 2754 adversus
339 2722 521 2756 Vitellium
549 2736 630 2758 mox
658 2731 858 2772 gesserunt,

148 2771 329 2802 externum
348 2770 441 2814 quod
454 2782 472 2804 a
484 2771 664 2807 Germanis
677 2775 860 2819 Gallisque

148 2813 316 2849 adversus
343 2819 462 2860 copias
477 2820 712 2855 Romanorum
733 2824 766 2855 in
782 2824 859 2867 ripa

148 2860 261 2896 Rheni
291 2865 443 2908 exarsit3
485 2869 529 2901 cf.
556 2869 596 2902 11.
625 2871 672 2904 IV
703 2872 856 2906 13—15.

151 2907 332 2949 Quomodo
357 2913 493 2947 interno
510 2915 604 2951 bello
632 2924 790 2963 paratum
813 2920 858 2954 sit

932 1903 1159 1947 principium,
1186 1908 1270 1937 ante
1298 1902 1412 1948 (c.60
1438 1909 1474 1938 et
1489 1902 1554 1952 67)
1584 1916 1651 1940 ex—

931 1953 1085 1996 positum
1114 1956 1187 1995 est,
1224 1951 1288 1986 sed
1318 1962 1360 1985 eo
1389 1955 1588 1998 respiciens
1615 1958 1651 1988 et

932 2000 1018 2034 belli
1039 2002 1178 2034 externi
1197 2001 1410 2045 principium
1428 2012 1522 2036 nunc
1543 2013 1650 2037 enar-

931 2060 1013 2083 rans
1033 2054 1220 2094 utrumque
1248 2049 1457 2093 complexus
1486 2055 1541 2085 est
1564 2061 1650 2086 ver-

932 2097 986 2131 bis
1012 2098 1151 2131 ineerno
1181 2097 1284 2132 simul
1307 2105 1517 2144 externoque-
1545 2099 1647 2143 bello,

932 2157 1024 2191 quae
1051 2146 1144 2180 idem
1172 2146 1295 2180 valent
1334 2157 1375 2180 ac
1409 2149 1650 2193 praeterin-

933 2201 1070 2228 ternmn
1099 2195 1203 2228 etiam
1230 2201 1374 2228 externo
1412 2195 1512 2231 hello.
1570 2197 1649 2239 Non

930 2238 1284 2277 vere'Doederlinius
1310 2245 1488 2279 internum
1522 2250 1558 2280 et
1582 2256 1650 2280 ex-

930 2297 1067 2325 ternum
1104 2291 1238 2326 bellum
1264 2294 1520 2338 interpretatur
1542 2293 1650 2341 ‘quod

931 2345 1010 2384 post
1035 2342 1168 2375 exarsit
1198 2340 1368 2375 adversus
1396 2341 1548 2377 Civilem
1575 2342 1650 2379 Ba-

931 2394 1048 2422 tavum
1085 2394 1121 2422 et
1158 2389 1262 2423 simul
1298 2401 1316 2423 a
1344 2389 1489 2424 Batavis
1525 2390 1648 2426 desci-

931 2437 1127 2480 scentibus,
1157 2437 1262 2471 simul
1283 2448 1302 2471 a
1323 2438 1506 2472 Germanis
1531 2438 1649 2473 adhuc

931 2485 1113 2519 indomitis
1144 2485 1359 2530 gerebatur'.

1003 2535 1097 2567 inter
1137 2535 1268 2567 inania
1311 2533 1393 2568 belli
1429 2534 1648 2581 adsumptus:

932 2581 1022 2616 Galli
1053 2582 1138 2615 dites
1165 2587 1197 2615 et
1212 2581 1365 2616 imbelles
1393 2588 1505 2626 erant,
1533 2588 1572 2617 ut
1594 2589 1648 2618 est

931 2631 967 2663 in
993 2629 1192 2663 Annalibus
1220 2630 1267 2664 XI
1299 2631 1365 2674 18;
1395 2631 1484 2666 adde
1511 2631 1558 2667 ΠΙ
1585 2632 1646 2668 46.

1004 2684 1035 2711 et
1062 2680 1154 2712 vires
1190 2679 1274 2712 luxu
1307 2680 1645 2726 corrumpebantur:

933 2732 963 2759 et
1006 2731 1060 2760 est
1094 2737 1157 2770 pro
1194 2729 1313 2763 etiam.

930 2775 1080 2818 primum
1107 2775 1338 2821 frangebatur
1365 2778 1459 2822 quod
1486 2777 1647 2821 pericula

931 2834 972 2856 ac
1008 2822 1108 2856 labor
1141 2824 1300 2858 crebrius
1338 2826 1531 2869 redibant,
1572 2831 1645 2861 tum

929 2881 971 2904 eo
998 2871 1090 2916 quod
1129 2874 1223 2907 vires
1259 2874 1336 2907 eius
1372 2873 1457 2908 luxu
1483 2885 1645 2910 corrum-

928 2919 1125 2964 pebantur:
1161 2932 1240 2955 nam
1276 2923 1368 2957 vires
1405 2922 1498 2957 haud
1536 2923 1645 2960 dubie

1374 2728 1511 2763 Vitellii
1542 2728 1646 2764 miles
1692 2745 1694 2747 >
