1768 3216
170 219 239 254 110

754 206 1065 245 HlS'l'ORIARVM

1647 53 1656 67 ·.
1670 40 1768 84 '*=*⁷⁰3‘{is⁹

1695 141 1724 167 a

166 335 390 377 delatorem
421 330 556 374 fratris
586 328 649 371 sui
678 329 917 385 peryertere
932 337 943 376 ;
974 325 1239 375 traxeratque
1265 330 1459 375 magnam
1483 322 1654 367 senatus

165 413 347 463 partem,
390 410 432 447 ut
473 403 731 452 indefensum
763 404 804 442 et
833 399 1060 441 inauditum
1092 396 1188 439 dedi
1220 395 1272 438 ad
1305 395 1474 437 exitium
1511 397 1662 448 postu-.-

166 483 310 528 larent.
374 480 523 521 Contra
569 477 674 531 apud
716 475 820 518 alios
864 474 966 516 nihil
1006 485 1139 527 aeque
1183 483 1257 512 reo
1298 469 1500 524 proderat
1539 480 1662 533 quam

164 555 287 596 nimia
315 552 496 608 potentia
528 550 807 594 accusatoris:
840 548 931 590 dari
952 552 1128 602 tempus,
1162 545 1229 588 edi
1251 544 1441 596 crimina,
1473 541 1661 597 quamvis

133 629 339 671 sinvisum
369 641 418 670 ac
447 630 666 669 nocentem
697 636 814 667 more
845 628 980 666 tamen
1013 621 1278 673 audiendum,
1313 617 1558 674 censebant.
1606 616 1680 665 Et'·

163 704 333 748 valuere
364 703 521 757 primo,
555 701 762 754 dilataque
793 699 835 739 in
867 710 1023 752 paucos
1056 697 1146 742 dies
1183 694 1383 750 cognitio.
1442 692 1542 735 Mox
1575 691 1657 738 da-

163 783 321 821 mnatus
354 781 417 819 est
445 777 643 828 Faustus,
692 785 949 827 nequaquam
998 783 1048 812 eo
1097 770 1279 812 adsensu
1328 766 1506 816 civitatis
1537 777 1661 821 quem

161 852 352 908 pessimis
392 850 575 893 moribus
614 852 832 891 meruerat.

896 846 1054 900 Quippe
1094 845 1227 898 ipsum
1268 843 1456 897 Crispum
1487 841 1658 885 easdem

165 927 454 970 accusationes
486 937 576 967 cum
608 923 792 978 praemio
822 921 1066 963 exercuisse
1093 919 1381 970 meminerant,
1414 928 1494 960 nec
1522 926 1661 971 poena

116 1012 153 1042 ιο
167 1001 353 1044 criminis
386 1000 459 1042 sed
487 1000 595 1042 ultor
626 997 880 1052 displicebat.

1451 211 1484 236 a.
1512 210 1549 245 ῃ,
1572 199 1658 239 822.

299 1075 423 1117 Laeta
454 1074 615 1116 interim
647 1072 797 1115 Othoni
827 1069 1028 1125 principia
1060 1068 1175 1121 belli,
1208 1067 1331 1110 motis
1363 1066 1416 1109 ad
1446 1064 1664 1122 imperium
1676 1066 1730 1107 11

1255 1116 1447 1135 M

168 1148 256 1208 eius
296 1161 319 1190 e
367 1147 567 1191 Dalmatia
614 1146 906 1198 Pannoniaque
955 1143 1224 1186 exercitibus.
1286 1142 1419 1190 Fuere
1468 1143 1663 1196 quattuor

119 1263 122 1268 ,
166 1224 370 1278 legiones,
395 1235 417 1263 e
448 1222 594 1276 quibus
625 1221 722 1262 bina
752 1220 863 1262 milia
894 1219 1123 1274 praemissa
1134 1231 1146 1268 3
1178 1217 1294 1271 ipsae
1325 1215 1503 1262 modicis
1529 1214 1668 1272 inter-

1396 1267 1572 1287 st,-

128 1288 129 1291 '
166 1298 285 1340 vallis
324 1297 628 1351 sequebantur,
670 1295 844 1349 septima
888 1307 910 1336 a
953 1293 1082 1335 Galba
1130 1291 1391 1346 conscripta,
1442 1293 1668 1335 veteranae
1723 1284 1726 1289 ’

117 1371 383 1414 nsundecima
415 1384 464 1414 ac
494 1370 791 1414 tertiadecuma
823 1373 864 1411 et
896 1368 1111 1424 praecipui
1142 1367 1250 1410 sama
1284 1363 1666 1420 quartadecumani,

166 1447 396 1490 rebellione
439 1445 676 1489 Britanniae
727 1456 985 1498 compressa.

1046 1441 1281 1484 Addiderat
1327 1439 1507 1495 gloriam
1556 1439 1668 1485 Nero

174 1520 365 1575 eligendo
396 1524 440 1562 ut
468 1520 728 1574 potissimos3
765 1519 879 1560 unde
911 1517 1039 1572 longa
1069 1516 1150 1558 illis
1182 1528 1284 1570 erga
1314 1514 1526 1565 Neronem
1564 1513 1669 1563 tides

174 1598 213 1636 et
243 1599 380 1637 erecta
411 1594 453 1635 in
484 1593 688 1636 Othonem
719 1593 869 1636 studia.

166 1669 247 1722 ris,
294 1682 316 1711 e
348 1669 497 1711 fiducia
526 1669 699 1711 tarditas
730 1668 878 1710 inerat.

301 1812 334 1846 2.
361 1810 562 1855 indefensas
588 1809 652 1844 Ma.

172 1858 227 1893 15.
273 1859 522 1893 tertiadecuma
560 1858 613 1892 Ma

169 1907 351 1952 praecipui
376 1906 470 1951 GMa,
492 1908 686 1954 praecipua
712 1906 752 1942 C.

177 2032 236 2067 XV
247 2032 318 2067 38:
345 2033 391 2067 ad
417 2033 482 2067 hoc
507 2033 661 2068 lamenta
682 2035 883 2080 paventium

177 2082 386 2126 feminarum
429 2100 464 2108 -
497 2083 737 2128 impediebant.
794 2083 883 2116 Am-

178 2129 268 2173 plius
303 2135 436 2163 terrore
469 2141 531 2174 pro
570 2133 715 2165 terroris
756 2133 882 2176 scripsi

178 2182 320 2211 secutus
336 2178 546 2212 Beroaldum
564 2191 572 2212 ι
598 2182 779 2225 genitivus
808 2182 884 2214 ori-

179 2226 296 2270 ginem
332 2226 437 2260 debet
475 2228 635 2271 opinioni
676 2229 883 2272 scribentis,

180 2274 384 2317 particulam
422 2280 452 2309 et
497 2275 589 2309 idem
628 2277 749 2311 valere
792 2277 885 2322 quod

179 2322 300 2364 etiam,
336 2327 370 2356 et
396 2323 504 2358 verba
527 2327 676 2370 propria
701 2327 735 2359 vi
760 2331 886 2369 postu-

179 2369 252 2403 lare
293 2381 409 2404 casum
452 2383 495 2405 ex
533 2374 620 2416 ipsis
663 2384 885 2418 suspensum.

179 2417 358 2451 Terrorem
375 2419 512 2453 Tacitus
528 2419 613 2454 dicit
629 2433 732 2466 quem
743 2421 887 2466 Crispus

182 2467 310 2499 ceteris
347 2468 568 2501 senatoribus
603 2470 727 2504 iniecit
762 2471 888 2516 (durch

181 2514 537 2560 Einscluicltteranq).

258 2562 467 2597 delatorem‘'
488 2565 611 2608 fratris
652 2567 707 2599 sui
740 2578 888 2612 perver-

180 2615 274 2644 tere.-
310 2621 380 2645 non
407 2611 579 2658 intelligit
616 2614 786 2649 iudicium
819 2626 887 2660 quo

182 2658 306 2692 Vibius
323 2660 503 2694 Secundus
527 2662 798 2705 repetundarum
825 2664 887 2697 da-

181 2711 319 2742 mnatus
349 2713 402 2743 est
431 2710 680 2744 accusantibus
701 2712 828 2746 Mauris
855 2724 886 2748 a.

181 2754 227 2789 60
267 2766 287 2788 a
327 2756 408 2791 Chr.
447 2757 511 2791 sub
554 2759 713 2803 principe
747 2760 889 2795 Nerone

184 2802 371 2856 gx1V28)‚
397 2805 459 2838 sed
485 2805 581 2840 aliud
602 2818 670 2852 quo
697 2807 791 2847 idem
811 2820 890 2843 ma-

183 2851 319 2884 iestatis
338 2851 495 2896 crimine,
524 2860 561 2887 ut
585 2855 737 2899 videtur,
764 2862 890 2901 postea

186 2898 360 2932 concidit:
406 2910 483 2933 nam
524 2903 561 2935 in
608 2905 725 2947 priore
771 2905 890 2939 nullus

170 2945 321 2982 ..delator
347 2947 476 2991 extitit,
505 2950 568 2984 sed
593 2952 676 2986 iusti
701 2957 891 2989 accusato-

737 1810 772 1845 3.
799 1808 912 1844 nichil
937 1806 1002 1843 Ma.

651 1859 832 1893 referente
875 1858 1055 1892 Victorio:

830 1908 886 1942 16.
915 1906 1131 1941 brittanniae
1155 1903 1223 1940 Ma.

932 1591 1014 1635 Sed
1047 1603 1127 1645 quo
1159 1590 1249 1644 plus
1280 1590 1429 1631 virium
1461 1601 1511 1631 ac
1534 1588 1669 1630 robo-

938 1666 1103 1721 Agmen
1133 1665 1346 1724 legionum
1378 1663 1470 1710 alae
1511 1663 1671 1706 cohor-

1087 1808 1120 1843 7.
1149 1818 1216 1841 ass.
1246 1805 1305 1841 Or.

1104 1855 1132 1890 O
1389 1804 1424 1846 9.
1451 1815 1572 1856 paena
1595 1802 1661 1850 m.

1137 1867 1162 1889 Γ.

1203 1855 1313 1890 tacite
1363 1855 1469 1903 tertia
1512 1853 1660 1890 decima.

1299 1903 1358 1940 18.
1389 1902 1529 1938 robur-ic
1555 1900 1621 1938 Ma.

953 2044 1011 2069 res
1035 2033 1313 2078 repetundarum
1341 2033 1476 2073 crimen
1491 2030 1557 2067 ulti
1576 2035 1670 2071 sunt.

952 2082 1119 2117 Fortasse
1153 2081 1222 2116 boc
1250 2081 1400 2123 alterum
1437 2080 1609 2116 iudicium
1634 2081 1671 2120 in

954 2131 1102 2175 perditis
1123 2130 1316 2165 Annalium
1343 2130 1444 2167 libris
1469 2129 1672 2174 expositum

955 2180 1034 2214 fuit.

1030 2227 1167 2262 easdem
1193 2228 1438 2269 accusationes
1463 2237 1541 2268 eum
1560 2237 1673 2273 prae-

955 2277 1023 2310 mio
1045 2277 1240 2317 exercuisse
1254 2288 1266 2310 .·
1292 2277 1489 2322 potentiam
1511 2275 1590 2310 eius
1605 2273 1672 2316 sub

957 2326 1099 2360 Nerone
1113 2325 1254 2365 Tacitus
1283 2324 1502 2371 significavit
1517 2323 1599 2361 xtv
1613 2322 1673 2366 28,

958 2375 1029 2408 alia
1063 2374 1216 2408 fortasse
1250 2374 1294 2409 de
1337 2373 1463 2414 eodem
1495 2373 1532 2414 in
1573 2371 1674 2409 libris

958 2424 1098 2456 amissis
1126 2421 1282 2456 tradidit.
1339 2421 1393 2459 Cf.
1423 2421 1464 2460 Η.
1489 2420 1539 2455 lv
1567 2421 1614 2458 23
1639 2423 1676 2454 et

957 2471 1016 2514 41,
1043 2471 1083 2506 Ο.
1112 2471 1148 2506 8.
1202 2470 1342 2505 Vibium
1382 2471 1550 2515 ingentes
1587 2477 1675 2512 opes

960 2530 1045 2564 quas
1074 2518 1236 2564 possedit
1263 2518 1323 2564 (Q.
1348 2517 1406 2564 8),
1431 2517 1674 2559 ‚delationibus

960 2578 1102 2612 parasse
1117 2567 1276 2601 indicant
1291 2565 1399 2600 verba
1419 2565 1674 2611 cumpraeaem'o.

1048 2617 1134 2661 Cap.
1165 2617 1220 2651 11.

965 2675 1188 2710 compressa:
1217 2663 1298 2699 xlv
1324 2663 1481 2699 34-37.

1030 2713 1217 2747 addiderat
1237 2712 1390 2758 yloriam
1404 2712 1498 2746 Nero
1517 2710 1676 2758 eligendo

960 2767 997 2794 ut
1019 2763 1235 2807 potissimos.-
1257 2761 1440 2806 legionem
1456 2760 1558 2802 illum
1576 2769 1678 2794 com-

961 2810 1155 2853 primendis
1185 2809 1346 2843 Vindicis
1373 2814 1408 2843 et
1428 2809 1562 2846 Gal-bae
1589 2819 1677 2844 coe-

962 2858 1031 2901 ptis
1059 2858 1152 2892 Nero
1193 2857 1382 2903 elegerat,
1418 2868 1536 2902 neque
1578 2861 1678 2900 recte

963 2905 1007 2939 de
1035 2906 1133 2940 hello
1161 2906 1334 2946 adversus
1361 2905 1521 2941 Albanos
1555 2916 1576 2941 a
1602 2905 1679 2940 Ne·-

962 2963 1050 2988 rone
1083 2960 1206 2999 parato
1243 2955 1378 3001 cogitat
1410 2953 1677 2994 Doederlinius.

1282 2615 1596 2660 quartadecumani
1631 2636 1673 2642 —
1700 2664 1702 2666 Ι
