1768 3216
746 156 833 193 Cu.
860 158 1015 195 22—23.
1579 159 1629 195 89

132 276 337 323 conviviis
369 276 632 329 consultant,
670 279 875 330 tamquam
906 275 1018 317 nullo
1055 275 1188 331 magis
1226 279 1412 330 tempore
1452 279 1523 318 aut
1571 275 1624 318 ad

131 351 343 406 simplices
369 352 648 406 cogitationes
678 355 816 405 pateat
846 351 1006 394 animus
1037 350 1176 393 autad
1193 363 1366 405 magnas
1385 350 1624 394 incalescat.

133 424 245 468 Gens
287 438 372 468 non
409 430 542 468 astuta
571 438 651 467 nec
692 425 843 468 callida
888 426 1021 480 aperit
1057 425 1192 471 adhuc
1230 429 1395 468 secreta
1439 426 1624 480 pectoris

131 500 297 543 licentia
321 500 425 560 loci.
486 501 599 555 Ergo
632 501 795 542 detecta
827 505 867 541 et
906 501 1015 543 nuda
1055 501 1238 542 omnium
1290 512 1408 542 mens
1454 504 1624 555 postera

129 574 199 621 die
228 579 504 628 retractatur,
538 580 578 617 et
608 576 722 619 salva
753 576 966 630 utriusque
996 576 1194 630 temporis
1224 575 1331 617 ratio
1368 579 1445 617 est.
1503 574 1661 620 Deli-5

127 645 302 703 beraut,
344 650 437 692 dum
469 650 629 706 fingere
659 651 851 693 nesciunt
862 664 873 702 3
920 651 1196 703 constituunt,
1226 650 1320 692 dum
1362 662 1506 695 errare
1536 660 1622 691 non

58 725 116 765 23
127 729 314 785 possunt.
373 725 490 768 Potui
519 725 666 767 humor
694 739 746 768 ex
775 710 949 768 hordeo*
967 730 1036 767 aut
1067 725 1299 777 frumento,
1345 724 1388 765 in
1416 724 1623 778 quandam

127 798 439 845 similitudinem
470 801 555 842 vini
585 805 829 855 corruptus:
879 800 1059 854 proximi
1099 800 1215 854 rIpae
1257 804 1297 841 et
1325 800 1467 841 vinum
1507 811 1621 841 mer-

127 877 286 919 cantur.
347 874 436 921 Cibi
465 875 703 930 simplices,
744 876 929 930 agrestia
960 887 1109 929 poma,
1153 886 1305 916 recens
1338 873 1430 916 fera
1461 877 1531 916 aut
1554 873 1620 917 lac

996 1039 1032 1073 4.
1073 1038 1145 1072 ioci
1169 1048 1348 1083 superscr.
1372 1037 1447 1072 ‘vel
1476 1037 1556 1071 loci’
1581 1038 1619 1081 P,

1336 1087 1370 1121 5.
1411 1091 1623 1122 recretactur

262 1041 297 1076 3.
334 1040 446 1074 adlice
472 1040 515 1074 P:
542 1040 659 1074 adhuc
684 1040 859 1085 plerique.

125 1093 163 1124 ut
191 1089 459 1124 Hummelianns
497 1094 533 1124 ct
559 1088 855 1136 stuttgardiensis
895 1092 930 1123 ct
961 1088 1198 1123 Monacensis.

125 1148 302 1184 superscr.
329 1149 353 1172 a
378 1139 414 1172 P.

903 1286 957 1316 cst
989 1282 1165 1316 fermento
1203 1285 1386 1323 mutatus;
1426 1282 1464 1314 in
1504 1292 1619 1326 quan..

903 1331 983 1364 dam
1008 1329 1269 1364 similitudinem
1300 1329 1399 1363 valet
1438 1334 1476 1362 ut
1501 1340 1617 1375 quac-

903 1379 981 1413 dam
996 1378 1055 1411 liat
1080 1378 1290 1412 similitudo.
1322 1377 1438 1413 Οῗνον
1471 1379 1511 1414 ἐκ
1534 1391 1617 1424 κρι-

125 1297 188 1331 eqo
215 1297 260 1319 ac
290 1290 326 1319 lu
362 1284 615 1329 simplicissime
646 1284 739 1317 inter
773 1294 834 1315 nos

123 1334 226 1369 hodie
261 1333 443 1378 loquimur.
496 1332 604 1367 169:
638 1342 708 1365 non
744 1332 835 1365 enim

121 1383 295 1429 simplices
313 1393 373 1415 eas
385 1392 502 1414 curas.
524 1381 552 1414 ΙΙ
584 1379 631 1413 ΙΙΙ
657 1380 725 1415 85:
754 1380 834 1412 ine-

124 1437 183 1466 rat
206 1437 322 1465 tamen
347 1428 552 1475 simplt'citas
573 1434 605 1462 et
625 1427 832 1462 liberalitas.

193 1514 278 1548 qens
311 1513 384 1535 non
418 1505 534 1534 astuta
575 1511 640 1532 nec
677 1498 834 1533 callida.-

123 1556 261 1586 astutus
288 1555 342 1585 cst
367 1554 492 1584 natura
512 1575 522 1591 ,
559 1548 710 1582 callidus
737 1547 833 1582 mul-

125 1606 237 1636 tarum
264 1609 381 1634 rerum
406 1597 546 1644 peritia.

197 1671 312 1716 aperit
347 1669 463 1704 adlato
506 1674 644 1701 secreta
681 1667 834 1712 pectoris

124 1720 270 1754 licentia
311 1718 402 1752 loci:
461 1716 673 1762 particulam
718 1716 836 1749 adlmc

123 1770 234 1814 iunge
265 1777 344 1802 cum
373 1777 405 1800 v.
434 1770 572 1800 secreta
597 1765 770 1810 pectoris,
798 1763 833 1798 h.

125 1829 156 1852 e.
171 1827 263 1862 quae
282 1815 399 1850 adhuc
415 1819 562 1859 pectore
585 1813 706 1847 clausa
722 1817 833 1846 erant.

123 1867 302 1900 Pontanus
317 1864 525 1899 discernere
540 1862 703 1907 nequivit
719 1866 834 1894 utrum

123 1916 158 1948 in
185 1913 388 1961 ιε’ρχεηΐπῳ
414 1912 483 1946 loci
509 1922 551 1945 an
579 1911 660 1953 ioci,
690 1914 725 1944 et
750 1909 834 1943 hinc

123 1964 159 1998 in
194 1962 317 2007 paucis
349 1960 460 2003 illud,
498 1961 536 2001 in
570 1958 733 2005 plurimis
765 1957 835 1991 hoc

123 2021 330 2057 expressum
366 2014 432 2044 est.
501 2008 638 2042 locatos
679 2017 759 2040 esse
798 2007 834 2039 in

121 2060 301 2095 conviviis
347 2057 542 2093 Germanos
585 2056 726 2090 Tacitus
763 2065 835 2088 non

121 2108 238 2151 tradit,
266 2109 372 2141 immo
402 2106 511 2141 animi
539 2106 594 2139 sui
619 2104 834 2139 senteutiam

84 2198 87 2199 ⁷
121 2159 199 2193 sine
227 2156 442 2191 velamentis
469 2154 661 2200 protulisse
689 2153 733 2187 de
774 2162 833 2186 re-

122 2206 187 2241 hus
218 2204 388 2252 gravibus
417 2203 582 2237 etscriiS.
610 2202 664 2236 De
682 2200 835 2235 diversis

121 2251 360 2289 Romanorum
386 2251 544 2285 moribus
576 2249 666 2284 haec
699 2249 836 2283 monuit

122 2303 334 2337 Passovius:
359 2299 517 2344 ‘singula
544 2299 620 2332 fere
647 2297 751 2330 huius
772 2307 834 2330 ca-

122 2352 206 2397 pitis
233 2349 344 2384 verba
369 2348 541 2382 institutis
568 2347 734 2380 Romanis
765 2355 831 2388 op-

123 2401 240 2445 posita
275 2402 370 2432 sunt.
439 2395 641 2441 surgebant
679 2393 835 2435 Quirites

123 2454 206 2483 antc
230 2447 374 2488 lucem,
412 2444 623 2479 lavabantur
658 2447 738 2486 post
778 2442 835 2485 pi-

122 2497 212 2539 lam;
254 2495 385 2530 iunctis
420 2493 564 2527 sedibus
607 2490 834 2533 coenabant3

123 2557 168 2580 ne
193 2545 272 2591 quis
299 2545 335 2577 in
362 2543 450 2576 urbe
478 2552 556 2575 cum
589 2541 695 2574 armis
725 2543 834 2581 esset,

124 2594 267 2640 legibus
310 2591 382 2626 Xll.
440 2590 637 2624 tabularum
693 2593 834 2623 cautum

125 2647 222 2684 erat;
254 2645 337 2674 ant-c
373 2639 538 2675 lucernas
575 2642 699 2682 potare
727 2637 834 2681 igno..

124 2691 313 2725 miniosum
341 2687 565 2728 habebatur3
609 2696 671 2729 per
709 2685 837 2719 convi-

124 2741 184 2773 via
211 2737 366 2781 denique
393 2740 514 2770 mutua
552 2733 750 2770 diffidentia
776 2744 836 2768 rc-

125 2786 279 2833 gnabat'.

198 2857 283 2902 Gap.
310 2856 369 2892 23.
407 2855 445 2888 in
472 2853 647 2899 quandam
672 2852 834 2887 similitu-

126 2906 241 2945 dinem
276 2905 347 2941 vini
387 2908 595 2950 corruptus.-
648 2904 834 2946 corruptus

903 1430 1005 1463 ⁹in
1031 1430 1292 1474 πεποιημένον
1307 1426 1402 1470 apud
1416 1426 1616 1471 AegyptIos

905 1475 1106 1509 Herodotus
1148 1475 1287 1508 invenit
1325 1473 1376 1519 (ΙΙ
1406 1475 1484 1519 77).
1539 1474 1616 1508 Pli-

902 1525 982 1557 nius
999 1524 1093 1557 ΧΧΙΙ
1117 1523 1184 1565 82:
1214 1535 1257 1556 ex
1281 1523 1388 1556 isdem
1414 1522 1616 1568 (frugibus)

898 1574 986 1616 fiunt
1013 1578 1044 1605 el
1067 1577 1167 1617 potus
1184 1598 1193 1614 ,
1220 1571 1358 1615 zythum
1383 1571 1422 1604 in
1446 1571 1614 1616 Aeyyplo‚

903 1621 996 1654 celia
1021 1626 1053 1654 et
1080 1620 1178 1654 ceria
1203 1620 1241 1652 in
1271 1620 1479 1664 Hispania,
1513 1630 1615 1652 cere-

900 1670 990 1703 visia
1029 1674 1060 1702 et
1096 1668 1203 1713 plura
1239 1678 1373 1711 genera
1410 1669 1448 1701 in
1487 1666 1608 1701 Gallia

901 1718 1048 1762 aliisque
1072 1717 1277 1764 provinciis.

971 1789 1126 1834 proximi
1159 1788 1260 1833 ripae
1296 1792 1327 1820 et
1366 1786 1485 1820 vinum
1522 1797 1618 1821 mer-

903 1843 1058 1872 cantur:
1093 1840 1293 1870 mercantur
1326 1846 1346 1868 a
1373 1835 1540 1868 Romanis
1582 1835 1619 1868 in

902 1887 1046 1919 sinistra
1072 1884 1212 1926 Rheni,
1251 1885 1288 1917 in
1315 1883 1440 1917 dextra
1464 1883 1619 1917 Danubii

902 1935 990 1978 ripa.
1019 1933 1102 1967 Alia
1115 1933 1313 1966 Suevorum
1338 1932 1503 1965 instituta
1525 1936 1620 1966 tem-

902 1982 1049 2026 poribus
1077 1981 1157 2015 lulii
1189 1979 1375 2023 Caesaris,
1404 1980 1465 2026 qui
1492 1979 1536 2014 de
1565 1978 1620 2012 his

902 2031 942 2065 B.
971 2030 1012 2064 G.
1039 2029 1087 2063 lv
1115 2031 1160 2064 2:
1197 2029 1316 2063 vinum
1344 2029 1391 2062 ad
1415 2040 1451 2062 se
1478 2029 1618 2062 omnino

901 2078 1090 2124 importari
1112 2088 1184 2112 non
1211 2078 1352 2120 sinunt,
1392 2076 1482 2121 quod
1512 2088 1555 2110 ea
1579 2087 1619 2110 re

903 2128 950 2162 ad
976 2127 1132 2161 laborem
1164 2126 1348 2170 ferendum
1372 2125 1616 2159 remollescere

903 2177 1058 2211 homines
1084 2181 1187 2221 atque
1209 2174 1408 2220 effeminari
1433 2173 1619 2208 arbitran-

902 2231 973 2261 ιιιν.

975 2293 1133 2339 ayt-eseia
1157 2303 1286 2337 poma:
1327 2302 1419 2337 quac
1456 2292 1493 2324 in
1522 2291 1618 2337 agris

903 2346 1108 2383 nascuntur,
1137 2351 1207 2373 non
1234 2342 1270 2374 in
1295 2341 1406 2374 hortis
1422 2340 1619 2384 praecipua

904 2401 987 2424 cura
1014 2389 1191 2423 coluntur.

991 2471 1115 2494 recens
1146 2461 1228 2504 fera
1279 2457 1445 2504 (frisches
1489 2456 1618 2503 wilei).-

903 2511 1022 2544 statim
1048 2513 1085 2541 ut
1111 2512 1214 2552 capta
1241 2512 1307 2548 est,
1335 2507 1411 2540 fera
1435 2505 1478 2539 ad
1506 2505 1620 2539 eden-

904 2559 985 2593 dum
1013 2562 1213 2602 apparatur.
1275 2555 1353 2590 Non
1382 2559 1484 2589 cocta
1512 2564 1618 2587 carne

905 2608 1003 2642 vesci
1032 2606 1225 2640 Germanos
1251 2605 1393 2638 Tacitus
1423 2606 1520 2636 certe
1547 2611 1619 2634 non

909 2656 1093 2697 indicavit,
1122 2654 1266 2688 tradidit
1291 2651 1507 2696 Pomponius
1528 2649 1622 2683 Mela

906 2705 951 2739 ill
979 2705 1001 2738 3
1029 2706 1073 2746 2,
1114 2704 1172 2748 qui
1209 2712 1283 2735 rem
1316 2702 1351 2734 in
1383 2699 1496 2732 maius
1533 2707 1620 2732 vero

907 2753 1017 2788 auxit.
1085 2751 1200 2785 Aliter
1226 2748 1435 2783 Posidonius
1463 2746 1487 2780 l.
1517 2757 1573 2780 c..·
1601 2745 1620 2790 ἢ

907 2797 1031 2849 τροφὴ
1067 2800 1207 2834 δ’ἐστὶν
1244 2796 1354 2842 ἄριοι
1383 2795 1455 2843 μὲν
1485 2795 1629 2842 ὀλίγοι,

905 2852 996 2896 κρέα
1023 2848 1061 2883 δὲ
1079 2845 1200 2883 πολλὰ
1230 2847 1270 2881 ἐν
1299 2844 1410 2880 ὕδατι
1433 2846 1496 2878 καὶ
1517 2837 1616 2879 ὀπτὰ

906 2899 962 2936 ἐπ’
992 2894 1197 2945 α’νδριέκων
1223 2892 1243 2941 ἢ
1271 2892 1488 2942 ὀβελίσκων.
1518 2890 1622 2935 Tuci,
