1768 3216
44 1213 67 1233 5-
73 1210 144 1235 'ze'

9 1299 145 1365 nssstfssa

159 231 232 291 am

749 241 1062 281 fflsTomARvm

1441 254 1474 278 a.
1501 253 1538 277 u.
1564 241 1650 279 823.

157 368 357 416 ynationem
380 363 495 398 altera
518 367 621 407 parte
650 361 751 394 huius
780 359 862 393 libri
892 364 1079 393 narratam
1104 364 1136 392 et
1165 363 1283 393 cetera
1308 368 1414 404 usque
1439 359 1487 393 ad
1509 359 1652 394 caedem

158 426 353 463 Domitiani
377 426 427 470 (a.
451 424 499 458 96
525 433 547 455 a
572 422 673 466 Chr.)
697 421 845 466 posteris
882 419 1033 454 abstulit.

1087 419 1221 452 Desunt
1260 425 1376 453 autem
1408 424 1536 465 septem
1569 419 1654 455 titre·

160 494 191 522 et
214 487 328 520 maior
356 495 443 529 pars
470 483 592 527 quinti,
623 481 711 515 anni
737 478 862 526 viginti
886 489 960 522 sex,
989 483 1021 514 et
1049 482 1096 514 tot
1122 479 1265 524 defuere
1296 480 1368 513 iam
1395 478 1510 514 seculo
1537 479 1653 513 unde-

159 548 264 587 cimo,
300 555 375 577 cum
410 543 609 588 superstites
636 541 874 575 Historiarum
899 540 983 574 libri
1008 551 1085 573 cum
1108 545 1210 585 parte
1248 539 1365 573 altera
1396 537 1591 573 Annalium
1615 539 1655 573 in

157 604 367 639 monasterio
418 603 543 636 montis
588 602 767 636 Casinatis
812 599 1110 634 describebantur.

1183 600 1286 644 Conf.
1326 599 1501 633 Prooemii
1543 598 1656 632 nostri

159 677 188 699 c.
218 664 276 700 29.
328 664 382 696 De
409 663 538 696 ambitu
563 663 677 708 operis
703 667 733 695 et
761 661 977 695 duodenario
1005 659 1174 694 librorum
1206 671 1349 694 numero
1380 660 1508 694 dictum
1529 658 1657 694 ibidem

160 736 190 758 c.
219 724 372 759 12—16.

292 933 489 976 Eiusdem
519 932 615 974 anni
645 931 850 986 principio
882 932 1038 973 Caesar
1066 931 1204 982 Titus,
1236 929 1549 983 perdomandae
1586 929 1697 972 lu-l

162 1010 291 1051 daeae
331 1008 515 1050 delectus
557 1020 580 1048 a
623 1011 738 1061 patre
780 1010 821 1048 et
859 1005 1033 1060 privatis
1079 1005 1294 1059 utriusque
1337 1004 1464 1046 rebus
1515 1003 1660 1046 militia

162 1083 314 1136 clarus,
348 1083 505 1124 maiore
533 1087 617 1123 tum
647 1082 687 1122 vi
719 1082 911 1134 famaque
941 1080 1106 1135 agebat,
1139 1079 1394 1121 certantibus
1415 1079 1661 1134 provincia-

120 1171 129 1178 ·
161 1170 252 1200 rum
283 1161 322 1199 et
352 1157 607 1198 exercituum
652 1155 814 1197 studiis.

873 1154 1010 1218 Atque
1051 1154 1165 1208 ipse,
1211 1158 1255 1195 ut
1284 1166 1411 1208 super
1453 1154 1660 1196 fortunam

1308 1208 1637 1227 Ἦ

96 1232 435 1284 screderetur,
484 1232 684 1273 decorum
717 1243 764 1272 se
792 1234 1107 1285 promptumque
1150 1229 1194 1270 in
1225 1229 1350 1271 armis
1397 1227 1659 1280 ostendebat,

164 1307 355 1347 comitate
387 1309 426 1347 et
453 1305 660 1359 adloquiis
688 1305 825 1347 officia
843 1316 1094 1359 provocans,
1127 1316 1176 1345 ac
1195 1302 1462 1357 plerumque
1452 1314 1495 1344 ln
1517 1313 1660 1357 opere,

160 1380 204 1422 in
236 1380 401 1436 agmine
430 1380 630 1435 gregario
661 1379 780 1421 militi
819 1379 995 1432 mixtus,
1038 1379 1280 1432 incorrupto
1324 1378 1442 1420 ducis
1482 1376 1659 1420 honore.

305 1529 337 1563 1.
363 1528 489 1562 iudeae
518 1526 584 1563 Ma.

240 1723 326 1768 Cap.
356 1725 386 1758 1.

167 1772 339 1809 delectus:
369 1771 531 1806 delectus
559 1776 635 1805 erat
660 1770 705 1804 ad
722 1770 792 1805 hoc
810 1772 880 1804 im-

167 1822 304 1865 perium
336 1819 453 1854 medio
490 1830 583 1853 anno
619 1820 782 1864 proxime
816 1830 880 1853 su-

167 1870 329 1913 periore:
358 1867 403 1902 cf.
434 1868 476 1901 H.
504 1867 534 1902 ΙΙ
560 1868 620 1912 82,
647 1867 695 1901 lv
723 1869 782 1902 51.

237 1917 386 1963 privatis
409 1917 588 1961 utriusque
614 1916 740 1950 rebus:
772 1915 818 1949 cf.
837 1915 880 1949 H.

170 1965 216 1998 111
252 1966 327 2000 65:
386 1963 528 1998 Flavius
565 1965 716 1998 Sabinus
760 1969 876 1998 aetate

166 2013 269 2059 prior
290 2013 439 2057 privatis
470 2013 650 2057 utriusque
687 2012 788 2046 rebus
814 2023 883 2046 au-

173 2061 333 2094 ctoritate
368 2061 587 2106 pecuniaque
631 2059 883 2105 Vespasianum

172 2109 340 2143 anteibat.
392 2108 433 2142 H.
463 2108 490 2141 V
516 2109 583 2143 26:
627 2119 713 2153 erya
751 2108 883 2154 Vespa-

172 2158 312 2192 sianum
334 2162 430 2190 vetus
455 2156 542 2190 milti
566 2156 789 2190 observantia
806 2182 815 2199 ‚
853 2162 884 2189 et

175 2217 251 2239 cum
290 2205 448 2250 privatus
484 2210 596 2247 esset,
634 2205 741 2238 amici
773 2215 884 2239 voca-

175 2254 308 2287 bamur.
368 2253 540 2287 Nimirum
580 2254 740 2298 privatus
779 2252 884 2286 modo

176 2302 367 2346 opponitur
422 2301 685 2346 magistratibus
706 2327 715 2344 ‚
779 2301 883 2335 modo

171 2350 389 2396 principibus
414 2353 522 2394 atque
550 2349 784 2384 Caesaribus:
829 2349 884 2383 al-

176 2403 289 2432 terum
323 2408 418 2431 nunc
446 2408 513 2431 usu
539 2399 663 2441 venit,
708 2399 814 2432 etiam
840 2398 882 2431 A.

176 2447 243 2481 39:
282 2446 319 2479 id
344 2446 410 2480 sibi
433 2446 583 2480 maxime
609 2446 884 2496 formidolosum,

172 2495 306 2540 privati
329 2494 479 2528 hominis
505 2505 631 2528 nomen
648 2505 757 2540 supra
779 2495 885 2540 prin-

178 2542 264 2588 cipis
289 2541 413 2575 attolli.

189 2600 193 2607 ·
244 2591 380 2623 maiore
412 2595 482 2624 tum
518 2591 553 2624 vi
586 2593 773 2636 famaque:

178 2639 394 2673 contrarium
435 2643 489 2672 est
525 2639 714 2673 verborum
737 2638 887 2684 privatis

176 2688 354 2731 utriusque
378 2687 501 2730 rebus,·
528 2697 608 2721 cum
630 2686 736 2720 rebus
763 2687 886 2730 priva-

177 2737 223 2768 tis
251 2736 482 2779 componitur
501 2735 645 2769 fortuna
662 2733 825 2769 Caesaris
853 2739 888 2768 et

178 2783 362 2827 principis.
390 2784 443 2818 De
462 2783 530 2817 Titi
558 2783 687 2818 militia
703 2788 785 2817 ante
809 2783 886 2816 for-

430 1722 694 1769 perdomandae
724 1721 880 1757 Iudaeae

817 2595 887 2623 tum

179 2835 299 2864 tunam
326 2842 361 2865 v.
390 2832 536 2866 Sueton.
565 2830 631 2866 Tit.
650 2833 684 2867 4.
712 2830 886 2875 Iosephus

180 2877 219 2911 B.
249 2877 324 2912 Iud.
350 2878 396 2913 111
426 2881 480 2923 10,
508 2879 552 2915 lv
584 2882 601 2915 1
633 2880 687 2915 10.

237 2937 340 2972 super
364 2930 555 2972 fortunam,
582 2927 616 2962 h.
634 2939 664 2962 e.
693 2927 792 2964 nulla
810 2927 886 2962 for-

182 2975 288 3008 tunae
313 2983 485 3020 pemona,
518 2975 581 3011 sed
613 2976 674 3022 qui
710 2986 753 3010 eo
780 2975 886 3010 adiu-

671 1529 705 1564 2.
739 1528 904 1574 privatis]
935 1526 1057 1574 platis,
1084 1526 1117 1560 h.
1147 1537 1179 1560 e.
1204 1525 1389 1572 praelatis,
1416 1524 1482 1570 M³,
1507 1525 1662 1583 pliantis

162 1578 214 1613 G:
241 1577 396 1613 correxit
423 1576 628 1612 Rhenanus.
679 1577 714 1612 4
741 1588 845 1622 super
868 1578 1050 1622 fortunam
1063 1574 1227 1620 Lipsius:

1257 1573 1311 1610 Ma
1336 1575 1514 1622 superiori
1537 1585 1658 1611 unam.

948 1724 1070 1755 mento
1095 1731 1215 1766 neque
1240 1720 1293 1754 uti
1325 1729 1445 1766 neque
1471 1729 1581 1766 egere
1603 1720 1666 1754 vi-

949 1770 1105 1804 deretur.
1165 1768 1331 1803 Mendum
1357 1768 1534 1814 superiori
1557 1768 1666 1802 unam

949 1823 1071 1852 natum
1098 1828 1143 1851 ex
1159 1819 1337 1862 scriptura
1362 1818 1510 1862 antiqua
1534 1816 1666 1852 uncia-

949 1867 1049 1910 lium,
1076 1865 1137 1900 ubi
1164 1865 1191 1900 F
1219 1870 1254 1900 et
1282 1865 1309 1909 1,
1337 1869 1412 1899 tum
1437 1863 1465 1899 F
1493 1868 1528 1899 et
1552 1864 1577 1898 T
1608 1865 1666 1899 fa-

952 1915 1022 1949 cile
1036 1918 1307 1949 commutantur.
1333 1912 1558 1948 Doederlinii
1576 1923 1667 1948 con-

950 1965 1088 1998 iectura
1115 1963 1276 2008 superior
1299 1973 1374 1996 una
1405 1973 1444 1996 re
1480 1971 1553 1996 non
1578 1971 1667 2008 pro-

950 2011 1090 2046 banda:
1117 2010 1214 2045 Titus
1235 2011 1329 2044 enim
1357 2009 1521 2044 omnibus
1545 2010 1666 2054 lebna,

950 2069 1023 2093 non
1057 2069 1146 2102 una,
1184 2059 1348 2103 superior
1387 2053 1501 2093 videri
1527 2058 1667 2102 voluit3

953 2107 1120 2152 displicet
1157 2109 1263 2141 etiam
1302 2106 1569 2140 fundamentum
1598 2106 1666 2140 hu-

952 2158 1007 2190 ius
1034 2156 1263 2200 suspicionis,
1291 2156 1468 2200 scriptura
1494 2154 1576 2189 libri
1595 2153 1666 2189 Bu·

953 2205 1073 2238 densis
1103 2205 1265 2250 superior
1290 2213 1410 2238 uuam.

1052 2252 1215 2287 decorum
1251 2265 1289 2287 se
1330 2258 1592 2298 promptumque
1630 2252 1670 2286 in

954 2301 1089 2344 armis,
1135 2300 1170 2335 h.
1213 2312 1244 2335 e.
1289 2301 1453 2335 decorum
1485 2311 1521 2334 se
1562 2300 1670 2334 armis

951 2354 1211 2395 promptumque
1260 2349 1299 2383 in
1345 2349 1390 2382 iis
1444 2346 1668 2383 ostendebat.

954 2397 1034 2442 Ipsa
1061 2408 1158 2431 arma
1185 2402 1267 2431 sunt
1293 2397 1402 2432 decus
1430 2397 1569 2432 miiitis.

1037 2456 1206 2491 excepere
1241 2446 1494 2479 adventantem
1512 2445 1670 2479 redeun-

954 2499 1098 2538 temque
1129 2504 1174 2528 ex
1211 2494 1341 2527 itinere
1367 2493 1515 2527 Romam
1542 2503 1670 2528 susce-

954 2546 1028 2586 pto,
1056 2540 1120 2575 sed
1145 2551 1217 2574 non
1243 2541 1434 2585 perfect03
1460 2552 1496 2575 ν.
1513 2541 1554 2575 H.
1582 2540 1669 2576 114.

955 2589 1129 2633 Iosephus
1155 2588 1197 2623 B.
1225 2588 1302 2624 Iud.
1335 2589 1365 2622 V
1394 2590 1408 2621 1
1439 2589 1474 2631 §.
1503 2587 1537 2623 6.

1026 2642 1058 2670 et
1090 2637 1257 2671 adductos
1293 2637 1553 2671 Alexandriam
1581 2635 1670 2670 duo-

955 2686 1218 2720 etvicesimanos
1233 2686 1492 2730 tertianosque:
1512 2686 1565 2719 sic
1581 2685 1672 2718 haec

955 2734 1065 2767 verba
1089 2734 1180 2768 duce
1208 2733 1261 2768 Ma
1300 2733 1551 2768 constituenda
1577 2737 1670 2767 sunt.

958 2782 1096 2826 Quippe
1122 2787 1203 2816 sunt
1231 2783 1300 2817 duo
1329 2782 1476 2824 vexilla,
1501 2781 1669 2815 millena·-

956 2831 1045 2863 rium
1074 2829 1252 2876 quodque,
1285 2841 1392 2864 unum
1420 2841 1464 2864 ex
1492 2828 1670 2876 Primige-

956 2878 1014 2912 nia
1033 2879 1111 2912 sive
1129 2878 1413 2913 duoetvicesima
1434 2877 1581 2924 legione
1608 2884 1671 2911 su-

956 2926 1108 2971 perioris
1148 2925 1384 2969 Germaniae,
1437 2925 1587 2960 alterum
1628 2935 1672 2958 ex

955 2975 1061 3009 tertia
1088 2975 1235 3020 Syriaca
1252 3000 1270 3022 ,Ι
1299 2984 1320 3009 a
1342 2973 1485 3009 Nerone
1510 2971 1672 3008 Alexan-
