1768 3216
123 259 127 262 .
183 213 258 249 110

189 342 307 384 quam
339 329 444 371 mori
470 332 625 370 tantum
655 340 731 383 pro
762 330 896 383 patria
926 328 1223 371 nescientibus.

802 210 1062 262 AemcopAE

1284 327 1532 378 Quantulum
1573 327 1684 370 enim

189 405 388 446 transisse
419 404 604 457 militum,
638 405 674 446 si
705 417 800 447 sese
830 405 1017 447 Britanni
1048 403 1293 446 numerent?
1339 403 1408 446 Sic
1432 403 1684 446 'Germanias

190 478 426 520 excussisse
457 479 624 533 iugum:
658 482 698 520 et
728 478 909 531 flumine,
942 491 1027 520 non
1050 479 1220 521 Oceano
1250 477 1434 520 defendi.

1493 477 1580 520 sthi
1609 486 1688 531 pa-

188 552 324 606 triam,
361 553 565 608 coniuges
592 557 801 607 parentes,
843 553 924 594 illis
956 553 1172 595 avaritiam
1217 557 1258 595 et
1294 553 1496 595 luxuriam
1540 562 1688 594 causas

157 625 286 669 ⁵belli
319 640 427 670 esse.
460 628 733 682 Recessuros,
766 633 810 670 ut
841 629 962 670 divus
993 628 1118 670 Iulius
1149 628 1410 680 recessisset,
1443 626 1569 669 modo
1598 625 1690 668 vir-

188 704 313 743 tutem
343 702 546 744 maiorum
578 715 747 745 suorum
779 703 1100 746 aemularentur.
1146 703 1261 745 Neve
1291 701 1441 756 proelii
1468 701 1591 743 unius
1621 703 1712 750 autss

191 776 362 819 alterius
392 782 542 820 eventu
571 783 874 832 pavescerent:
906 778 996 832 plus
1028 778 1230 832 impetus,
1258 777 1458 819 maiorem
1487 780 1690 819 constan-

190 852 288 894 tiam
318 864 448 907 penes
481 854 657 896 miseros
691 867 798 896 csse.

862 854 947 896 lam
982 854 1274 895 Britannorum
1307 853 1431 895 etiam
1462 852 1566 895 deos
1609 851 1690 894 mi-

191 927 339 981 sereri,
373 929 441 982 qui
469 929 698 972 Romanum
732 929 877 970 ducein
914 930 1142 981 absentem,
1176 928 1244 982 qui
1274 927 1504 983 relegatum
1534 926 1578 968 in
1607 926 1690 969 alia

141 1001 326 1044 ininsula
368 1004 597 1045 exereitum
640 1003 874 1045 detinerent
889 1018 899 1055 3
934 1003 1015 1044 iam
1060 1003 1204 1057 ipsos,
1250 1001 1360 1056 quod
1405 1000 1690 1044 difficillimum

195 1076 335 1130 suerit,
369 1077 617 1120 deliberare.

193 1162 288 1193 esse
319 1150 573 1205 deprehendi
606 1165 726 1205 quam
771 1152 941 1194 audere.

678 1078 807 1120 Porro
851 1078 892 1118 in
930 1077 1136 1120 eiusmodi
1182 1076 1370 1119 consiliis
1414 1075 1690 1130 periculosius

1002 1151 1075 1192 His
1118 1155 1240 1205 atque
1280 1150 1428 1192 talibus
1471 1150 1513 1191 in
1555 1149 1690 1192 vicem
1705 1155 1759 1195 16

192 1225 400 1279 instincti,
448 1226 659 1269 Boudicca
689 1227 859 1281 generis
889 1226 997 1281 regii
1039 1226 1192 1268 semina
1237 1225 1342 1268 duce
1382 1226 1540 1282 (neque
1582 1224 1691 1266 enim

191 1310 335 1342 sexum
363 1300 406 1341 in
438 1300 623 1355 imperiis
650 1301 913 1353 discernunt)
958 1312 1173 1355 sumpsere
1201 1300 1387 1343 universi
1417 1299 1572 1342 bellum
1582 1312 1595 1350 3
1640 1311 1690 1341 ac

141 1389 178 1420 ιε
191 1387 360 1430 sparsos
390 1387 466 1431 per
497 1376 668 1419 castella
704 1376 853 1419 milites
884 1376 1144 1429 consectati,
1185 1362 1431 1431 expugnatis
1467 1374 1690 1430 praesidiis

344 1520 374 1554 1.
404 1518 606 1564 quantulum
635 1519 713 1554 121:
744 1525 910 1564 quantum
937 1517 1166 1553 Puteolanus.

655 1569 687 1603 5.
715 1570 877 1602 uirtutem
906 1570 991 1615 FA:¹
1016 1569 1163 1602 uirtutes
1189 1566 1418 1602 Puteolanus.

190 1566 306 1603 triam.
335 1568 508 1613 Contiuyes
535 1570 577 1604 Δ.

1303 1519 1339 1553 3.
1367 1517 1508 1563 defendi
1531 1518 1599 1552 sibi
1621 1529 1691 1564 pa-

1505 1567 1561 1603 13.
1596 1566 1691 1602 Voa-

190 1615 292 1650 «licea
317 1618 355 1660 Γ,
392 1617 557 1652 Voadnca
581 1619 625 1660 Δ,
664 1617 819 1651 Voadica
843 1616 1072 1670 Puteolanus.

191 1735 247 1780 [in
268 1736 413 1770 Verrem
440 1735 502 1770 lib.
530 1734 560 1769 11
589 1736 650 1782 10)
686 1737 825 1770 comites
850 1735 906 1770 illi

190 1785 240 1818 tm·
265 1783 388 1818 delecti
412 1795 536 1818 mainus
563 1791 664 1818 erant
691 1791 790 1827 luae,
824 1789 906 1829 post

191 1831 406 1867 Gronovium
435 1834 596 1867 certatim
624 1833 667 1867 ab
695 1834 904 1877 interpreti-

189 1880 255 1925 bus
280 1881 409 1924 allata,
446 1881 538 1915 alius
571 1883 714 1928 generis
752 1887 834 1915 sunt
869 1886 905 1916 et

190 1940 270 1963 cum
297 1930 352 1963 his
378 1930 522 1964 minime
551 1931 799 1975 comparanda.

260 2000 461 2044 quantulum
499 2003 591 2035 enim
634 2002 821 2035 transisse:
857 2001 901 2035 cf.

191 2052 313 2083 annot.
341 2048 384 2082 ad
410 2049 451 2082 H.
482 2048 527 2083 lv
555 2050 612 2084 76.

250 2119 302 2153 sic
317 2119 525 2154 Germanias
552 2121 740 2156 excussisse
766 2121 902 2166 iuqum:

189 2166 274 2201 dicit
336 2167 557 2202 Germaniam
611 2170 903 2203 transrhenanam

187 2216 339 2249 Arminii
361 2218 495 2251 virtute
522 2229 542 2251 a
562 2218 648 2264 iugo
667 2219 903 2252 Romanorum

187 2263 386 2299 liberatam.
423 2265 508 2300 Eam
538 2265 627 2300 alias
651 2277 799 2300 numero
826 2267 904 2300 sin-

188 2313 303 2358 gulari
341 2314 568 2348 Germaniam
603 2325 735 2349 vocare
765 2315 905 2348 Tacitus

187 2361 292 2405 solet,
321 2362 364 2395 (le
391 2373 460 2407 quo
488 2363 621 2397 dictum
647 2364 689 2397 ad
711 2364 749 2398 ll.
775 2364 821 2396 lV
850 2365 903 2398 17.

187 2409 278 2444 Hinc
314 2412 471 2454 suspicio
518 2412 554 2445 in
589 2413 733 2456 antiquo
780 2412 905 2446 codice

186 2457 299 2491 fuisse
312 2458 506 2492 Germanici
521 2465 556 2493 et
572 2460 782 2503 compendio
797 2471 905 2505 prave

187 2505 305 2540 soluto
334 2509 543 2550 provenisse
572 2509 805 2552 Germanias,
844 2509 904 2542 ubi

187 2553 311 2588 debuit
341 2555 578 2590 Germaniam.
735 2558 903 2602 patriam,

188 2603 351 2650 coniuges
375 2610 562 2650 parentes:
596 2605 648 2638 sic
676 2604 903 2650 distinguen-

187 2651 296 2695 dum3
346 2663 380 2687 v.
409 2652 452 2686 ad
482 2653 526 2687 xl
553 2653 586 2688 6.
653 2653 777 2686 Statim
806 2654 902 2687 divus

188 2699 297 2734 Iulius
324 2711 395 2734 non
430 2700 508 2735 sine
536 2701 654 2746 aliqua
691 2702 856 2735 irrisione
885 2713 905 2735 a

185 2747 343 2783 barbaris
370 2754 528 2785 vocatur.

258 2845 344 2890 Cap.
365 2847 417 2881 16.
449 2847 625 2881 Boudicea
656 2867 692 2872 —
724 2848 830 2881 duce.-
856 2847 900 2881 de

184 2891 297 2927 forma
323 2895 476 2928 nominis
518 2896 564 2931 cf.
605 2897 786 2931 annotatio
827 2897 900 2931 cri-

184 2941 255 2977 tica
281 2942 324 2977 ad
354 2943 431 2980 XIV
458 2945 515 2979 31.

1054 1735 1112 1768 ira
1148 1739 1180 1768 et
1210 1733 1387 1769 victoria.-
1430 1733 1490 1767 ira
1525 1741 1689 1775 causam,

970 1783 1121 1817 victoria
1146 1782 1352 1816 facultatem
1380 1781 1579 1826 explendae
1605 1791 1688 1815 sae-

971 1832 1081 1866 vitiae
1111 1832 1269 1866 denotat.

1040 1891 1105 1924 ne,
1133 1891 1339 1925 quamquam
1366 1879 1526 1925 eyreqius
1553 1883 1682 1921 cetera,

971 1929 1186 1974 adroqanter
1222 1930 1260 1963 in
1286 1928 1418 1962 deditos
1455 1949 1501 1955 -
1527 1925 1690 1962 consule-

970 1983 1053 2013 ret:
1081 1988 1143 2021 pro
1169 1989 1225 2020 ne,
1256 1987 1461 2021 quamquam
1487 1977 1523 2010 in
1548 1978 1584 2012 A
1606 1974 1689 2009 leve

972 2026 1099 2059 vitium
1126 2030 1179 2060 est
1205 2036 1423 2070 nequaquam
1442 2025 1498 2070 (in
1527 2025 1605 2058 eius
1623 2033 1689 2057 cx·-

973 2073 1120 2118 emplari
1162 2073 1230 2107 fuit
1269 2084 1312 2107 ne
1345 2075 1520 2117 quidquam
1554 2071 1614 2106 vel
1645 2082 1690 2105 ne

969 2122 1058 2170 ᾆᾷ),
1085 2123 1121 2155 in
1146 2124 1176 2156 Γ
1198 2116 1337 2167 ηεῇυαᾷ
1370 2121 1491 2154 addito
1531 2121 1567 2154 in
1593 2130 1689 2154 mar-

970 2172 1055 2216 gine
1089 2172 1174 2215 neq,
1213 2170 1247 2204 h.
1280 2182 1311 2204 e.
1349 2181 1568 2214 nequaquam
1605 2178 1689 2203 cor-

972 2224 1108 2253 rectum
1136 2220 1171 2252 in
1198 2229 1472 2263 nequamquam,
1501 2222 1539 2252 ut
1563 2228 1687 2252 corre-

970 2272 1047 2301 ctus
1066 2270 1097 2302 Γ
1112 2267 1281 2311 praebeat
1299 2267 1493 2301 lectionem
1514 2266 1558 2301 ab
1572 2266 1688 2301 amico

972 2315 1126 2350 Walchii
1165 2320 1200 2350 et
1232 2327 1252 2350 a
1281 2315 1463 2355 Walthero
1505 2325 1688 2350 commen-
1721 2328 1723 2331 ¹

970 2364 1085 2398 datam
1112 2376 1167 2407 ne,
1196 2375 1415 2409 quamquam.
1482 2363 1579 2398 Idem
1606 2363 1688 2398 vitii

970 2423 1084 2458 genus
1114 2414 1246 2446 invasit
1275 2413 1404 2447 librum
1427 2412 1627 2447 Mediceum
1653 2415 1688 2446 et

971 2466 1110 2494 ceteros
1150 2462 1190 2495 ll.
1233 2461 1280 2494 1v
1310 2461 1368 2496 68.
1457 2461 1534 2503 Quo
1570 2460 1686 2494 minus

969 2508 1108 2542 barbari
1144 2514 1342 2554 agnoscant
1374 2508 1541 2543 bellicam
1571 2509 1687 2542 virtu-

970 2562 1041 2591 tem
1055 2556 1207 2601 Paulini,
1234 2556 1297 2591 sed
1323 2558 1479 2591 iunctam
1508 2566 1587 2591 cum
1614 2556 1687 2590 ini-

971 2606 1106 2649 quitate
1141 2606 1177 2638 in
1216 2607 1336 2650 ipsos,
1383 2605 1473 2639 nihil
1507 2604 1686 2649 prohibet.

969 2654 1096 2699 Neque
1124 2665 1209 2688 vera
1235 2655 1387 2688 offensio
1411 2659 1464 2688 est
1490 2664 1595 2698 quam
1620 2652 1687 2686 ad-

970 2713 1095 2736 versus
1120 2702 1210 2737 hanc
1223 2704 1424 2737 sententiae
1445 2702 1593 2736 sormam
1608 2711 1687 2735 mo·-

970 2752 1022 2784 vit
1039 2751 1194 2785 Handius
1222 2753 1258 2784 in
1283 2751 1434 2785 Tursell.
1461 2756 1486 2784 t.
1514 2749 1543 2784 11
1569 2761 1602 2794 p.
1626 2750 1686 2793 43,

971 2811 1009 2832 se
1039 2800 1217 2834 neminem
1245 2809 1423 2845 cognosse
1454 2800 1549 2833 inter
1574 2798 1687 2832 bonos

970 2849 1161 2892 scriptores
1218 2849 1278 2893 qui
1326 2847 1527 2892 pronomini
1571 2852 1688 2881 cetera

972 2896 1174 2930 adiunxerit
1192 2907 1418 2941 quamquam.-
1446 2907 1525 2930 nam
1543 2906 1585 2930 ea
1601 2904 1686 2941 par-

970 2944 1082 2983 ticula
1113 2946 1235 2981 iuncta
1262 2950 1315 2982 est
1342 2955 1421 2981 cum
1450 2945 1594 2980 nomine
1621 2943 1687 2980 ad·-
