1768 3216
733 228 821 265 Cu.
854 230 1006 267 to-12.
1566 235 1637 271 1oe

129 346 478 402 procurrentibus
509 346 552 388 in
583 347 751 390 diversa
783 348 904 391 terris
934 348 1086 403 positio
1117 349 1223 392 caeli
1265 350 1510 405 corporibus
1548 352 1630 395 ha-

135 420 264 463 bitum
296 415 425 464 dediti
486 422 532 464 In
561 423 803 465 universum
836 427 972 467 tamen
1003 424 1238 467 aestimanti
1269 425 1412 468 Gallos
1448 426 1632 469 vicinam

130 495 308 539 insulam
343 509 575 552 occupasse
606 498 809 541 credibile
840 503 916 541 est.
986 499 1140 541 Eorum
1179 512 1302 542 sacra
1345 499 1633 555 deprehendas

119 570 475 625 superstitionum
522 573 821 627 persuasione3
869 585 1008 615 sermo
1050 573 1159 616 haud
1206 574 1374 616 multum
1424 575 1632 629 diversus,

128 644 172 687 ἰιι
200 644 483 700 deposcendis
529 648 730 702 periculis
773 648 921 690 eadem
967 649 1167 702 audacia,
1202 653 1242 690 et
1287 649 1360 692 ubi
1405 650 1632 703 advenere,

126 719 171 762 in
203 720 487 764 detrectandis
525 723 672 765 eadem
700 723 897 765 formido.
942 723 1036 765 Plus
1067 728 1205 765 tamen
1228 724 1424 767 >ferociae
1446 725 1633 768 Britanni

129 795 387 850 praeferunt,
418 801 462 839 ut
489 809 594 851 quos
623 798 808 840 nondum
839 798 966 854 longa
996 811 1078 853 pax
1109 799 1344 841 emollierit.
1393 800 1497 842 Nam
1528 800 1633 842 Gal-

125 869 194 912 los
223 881 389 925 quoque
420 871 463 912 in
493 872 614 914 bellis
645 873 840 915 floruisse
871 874 1131 927 accepimus3
1173 885 1272 915 mox
1313 874 1509 929 segnitia}
1537 887 1631 917 cum

130 943 217 988 otio
247 943 430 997 intravit,
462 946 615 988 amissa
646 947 799 988 virtute
826 947 984 1001 pariter
1014 959 1065 989 ac
1093 947 1298 990 libertate.
1374 948 1495 997 Quod
1534 948 1633 990 Bri-

130 1022 350 1061 tannorum
381 1019 479 1061 olim
509 1021 632 1064 victis
663 1022 828 1063 evenit:
862 1022 994 1063 ceteri
1026 1026 1192 1063 manent
1223 1021 1366 1075 quales
1399 1022 1505 1064 Galli
1535 1023 1632 1066 sue-

55 1089 231 1138 12runt.
291 1095 339 1137 In
370 1094 511 1150 pedite
546 1096 697 1147 robur3
730 1097 933 1152 quaedam
964 1096 1157 1138 nationes
1186 1100 1226 1138 et
1258 1108 1384 1137 curru
1413 1097 1631 1151 proelian-

219 1233 257 1267 2.
276 1231 436 1266 extimati
462 1231 693 1266 Puteolanus.
765 1232 924 1266 uicinam
949 1231 1101 1266 insulam
1127 1233 1212 1267 TA:
1239 1232 1396 1266 uicinam
1422 1233 1532 1266 solum
1557 1210 1630 1266 ῥυ-

127 1279 306 1324 molanus,
331 1281 487 1315 vicinum
510 1280 621 1315 solum
646 1280 856 1315 Beroaldus.
951 1281 984 1315 7.
1011 1280 1137 1326 longas
1157 1291 1234 1326 pas.-
1259 1281 1432 1315 emolierit
1457 1280 1630 1315 Puteola-

122 1339 207 1413 :3⁵³3
232 1387 334 1413 vere.
473 1379 527 1412 11.
562 1377 725 1423 impedite
752 1379 824 1419 ΓΔ,
851 1376 914 1411 sed
940 1378 976 1411 in
1008 1379 1038 1412 Γ
1055 1377 1124 1411 litt.
1155 1388 1188 1410 m
1216 1381 1350 1421 puncto
1377 1377 1568 1412 subnotata
1595 1381 1633 1413 et

130 1436 308 1473 supet-scr.
334 1437 380 1460 n:
406 1426 446 1460 in
467 1426 583 1472 pedite
610 1426 840 1461 Puteolanus.

915 1552 1081 1586 adm-su.
1130 1551 1172 1585 ll.
1199 1551 1248 1585 1v
1273 1551 1346 1586 83:
1372 1562 1545 1596 quaenam
1568 1551 1634 1586 itta

121 1553 218 1588 nach
276 1558 616 1600 entgeqenqesetzter
664 1532 843 1598 Richtae'mq
914 1600 1112 1646 super-5151&
1140 1603 1229 1646 (was
1255 1599 1318 1634 das
1342 1601 1404 1644 sur
1434 1601 1491 1633 ein
1519 1600 1633 1634 Glau-

121 1601 328 1647 vorlausen,
368 1602 423 1636 die
446 1600 620 1646 'Stellunq
655 1600 714 1634 des
742 1601 843 1634 Him-

124 1650 209 1685 mets
250 1650 319 1685 den
353 1649 519 1696 Korpern
562 1649 642 1685 ilire
687 1649 844 1695 Halluny

124 1699 278 1746 qeyeben
302 1698 393 1746 liat).

210 1772 250 1805 in
273 1771 475 1804 universum
500 1775 617 1803 tamen
644 1769 846 1802 aestimanti

125 1840 170 1847 -
188 1818 355 1853 credibile
381 1823 457 1852 est.-
483 1818 528 1852 de
555 1822 733 1851 structura
759 1827 844 1851 ver-

126 1867 252 1902 borum
291 1867 338 1902 cf.
374 1866 419 1901 ad
457 1866 503 1900 xl
528 1867 563 1902 3.
626 1864 844 1900 Puteolanus

127 1916 227 1951 dedit
253 1915 365 1950 solum
389 1925 453 1960 pro
483 1914 636 1949 insulam
653 1941 663 1957 ‚
691 1918 752 1948 aut
777 1914 845 1948 de-

127 1969 254 2010 ceptus
278 1965 454 2009 scriptura
478 1963 609 1998 ssulam
633 1967 694 1996 aut
711 1963 844 1996 omisso

125 2014 165 2048 in
198 2016 263 2061 (=·-
279 2015 332 2059 m)
360 2017 441 2058 post
466 2013 662 2057 proximam
688 2011 844 2046 litteram

125 2074 172 2098 ns.
227 2061 317 2096 Eius
357 2062 484 2096 vitium
524 2060 680 2094 vicinam
734 2060 845 2094 sotum

125 2109 323 2146 Beroaldus
361 2120 472 2155 prave
503 2109 660 2144 correxit
691 2109 845 2144 vicinum

126 2159 249 2196 solu-s.

201 2242 322 2266 eorum
357 2240 466 2264 saera
503 2228 744 2275 deprehendas
781 2240 843 2262 su·

123 2280 366 2326 perstitionum
406 2277 660 2324 persuasione.-
709 2276 841 2311 Caesar

128 2327 170 2362 B.
200 2327 239 2362 G.
270 2326 316 2361 vl
345 2328 410 2362 13:
453 2324 641 2371 disciplina
669 2325 844 2369 (Druida-

127 2377 222 2420 rum)
260 2376 299 2409 in
337 2374 528 2409 Britannia
569 2378 710 2419 reperta
742 2377 845 2417 atque

126 2424 209 2459 inde
231 2424 271 2458 in
287 2423 442 2459 Galliam
464 2421 642 2455 translata
666 2431 739 2455 esse
765 2421 845 2454 exi-

127 2474 310 2516 stimatum
351 2477 385 2506 et
422 2481 518 2504 nunc
550 2470 609 2515 qui
643 2469 844 2515 diligentius

127 2533 206 2556 eant
231 2533 307 2556 rem
339 2530 548 2566 cognoscere
581 2517 726 2560 volunt,
762 2516 844 2563 ple-

127 2581 271 2616 rumque
300 2569 362 2603 illo
399 2567 556 2602 discendi
589 2577 699 2601 causa
732 2566 843 2610 profi-

128 2620 319 2654 ciseuntur.
357 2615 461 2651 Gonf.
488 2616 598 2650 Tacit.
626 2614 706 2648 X1V
735 2614 793 2649 30.

198 2688 480 2734 superstitionum
501 2686 755 2732 persuasione:
781 2696 842 2719 su-

125 2737 349 2785 perstitiones
389 2740 471 2770 sunt
504 2734 670 2780 dogmata
713 2733 844 2780 (Glau-

130 2787 419 2830 benssatzunqen)
465 2787 501 2818 et
540 2783 722 2828 genitivus
766 2782 843 2816 sere

130 2835 224 2869 idem
249 2833 348 2868 valet
372 2831 467 2878 quod
489 2831 729 2877 superstitiosa
764 2832 844 2876 (aus

130 2883 230 2917 ihrer
264 2880 451 2927 ylauln'yen
491 2879 726 2924 Hinqebuny).
790 2878 843 2913 ob

131 2930 372 2977 significatum
398 2927 493 2963 conf.
520 2927 563 2962 Η.
592 2928 619 2962 V
649 2929 718 2963 13:
758 2938 844 2973 qens

131 2978 369 3027 superstitioni
404 2977 583 3019 obnoxia,
618 2974 844 3022 reliqionibus

915 1649 983 1693 be),
1011 1648 1101 1694 quod
1114 1659 1253 1691 numen,
1284 1650 1494 1694 interrogat.
1518 1648 1632 1683 Abla-

914 1698 1010 1731 tivus
1044 1699 1274 1743 persuasione
1317 1702 1371 1731 est
1408 1695 1561 1730 causalis
1597 1701 1635 1731 et

914 1746 1015 1791 iungi
1042 1745 1148 1779 debet
1183 1757 1262 1779 cum
1296 1745 1408 1779 verbo
1435 1745 1633 1790 deprehen-

915 1795 989 1828 das.
1018 1794 1088 1828 Sed
1116 1794 1270 1828 fortasse
1293 1795 1528 1838 persuasione
1552 1794 1632 1836 suit,

915 1848 952 1877 ut
979 1841 1192 1878 ἀσύνδετον
1216 1842 1356 1876 Tacitus
1383 1842 1539 1876 dederit:
1570 1852 1633 1875 eo..

912 1903 991 1926 rum
1022 1902 1131 1924 sacra
1164 1890 1424 1937 deprehendas,
1462 1890 1633 1935 supersti-

914 1941 1045 1974 tionum
1068 1940 1344 1985 persuasionem.
1373 1938 1428 1972 De
1452 1938 1634 1983 religione

916 1988 1096 2022 Gallorum
1131 1988 1179 2022 cf.
1209 1987 1341 2021 Caesar
1377 1986 1418 2020 B.
1445 1986 1485 2020 G.
1514 1986 1559 2020 Vl
1589 1986 1632 2021 16

915 2036 1021 2071 -18.
1050 2036 1175 2070 Strabo
1200 2036 1246 2070 tv
1272 2035 1297 2070 4
1322 2037 1360 2078 §.
1386 2035 1494 2070 4-5.

970 2109 1009 2141 in
1024 2107 1249 2154 deposcendis
1261 2128 1305 2135 --
1319 2105 1470 2152 formido
1480 2116 1493 2139 .·
1506 2105 1632 2141 Strabo

914 2156 964 2190 tv
989 2157 1014 2191 4
1038 2157 1060 2191 5
1097 2156 1142 2191 de
1181 2155 1325 2190 Gallis:
1363 2156 1414 2201 τῷ
1449 2153 1483 2188 δ’
1524 2153 1634 2201 ἁπλῷ

913 2208 978 2240 καὶ
1003 2206 1156 2252 θυμικῷ
1179 2201 1278 2241 πολὺ
1305 2197 1347 2238 τὸ
1374 2202 1540 2246 ἀνόητον
1565 2205 1633 2238 καὶ

915 2251 1141 2296 ἀλαζονικὸν
1200 2251 1401 2299 πρόσεστι.
1448 2270 1493 2277 --
1554 2246 1631 2286 ὑπὸ

914 2302 1088 2344 τοιαύτης
1129 2300 1169 2335 δὲ
1204 2299 1441 2346 κουφότητος
1476 2296 1631 2344 ἀφόρη-

914 2362 974 2386 τοι
1007 2350 1080 2396 μὲν
1114 2348 1322 2388 νικῶντες,
1359 2347 1560 2393 ἐκπλαγεῖς
1596 2345 1630 2382 δ’

914 2397 1139 2442 ἡττηθέντες
1163 2395 1343 2442 ὁρῶνται.

974 2478 1057 2501 nam
1082 2466 1203 2501 Gallos
1229 2477 1359 2511 quoque
1387 2465 1426 2499 in
1445 2455 1544 2499 bellis
1562 2466 1630 2510 flo-

914 2516 1023 2550 ruisse
1059 2516 1276 2561 accepimus:
1311 2514 1407 2548 conr.
1440 2513 1555 2548 Germ.
1582 2513 1630 2548 28

914 2575 993 2599 cum
1018 2569 1139 2598 annot.
1168 2564 1419 2598 Britannorum
1442 2562 1523 2596 olim
1545 2561 1630 2596 victi

1655 1037 1694 1067 to

337 1330 394 1365 10.
420 1330 535 1363 euenit
558 1330 660 1363 victis
696 1330 734 1363 in
761 1331 791 1364 Γ
815 1339 896 1363 esse
922 1328 1141 1374 significavit
1159 1328 1321 1362 'Wexius
1358 1340 1395 1373 p.
1423 1330 1466 1371 9,
1505 1330 1630 1363 nescio
1651 1336 1654 1341 ’
1677 1339 1684 1346 ·

913 2614 974 2658 qui
1001 2611 1150 2647 Claudio
1185 2612 1348 2657 principe
1379 2614 1414 2644 et
1446 2619 1529 2643 mox
1561 2609 1627 2643 sub
1655 2605 1662 2616 '

912 2661 1055 2696 Nerone
1082 2672 1103 2695 a
1127 2661 1294 2694 Romanis
1320 2658 1456 2692 subacti
1483 2661 1576 2691 sunt.

974 2731 1059 2776 Gap.
1081 2733 1137 2766 12.
1163 2731 1201 2764 in
1221 2729 1336 2776 pedite
1362 2728 1490 2770 robur‚·
1516 2738 1626 2772 quae-

913 2781 994 2814 dam
1018 2780 1179 2813 nationes
1204 2784 1236 2812 et
1257 2788 1364 2811 curru
1385 2774 1628 2821 proeliantur.-

914 2838 1017 2862 curru
1065 2826 1234 2871 quaedam
1279 2829 1414 2858 tantum
1462 2824 1627 2858 nationes

913 2875 1155 2921 proeliantur3
1194 2873 1249 2907 his
1276 2873 1403 2907 deesse
1430 2873 1627 2917 equitatum

914 2926 1063 2969 eiusque
1081 2923 1161 2957 vice
1189 2922 1292 2968 fungi
1319 2921 1461 2966 aurigas
1490 2925 1525 2954 et
1548 2921 1627 2964 ipsa

912 2972 965 3008 rei
992 2975 1126 3022 ‘natura
1166 2969 1321 3006 ostendit
1363 2971 1463 3015 (nam
1503 2978 1626 3005 currus
