1768 3216
161 202 234 243 wo
700 178 775 235 DE*
794 199 1081 239 oRA1·oR113vs

160 318 250 373 quis
282 318 385 359 alius
415 317 622 370 Ephesum
652 318 719 359 vel
750 319 970 373 Mytilenas
1014 323 1220 362 concentu
1250 319 1594 363 scholasticorum
1610 323 1652 363 et

166 392 413 434 clamoribus
447 392 601 444 quatit,
654 404 774 446 quam
817 393 922 437 Afer
962 397 1030 434 aut
1059 394 1283 436 Africanus
1313 398 1381 435 aut
1409 405 1485 436 vos
1516 394 1596 448 ipsi
1625 406 1649 436 a

159 465 363 507 Cicerone
391 469 459 506 aut
487 465 637 507 Asinio
669 467 920 508 recessistis.

293 539 498 594 Magnam,
532 540 664 594 inquit
695 541 926 593 Secundus,
961 545 1001 582 et
1030 541 1196 596 dignam
1228 545 1404 584 tractatu
1433 540 1717 596 quaestio-16

125 623 248 655 snem
279 613 458 656 movisti.
520 614 601 657 Sed
633 615 723 668 quis
755 628 846 657 eam
876 616 1022 657 iustius
1065 616 1286 669 explicabit
1325 628 1447 670 quam
1487 620 1554 667 tu,
1596 615 1648 657 ad

155 687 271 729 cuius
299 700 496 730 summam
529 689 804 732 eruditionem
836 694 876 730 et
897 690 1295 743 praestantissimum
1315 690 1527 745 ingenium
1551 701 1649 732 cura

155 773 320 816 quoque
351 766 392 804 et
422 762 633 804 meditatio
666 763 881 805 accessit?

289 836 339 877 Et
365 836 560 889 Messala,
590 837 800 890 Aperiam,
832 837 976 890 inquit,
1008 837 1286 891 cogitationes
1319 849 1447 890 meas,
1478 837 1514 878 si
1546 836 1648 881 illud

156 923 178 951 a
210 910 330 952 vobis
363 915 457 952 ante
487 911 780 964 impetravero,
810 915 853 952 ut
883 923 959 952 vos
992 923 1156 964 quoquc
1180 923 1417 954 sermonem
1436 911 1545 954 hunc
1568 923 1651 954 no·-

105 988 283 1026 1ostrum
310 984 527 1026 adiuvetis.

289 1059 366 1100 Pro
400 1058 576 1110 duobus,
611 1058 743 1111 inquit
772 1058 994 1111 Maternus,
1027 1060 1234 1112 promitto.
1294 1060 1397 1102 Nam
1430 1063 1471 1101 et
1501 1072 1582 1115 ego
1610 1064 1651 1102 et

149 1132 363 1175 Secundus
390 1145 642 1186 exequemur
672 1145 743 1174 eas
774 1138 936 1186 partes,
982 1146 1083 1187 quas
1131 1133 1454 1175 intellexerimus
1486 1137 1527 1175 te
1558 1145 1645 1175 nou

152 1210 233 1248 tam
264 1207 455 1248 omisisse
488 1219 608 1260 quam
640 1207 760 1248 nohis
791 1207 1024 1261 reliquisse.
1075 1208 1231 1260 Aprum
1264 1208 1373 1251 enim
1395 1207 1532 1250 solere
1557 1207 1648 1251 dis-

151 1281 310 1323 sentire
341 1285 381 1322 et
412 1285 453 1321 tu
484 1281 606 1334 paulo
636 1285 730 1322 ante
762 1281 925 1333 dixisti,
962 1285 1001 1324 et
1028 1282 1116 1339 ipse
1156 1282 1256 1323 satis
1302 1282 1544 1324 manifestus
1587 1284 1650 1323 est

231 1435 261 1467 1.
292 1440 480 1468 concentus
507 1432 544 1477 P,
571 1433 664 1469 uncle
690 1440 859 1469 concentu
887 1436 1042 1470 correxit
1069 1434 1250 1469 Orellius:
1280 1441 1458 1469 contentus
1485 1435 1524 1470 F.
1563 1446 1648 1470 con-

156 1483 257 1516 tentis
282 1482 391 1516 schol.
423 1483 632 1517 clamoribus
658 1483 839 1518 Pithoeus.

151 1531 304 1613 msvistiSS
331 1530 406 1564 FP:
437 1530 641 1565 emendavit
668 1531 823 1576 Lipsius.

154 1589 172 1612 c
202 1606 209 1613 .
306 1604 314 1612 .

342 1580 434 1613 istud
459 1579 483 1612 P
512 1580 747 1613 etVaticanus
777 1580 881 1615 1862.

971 1485 1004 1518 3.
1034 1484 1157 1517 Asinio
1183 1483 1230 1516 P:
1256 1483 1299 1517 ab
1323 1483 1447 1518 Asinio
1477 1482 1515 1517 F.
1615 1484 1648 1517 5.

936 1532 1122 1577 empticabit
1149 1530 1223 1565 FP:
1251 1531 1481 1578 explicaverit
1507 1536 1650 1566 veteres

954 1581 1007 1614 14.
1034 1581 1164 1626 ipsui—
1179 1581 1367 1626 manifesti}
1391 1578 1490 1627 (finis
1516 1580 1650 1615 utrius-

153 1637 221 1673 que
250 1627 351 1661 vocis
378 1628 414 1661 in
441 1630 579 1673 rasura)
608 1634 656 1662 est
680 1627 725 1661 P:
753 1630 825 1674 ipse
843 1650 880 1656 —
906 1629 1112 1673 manifestus
1139 1634 1170 1663 et
1197 1628 1234 1662 F.

151 1767 294 1810 saepius
340 1772 635 1800 commemoratus
678 1778 697 1800 a
731 1767 868 1801 Seneca

153 1814 311 1850 rhetore.
339 1814 574 1849 Philostratus
601 1815 636 1848 in
650 1816 741 1848 Vitis
757 1815 864 1859 Soph.

155 1867 190 1899 et
215 1862 322 1897 vitam
350 1864 427 1896 eius
462 1863 621 1901 breviter
648 1864 804 1897 narravit
833 1862 867 1907 (1

153 1911 215 1956 19)
254 1916 289 1945 et
323 1911 440 1944 obiter
483 1913 699 1945 mentionem
744 1912 868 1945 iniecit

151 1958 164 1991 1
195 1958 241 1993 20
268 1963 303 1992 et
328 1960 368 1992 21
402 1961 437 1999 ὃ.
466 1960 488 1993 3
515 1964 550 1992 et
576 1959 609 2001 5,
641 1960 669 1992 ll
701 1959 754 1994 16.
797 1958 867 1992 Cur

151 2005 307 2040 Orellius
340 2007 375 2038 in
402 2006 579 2039 vocabulo
607 2007 781 2040 Sacerdos
810 2007 867 2039 di-

152 2054 324 2098 gnitatem
362 2064 464 2098 quam
504 2063 633 2087 nomen
669 2055 867 2099 agndscere

151 2100 306 2135 voluerit
337 2111 405 2147 ego
434 2111 502 2134 non
537 2102 729 2145 perspiciO.

223 2177 394 2205 concentu
419 2171 706 2205 scholasticorum
731 2178 762 2205 et
790 2172 868 2205 cla-

147 2220 299 2259 moribus
315 2232 326 2253 .-
354 2224 549 2253 concentus
573 2219 867 2254 scholasticorum

152 2273 206 2301 est
231 2279 334 2313 quem
363 2266 566 2302 moderatur
591 2268 759 2310 Nicetes,
788 2268 868 2302 dum

151 2326 243 2361 quae
269 2317 346 2360 ipse
375 2317 527 2360 praeivit
569 2321 604 2350 et
645 2317 868 2359 monstravit,

149 2375 169 2398 a
197 2364 382 2408 discipulis
410 2365 477 2398 rite
507 2366 763 2409 exprimuntur,
792 2365 869 2398 cla-

149 2422 265 2445 mores
306 2417 386 2445 sunt
421 2413 548 2457 quibus
587 2414 769 2457 excipiunt
803 2424 869 2446 ex-

151 2460 267 2505 empla
298 2461 617 2494 controversiarum
645 2461 704 2495 vel
743 2471 870 2494 suaso-

149 2509 278 2542 riarum
310 2519 328 2542 a
355 2509 524 2553 magistro
554 2509 660 2542 edita.

223 2584 283 2612 aut
309 2579 532 2623 Africanus:
561 2583 614 2612 est
640 2579 751 2612 lulius
770 2580 870 2617 Afri-

154 2637 284 2669 canus,
321 2626 483 2671 aequalis
510 2626 656 2660 Domitii
686 2627 786 2669 Afri,
825 2627 869 2660 de

151 2685 220 2718 quo
247 2685 282 2708 v.
312 2674 355 2707 Vl
385 2675 403 2709 7
436 2680 471 2708 et
497 2679 619 2709 annot.
648 2674 689 2708 ad
713 2675 791 2708 XIV
814 2676 869 2709 10.

152 2722 391 2764 Quintilianus
418 2722 447 2755 X
480 2725 497 2757 1
529 2723 622 2757 118:
664 2722 721 2756 hic
748 2724 868 2756 conci-

152 2771 280 2813 tatior,
321 2771 442 2804 sedin
476 2782 563 2804 cura
602 2771 785 2805 verborum
809 2772 868 2803 ni-

149 2818 237 2852 mius
276 2824 307 2852 ct
338 2820 584 2864 compositione
618 2830 868 2864 nonnunquam

150 2865 289 2911 lonyior
334 2873 365 2901 et
416 2866 716 2903 translationibus
740 2878 868 2915 parum

149 2914 315 2957 modicus.

1014 1765 1098 1811 Cap.
1127 1768 1180 1802 16.
1228 1779 1315 1800 cura
1341 1789 1386 1794 —
1416 1773 1449 1801 et
1473 1767 1650 1802 meditatio

935 1815 1062 1862 (Fleiss
1085 1816 1158 1849 unct
1188 1815 1366 1860 Uctunffi:
1407 1827 1495 1851 cura
1519 1825 1650 1851 nomeu

935 1868 989 1897 est
1015 1864 1173 1907 generis,
1199 1864 1377 1898 meditatio
1403 1863 1444 1898 ad
1473 1864 1650 1898 dicentem

935 1915 1078 1956 proprie
1104 1912 1259 1956 pertinet
1282 1917 1318 1946 et
1344 1911 1524 1958 significat
1543 1923 1650 1947 exer-

935 1962 1142 1993 citationem
1178 1960 1332 1994 dicendi.
1383 1960 1486 1994 conf.
1532 1972 1562 1994 c.
1594 1963 1648 1995 14.

934 2008 1172 2049 Quintilianus
1200 2008 1228 2042 ll
1260 2009 1301 2043 10
1327 2010 1374 2043 2:
1415 2019 1525 2053 neque
1560 2009 1653 2046 enim

933 2056 1042 2088 virtus
1068 2055 1142 2088 ulla
1155 2062 1345 2100 perpetuae
1363 2056 1542 2090 dumtaxat
1563 2068 1650 2090 ora-

934 2103 1038 2136 tionis
1063 2104 1216 2148 reperiri
1239 2109 1368 2148 potest,
1398 2115 1486 2148 quae
1512 2115 1583 2137 non
1607 2105 1652 2138 sit

935 2162 1011 2184 cum
1040 2150 1110 2183 hac
1141 2152 1282 2185 dicendi
1318 2151 1542 2185 meditatione
1575 2151 1651 2198 (lu-

936 2200 1056 2243 quitur
1082 2199 1125 2233 de
1151 2201 1290 2233 ratione
1313 2199 1534 2234 declamandi
1562 2209 1653 2235 con*-

937 2248 1129 2281 troversias
1157 2253 1192 2281 et
1218 2248 1414 2292 suasorias)
1451 2249 1650 2283 communis.

991 2352 1074 2374 nam
1103 2347 1134 2375 et
1160 2353 1221 2386 eqo
1248 2348 1280 2376 et
1295 2341 1475 2376 Secundus
1503 2352 1652 2385 exeque-

936 2401 1015 2422 mur
1031 2401 1090 2423 eas
1104 2397 1244 2434 partes:
1276 2389 1345 2424 hoc
1360 2389 1448 2423 fecit
1463 2388 1652 2432 Maternus,

938 2443 975 2470 ut
1010 2448 1104 2471 nunc
1130 2438 1342 2481 pollicetur,
1380 2437 1443 2471 sed
1470 2436 1654 2472 Secundus

938 2487 975 2518 in
1002 2486 1070 2518 hoc
1096 2495 1260 2519 sermone
1279 2485 1394 2519 nullas
1420 2489 1540 2529 partes
1563 2495 1653 2520 exe-

938 2537 1040 2567 cutus
1068 2538 1132 2566 est.
1186 2533 1240 2566 Cf.
1268 2538 1389 2567 annot.
1413 2532 1458 2567 ad
1486 2543 1516 2566 c.
1544 2533 1593 2568 35
1618 2538 1653 2567 et

940 2593 970 2615 c.
1004 2582 1034 2614 1.
1071 2580 1193 2626 ltaque
1220 2581 1310 2615 haec
1337 2581 1487 2615 Materni
1513 2580 1558 2615 de
1584 2580 1652 2616 Se-

940 2629 1055 2662 cundo
1079 2628 1188 2663 verba
1212 2629 1302 2663 nihil
1326 2630 1395 2663 nisi
1420 2628 1652 2663 honorificam

939 2678 1042 2710 amici
1070 2678 1286 2711 mentionem
1315 2678 1512 2711 continent.

1012 2773 1216 2816 manifestus
1245 2777 1298 2805 est>
1326 2793 1371 2798 —
1399 2771 1562 2816 σει-ξηρὴ
1597 2775 1653 2804 est

939 2818 1072 2853 Graeca
1101 2825 1297 2854 structura:
1335 2819 1445 2863 δῆλός
1470 2821 1550 2856 ἐστι
1572 2831 1652 2854 πα-

939 2869 1246 2913 ρασκευάζεσθαι
1285 2867 1652 2916 (παρασκευαζόμε-

937 2919 1022 2964 νος)
1039 2916 1098 2951 vel
1115 2916 1442 2966 περιζώννυσθαι.
1471 2915 1525 2952 Cf.
1537 2914 1568 2951 11
1586 2914 1651 2952 57:
