1768 3216
62 1469 66 1475 ,
90 1472 98 1482 .
124 1443 162 1472 15
178 1426 381 1469 stantibus
408 1426 565 1480 campis
599 1426 846 1468 consedere.

767 255 1077 293 HISTORIARVM
1473 267 1505 292 a.
1532 267 1568 293 u.
1594 256 1680 294 823.

193 264 266 299 340

187 380 367 435 speciem
398 374 639 431 explorandi
668 375 909 429 praegressi
941 386 1031 416 cum
1064 374 1238 416 ducibus
1270 372 1570 416 Germanorum
1600 385 1681 428 pa-

187 459 252 496 cta
281 455 508 496 firmavere.
568 449 751 502 Tumque
780 449 956 503 primum
988 448 1160 491 discreti
1189 461 1213 490 a
1243 447 1480 503 legionibus
1507 448 1679 502 proprio

183 529 292 571 vallo
322 531 455 569 castra
486 537 561 568 sua
593 524 866 577 circumdant,
898 525 1134 566 obtestante
1153 523 1313 567 Vocula
1342 535 1427 566 non
1458 523 1566 566 adeo
1587 526 1680 565 tur-

182 604 318 644 batam
351 601 543 644 civilibus
576 600 701 642 armis
733 612 822 642 rem
860 599 1088 641 Romanam
1132 603 1174 640 ut
1202 598 1384 640 Treviris
1424 598 1547 641 etiam
1576 597 1680 640 Lin-

150 677 442 732 sgonibusque
472 675 688 730 despectui
721 675 786 718 sit.
832 675 1061 728 Superesse
1082 674 1185 716 fidas
1203 673 1460 728 provincias,
1494 673 1678 715 victores

180 751 403 804 exercitus,
437 751 642 792 fortunam
674 749 836 805 imperii
868 754 908 791 et
938 749 1095 791 ultores
1129 749 1245 791 deos.
1300 749 1370 791 Sic
1401 748 1496 790 olim
1521 747 1681 792 Sacro-

178 827 311 869 virum
344 830 384 867 et
412 825 601 879 Aeduos,
634 837 766 879 nuper
785 824 1004 867 Vindicem
1034 824 1270 878 Galliasque
1301 823 1478 893 singulis
1506 797 1679 878 proeliis

179 901 432 944 coincidisse.
492 900 651 942 Eadem
681 913 825 942 rursus
856 900 1039 952 numina,
1074 900 1221 942 eadem
1255 899 1337 941 sata
1367 902 1559 953 ruptores
1582 898 1679 940 foe-

179 977 322 1018 derum
354 979 635 1030 expectarent.
686 974 832 1017 Melius
869 974 966 1016 divo
999 974 1101 1016 Iulio
1135 974 1317 1028 divoque
1336 974 1526 1029 Augusto
1553 977 1676 1015 notos

127 1064 320 1094 meorum
350 1051 533 1092 animos:
582 1050 753 1092 Galbam
795 1054 836 1091 et
886 1049 1063 1092 infracta
1101 1049 1250 1091 tributa
1295 1048 1468 1091 hostiles
1508 1048 1677 1102 spiritus

174 1126 392 1186 indidisse.
452 1125 571 1167 Nunc
601 1125 769 1178 hosteS,
820 1125 915 1178 quia
946 1124 1070 1166 molle
1101 1124 1315 1166 servitium
1328 1136 1340 1174 ;
1382 1135 1474 1164 cum
1511 1121 1678 1177 spoliati

177 1202 371 1255 exutique
402 1201 580 1253 suerint,
614 1200 772 1242 amicos
805 1200 910 1242 sore.
970 1199 1083 1242 Haec
1114 1199 1314 1241 ferociter
1344 1198 1530 1252 locutus,
1559 1201 1678 1252 post-

179 1288 298 1330 quam
326 1280 516 1330 perstare
546 1276 589 1317 in
617 1275 791 1330 perfidia
823 1274 1053 1317 Classicum
1080 1274 1358 1328 Tutoremque
1389 1273 1519 1327 videt,
1550 1284 1676 1315 verso

178 1351 329 1393 itinere
369 1351 621 1393 Novaesium
662 1350 871 1392 concedit.
934 1349 1039 1392 Galli
1079 1349 1201 1390 duum
1251 1348 1407 1390 milium
1443 1348 1576 1402 spatio
1609 1347 1679 1389 di-

908 1425 1008 1467 llluc
1042 1424 1360 1490 commeantium
1392 1423 1680 1465 centurionum

173 1501 426 1555 militumque
457 1501 701 1544 emebantur
730 1501 882 1553 animi,
921 1504 966 1541 ut
1006 1481 1229 1555 (flagitium
1270 1483 1550 1554 incognitum)
1588 1497 1678 1539 Ro-

118 1564 122 1566 *
174 1588 318 1618 manus
350 1576 557 1618 exercitus
591 1576 633 1617 in
672 1580 845 1618 externa
885 1575 1014 1617 verba
1057 1575 1266 1627 iurarent,
1312 1574 1546 1628 pignusque
1575 1572 1678 1615 tanti

174 1651 347 1693 sceleris
377 1663 483 1694 nece
518 1655 587 1693 aut
618 1651 796 1693 vinculis
831 1651 1064 1706 legatorum
1096 1651 1279 1692 daretur.
1325 1649 1497 1702 Vocula,
1529 1660 1678 1703 quam-

176 1738 296 1779 quam
341 1726 528 1781 plerique
570 1727 710 1782 fugam
751 1726 1006 1779 suadebant,
1055 1725 1290 1767 audendum
1340 1729 1480 1777 ratus,
1530 1727 1678 1766 vocata

122 1816 164 1846 20
176 1801 372 1843 contione
416 1802 458 1842 in
508 1802 617 1843 hunc
663 1801 830 1844 modum
887 1801 1098 1843 disseruit.
1165 1797 1398 1855 ‘Nunquam
1445 1799 1551 1855 apud
1603 1805 1750 1847 vos58

316 1950 351 1984 3.
383 1949 507 1983 bocula
533 1949 599 1984 Ma.
725 1951 759 1985 7.
788 1950 941 1984 haeduos
967 1948 1033 1983 Ma.
1154 1949 1190 1984 8.
1221 1950 1365 1984 nomina
1391 1948 1457 1993 Ma,
1484 1949 1602 1983 omnia
1629 1947 1680 1984 G:

179 1997 382 2031 emendavit
395 1997 600 2032 Rhenanus.
652 1999 747 2043 faed.
772 1997 836 2033 Ma.
901 2000 955 2032 11.
986 1997 1154 2032 indidisse
1181 1998 1316 2032 editor:
1344 1998 1488 2033 codices
1513 1997 1679 2033 induisse.

182 2047 238 2080 14.
267 2047 434 2080 nouaesio
463 2046 609 2080 ultimae
637 2046 705 2081 litt.
734 2056 911 2091 superscr.
937 2047 963 2080 vi
994 2045 1059 2080 Ma.

180 2183 370 2228 debantur,
397 2184 456 2229 qui
479 2184 583 2218 simul
607 2185 726 2219 vicina
739 2184 898 2219 Gelduba

180 2233 410 2277 potiebatur:
440 2232 483 2267 H.
511 2232 559 2266 IV
587 2235 633 2269 35
662 2238 697 2268 et
723 2233 781 2268 36.

283 2281 363 2316 olim
397 2282 629 2316 Sacrovirum
667 2288 699 2316 et
736 2281 896 2317 Aeduos.-

181 2330 267 2363 dicit
292 2330 529 2364 rebellionem
560 2341 579 2364 a
597 2330 707 2365 Gallis
736 2341 828 2364 anno
852 2334 896 2367 21

179 2383 261 2421 post
289 2379 372 2413 Chr.
400 2379 601 2422 imperante
621 2379 762 2413 Tiberio
795 2381 897 2413 exci-

178 2431 310 2459 tatam:
332 2426 379 2460 111
408 2427 564 2473 40—,46.
690 2428 867 2462 Vindicem
886 2440 896 2461 .·

181 2474 228 2508 ct'.
259 2474 300 2507 H.
329 2475 342 2508 1
371 2476 428 2509 51.

254 2523 414 2567 infracta
440 2523 590 2559 tributa.-
618 2524 658 2558 ll.
686 2523 700 2557 1
726 2523 760 2557 8.
825 2524 897 2558 Ce-

179 2574 294 2604 terum
325 2571 495 2605 universe
524 2571 684 2616 loquitur
711 2577 746 2605 et
774 2583 895 2616 parum

180 2623 367 2662 accurate:
394 2631 475 2654 nam
487 2619 620 2654 Treviri
648 2625 683 2653 et
699 2619 894 2666 Lingones,

181 2668 240 2711 qui
275 2678 370 2702 nunc
410 2668 533 2702 hostes
559 2668 802 2702 Romanorum
824 2695 833 2710 ,
876 2679 896 2702 a

179 2715 367 2751 beneficiis
393 2716 466 2751 illis
495 2716 633 2751 exclusi
663 2722 784 2754 erant·
815 2717 856 2750 H
881 2716 893 2750 1

180 2763 203 2796 8
231 2769 265 2797 et
291 2766 349 2800 51.

252 2812 393 2847 hostiles
416 2815 558 2860 spiritus
583 2814 772 2850 indidisse.-
802 2814 897 2859 quod

182 2859 292 2905 vulgo
320 2861 455 2906 legitur
475 2863 673 2910 (induisse),
704 2864 740 2897 id
768 2874 812 2897 ex
831 2873 896 2896 usu

183 2906 398 2942 Corneliano
433 2916 468 2944 et
507 2911 633 2945 Latino
678 2912 722 2946 ad
750 2912 898 2946 Galbam

183 2961 215 2988 et
238 2957 399 3000 infracta
429 2959 579 3003 tributa,
620 2966 801 3006 tamquam
834 2971 897 2994 ac-

181 3004 364 3040 cusativos
377 3007 531 3042 subiecti
548 3009 716 3054 refertur,
736 3014 775 3043 ut
787 3008 898 3044 Galba

971 2183 1137 2219 hostilem
1168 2185 1324 2218 animum
1359 2185 1554 2229 sumpsisse
1578 2183 1681 2218 dica-

968 2237 1052 2277 tur,
1092 2233 1297 2279 refragante
1341 2238 1461 2268 cetera
1488 2234 1679 2268 sententia.

967 2281 1054 2316 Nam
1081 2282 1227 2316 induere
1264 2282 1400 2327 aliquid
1430 2287 1485 2316 est
1510 2281 1682 2329 sibiycir-

966 2330 1136 2365 cumdare
1164 2330 1299 2376 aliquid
1327 2335 1501 2376 tamquam
1523 2333 1681 2365 vestem:

969 2379 1029 2413 uhi
1071 2379 1174 2413 alteri
1208 2389 1383 2423 personae
1415 2379 1512 2414 indui
1546 2377 1682 2423 aliquid

969 2429 1210 2473 significatur,
1248 2433 1309 2461 aut
1335 2428 1476 2462 dativus
1501 2427 1680 2469 adiicitur,

968 2476 1068 2510 verbi
1099 2486 1207 2510 eausa
1232 2476 1363 2510 audaci
1395 2477 1542 2510 induere
1567 2476 1681 2518 a‘rma,

968 2529 1028 2557 aut
1047 2523 1225 2557 ablativus
1245 2534 1323 2557 cum
1340 2525 1560 2566 accusativo,
1580 2523 1683 2558 velut

966 2574 1094 2616 fortem
1118 2572 1265 2606 induere
1290 2571 1420 2617 spoliis.
1454 2572 1558 2606 Conf.
1585 2571 1680 2607 169:

965 2621 1100 2664 femina
1126 2642 1171 2647 —
1205 2621 1327 2653 munia
1351 2620 1447 2654 ducis
1475 2640 1531 2647 ·—-
1567 2619 1681 2653 induit

968 2671 1032 2713 (ε
1058 2669 1290 2715 assumpsit);
1316 2668 1348 2702 11
1378 2670 1438 2703 15:
1465 2670 1522 2713 qui
1554 2689 1597 2696 --
1624 2678 1682 2701 se-

968 2718 1133 2751 ditionem
1156 2717 1357 2760 induerine,·
1391 2717 1436 2751 lv
1466 2718 1537 2752 12:
1573 2727 1682 2751 sena-

968 2772 1020 2800 tus
1052 2765 1265 2811 populusque
1301 2766 1456 2800 habitum
1492 2776 1537 2799 ac
1580 2775 1681 2799 voces

967 2814 1142 2848 dolentum
1158 2836 1202 2842 ——
1219 2814 1404 2858 induebaae‚·
1432 2813 1479 2847 vl
1497 2814 1565 2850 20:
1591 2824 1679 2858 qua-

969 2863 1034 2896 lem
1063 2863 1152 2896 diem
1184 2863 1337 2897 Tiberius
1372 2863 1567 2904 induisset,-
1609 2862 1679 2897 33:

967 2912 1145 2957 sceptuchi
1170 2933 1216 2939 ——
1244 2912 1382 2945 diversa
1408 2911 1575 2953 induere‚·
1611 2911 1678 2946 40:

965 2960 1153 3006 plurimum
1199 2959 1413 2994 adulationis
1454 2958 1680 2993 Seleucenses

965 3009 1137 3053 induere3
1170 3009 1286 3044 X17·
1323 3007 1485 3043 Asinium
1523 3012 1556 3042 et
1581 3005 1678 3041 Mes-
