1768 3216
121 634 305 680 sinendis
329 632 514 674 Vindicis
543 632 698 686 coeptis
727 634 1015 674 revocaverat:
1044 630 1192 685 ingens
1224 628 1344 671 novis
1374 626 1500 670 rebus
1535 626 1652 697 πίε-1ΑΛ

151 220 200 255 12
730 208 1032 246 HISTORIARVM
1416 215 1448 241 a.
1475 212 1512 240 u.
1537 203 1623 242 822.

152 336 387 378 remanente
417 345 465 375 ea
497 343 613 386 quam
646 343 669 372 e
701 329 833 371 classe
864 327 973 370 Nero
1007 326 1342 381 conscripserat,
1373 323 1496 379 plena
1523 321 1625 366 urbs

152 412 334 456 exercitu
362 409 536 451 insolito.
594 406 706 448 Multi
738 406 790 448 ad
819 406 900 448 hoc
929 405 1089 447 numeri
1125 417 1148 446 e
1179 401 1399 445 Germania
1439 413 1491 444 ac
1529 399 1627 443 Βή-

150 486 286 529 tannia
317 489 356 527 et
386 483 571 538 Illyrico,
605 493 706 536 quos
737 481 845 523 idem
874 480 984 523 Nero
1019 480 1174 523 electos
1206 478 1541 534 praemissosque
1571 474 1626 518 ad

152 562 322 603 claustra
341 558 575 612 Caspiarum
606 561 645 600 et
672 556 820 598 bellum
851 556 959 611 quod
990 555 1031 597 in
1050 555 1234 597 Albanos
1263 553 1449 608 parabat,
1483 550 1649 648 oppri-y

148 709 263 762 teria,
286 712 330 767 ut
349 719 438 766 vnon
462 707 504 748 in
526 719 648 748 unum
672 707 844 761 aliquem
864 717 993 761 prono
1014 706 1171 759 favore,
1197 705 1252 747 ita
1277 701 1620 758 audenti-parata.
1648 694 1659 758 ¹3

148 785 269 827 Forte
297 766 544 838 congruerat
572 786 616 824 ut
645 782 778 824 Clodii
806 781 934 823 Macri
964 785 1004 824 et
1042 781 1184 823 Fontei
1225 778 1437 834 Capitonis
1470 776 1666 820 caedes?

149 858 440 900 nuntiarentur.
471 857 648 899 Macrum
666 857 706 898 in
722 857 864 899 Africa
888 856 995 899 haud
1014 856 1135 899 dubie
1151 855 1379 898 turbantem
1391 837 1660 896 Trebonius*

152 933 390 975 Garutianus
419 937 661 987 procurator
691 933 802 974 iussu
833 932 1009 984 Galbae,
1043 932 1280 986 Capitonem
1312 931 1353 971 in
1385 928 1624 982 Germania,

100 1020 240 1051 iocum
269 1007 415 1050 similia
446 1011 673 1062 coeptaret,
719 1007 932 1050 Cornelius
971 1007 1157 1061 Aquinus
1204 1010 1244 1049 et
1279 1005 1430 1048 Fabius
1470 1003 1625 1047 Valens

93 1216 98 1226 ι

0 1238 120 1293 stkosss,

148 1081 273 1137 legati
302 1082 509 1138 legionum
548 1082 863 1135 interfecerant,
913 1086 1127 1136 antequam
1175 1081 1428 1124 iuberentur.
1490 1079 1625 1123 Fuere

150 1157 219 1211 qui
266 1157 479 1199 crederent
518 1157 751 1212 Capitonem
790 1161 833 1199 ut
873 1158 1043 1199 avaritia
1083 1162 1124 1199 et
1161 1156 1334 1199 libidine
1374 1155 1543 1213 (Quium
1575 1167 1626 1197 ac

149 1231 400 1300 1132}ngan
408 1263 419 1286 ,
457 1232 511 1274 ita
542 1233 791 1289 cogitatione
819 1244 955 1275 rerum
985 1244 1183 1274 novarum
1229 1231 1501 1283 abstinuisse3
1548 1228 1625 1272 sed

150 1320 174 1349 a
203 1306 348 1362 legatis
377 1307 525 1372 bellum
554 1308 833 1362 suadentibus,
864 1312 1077 1362 postquam
1108 1307 1317 1362 impellere
1345 1305 1624 1361 nequiverint,

283 1434 317 1470 2.
344 1434 534 1469 brittannia
556 1434 620 1470 Ma.
694 1436 728 1469 3.
755 1435 883 1469 illirico
911 1433 974 1469 Ma.
1050 1436 1082 1471 5.
1109 1435 1222 1481 caepit
1247 1432 1312 1478 Ma,
1339 1433 1445 1479 ceptis
1474 1432 1515 1468 G.
1589 1431 1626 1468 6.

150 1480 305 1516 audienti
328 1481 399 1516 Ma:
427 1483 454 1518 G
479 1483 630 1518 audenti.
706 1484 738 1519 7.
765 1484 875 1528 fontei
902 1481 1003 1518 GMa:
1031 1494 1065 1518 v.
1093 1483 1251 1518 Prooem.
1280 1494 1313 1528 p.
1339 1482 1411 1517 LV.
1485 1481 1520 1518 9.
1549 1480 1626 1516 Ga-

150 1531 308 1614 rxtiarfflaas
337 1530 410 1567 Ma:
438 1533 467 1568 G
488 1533 712 1579 qarucianus.
797 1534 852 1568 10.
883 1537 992 1579 cacpt.
1019 1531 1084 1567 Ma.
1175 1534 1229 1569 12.
1255 1532 1395 1578 faedam
1422 1528 1488 1566 Ma.
1567 1530 1624 1567 14.

151 1591 164 1613 ι
186 1591 223 1626 p.
305 1606 314 1614 .

1630 1663 1676 1705 Q

151 1709 195 1743 ad
217 1719 292 1754 cap.
319 1708 355 1744 8.
407 1709 504 1752 Quae
538 1720 615 1744 cum
641 1711 689 1744 ita
714 1720 753 1745 se
780 1710 846 1744 ha.-

916 1720 984 1755 que
1003 1710 1042 1744 H.
1061 1709 1108 1743 111
1128 1710 1171 1744 77
1189 1708 1343 1754 infamis,
1373 1707 1407 1742 h.
1430 1718 1461 1743 e.
1478 1707 1629 1743 libidine

151 1757 274 1799 beant,
299 1757 396 1791 nulla
421 1758 592 1792 dubitatio
620 1760 702 1804 quin
730 1759 846 1793 media

916 1757 1182 1803 pessumdatus,
1225 1757 1439 1802 appellatur.
1492 1757 1627 1800 Quam-

152 1805 289 1849 syllaba
332 1806 566 1852 (Hispanica)
609 1808 644 1839 in
688 1807 845 1841 Mediceo

153 1853 317 1899 neglecta
343 1858 377 1887 et
404 1854 485 1888 inde
511 1865 531 1888 a
557 1856 683 1888 ceteris
721 1857 850 1889 omissa

153 1903 209 1935 sit.
258 1902 323 1935 llla
357 1902 452 1947 legio
479 1907 580 1936 sexta
607 1908 698 1937 erat:
740 1903 780 1937 H.
820 1904 849 1938 V

156 1950 199 1985 16
230 1954 265 1983 et
290 1949 331 1982 H.
358 1949 404 1983 111
425 1950 484 1993 44,
509 1950 558 1985 lv
583 1951 629 1986 68
655 1956 742 1985 extr.

225 1997 309 2041 Cap.
337 1998 370 2032 7.
423 1998 536 2033 Clodii
554 2000 671 2034 Macri
698 2005 728 2034 ct
754 1999 846 2032 Fon-

154 2047 200 2080 tei
213 2045 391 2091 Capitonis
413 2047 557 2081 caedes:
586 2048 731 2082 Sueton.
752 2047 850 2081 Gall).

156 2095 212 2129 11.
251 2093 341 2128 Plut.
373 2095 427 2129 15.
478 2095 545 2130 Dio
573 2096 677 2130 Lxlv
704 2099 737 2131 2.
789 2095 852 2129 Hic

154 2147 274 2177 noster
299 2143 340 2177 H.
366 2142 414 2177 lv
438 2143 486 2178 48
512 2149 547 2178 et
572 2145 635 2187 49,
669 2145 762 2178 unde
788 2154 851 2177 ac-

155 2192 311 2235 cepimus
346 2190 507 2226 Clodium
547 2193 658 2228 fuisse
698 2193 853 2239 legatum

154 2240 366 2284 praetorium
393 2240 545 2286 legionis
559 2242 594 2275 in
606 2242 739 2276 Africa.
766 2241 852 2275 Pro-

155 2293 294 2332 praetor
339 2288 482 2323 Africae
529 2301 550 2323 a
596 2291 852 2325 recentioribus

155 2337 239 2371 viris
269 2336 381 2370 doctis
407 2347 478 2370 non
511 2343 608 2373 recte
640 2339 851 2383 appellatur.

228 2385 380 2418 avaritia
411 2391 442 2419 ct
479 2385 620 2420 libidine
646 2388 782 2432 foedum
807 2399 850 2421 ac

155 2433 383 2467 nzaculosam:
438 2435 579 2468 nomina
620 2436 762 2470 foedum
813 2447 854 2470 ac

157 2481 370 2515 maculosum
398 2485 667 2531 (στιγματίαν)
697 2484 850 2518 infimum

155 2530 326 2564 avaritiae
369 2530 594 2576 libidinisque
637 2532 855 2567 exercendae

155 2589 268 2623 genus
294 2578 474 2622 denotant,
503 2585 538 2614 et
557 2580 750 2615 maculosas
778 2592 856 2616 eum

154 2626 316 2672 designat
342 2628 400 2671 qui
427 2627 587 2663 abiectae
617 2628 754 2664 libidini
773 2641 856 2676 gra-

154 2675 326 2720 vibusque
342 2675 485 2721 flagitiis
504 2677 677 2712 obnoxius
703 2684 855 2713 tenetur.

153 2724 209 2757 Sic
236 2722 389 2756 Caecina
419 2724 603 2759 Valentem
645 2727 701 2772 (H.
738 2727 767 2761 11
794 2729 856 2772 30)

155 2772 274 2804 irridet
312 2772 448 2815 foedum
486 2785 530 2808 ac
571 2775 782 2809 maculosum
824 2780 858 2809 et

159 2820 286 2853 Valens
313 2824 431 2864 stupra
458 2828 493 2855 et
519 2823 693 2858 adulteria
729 2825 856 2869 cupide

156 2872 308 2901 sectatus
342 2874 394 2902 est
435 2870 495 2914 (ΙΙ.
535 2873 547 2904 l
586 2872 654 2915 66,
695 2871 742 2906 ΙΙΙ
778 2873 858 2920 41).

158 2915 284 2949 Lucius
307 2917 470 2951 Vitellius
494 2919 534 2953 H.
556 2919 600 2954 Ill
622 2921 668 2956 38
686 2923 779 2956 omni
797 2922 858 2956 de-

162 2964 284 2998 decore
303 2965 492 3002 maculosus
511 2971 720 3014 nominatur,
744 2970 858 3006 idem-

916 1808 1037 1841 obrem
1073 1818 1151 1840 cum
1179 1805 1312 1840 Cilices
1341 1805 1509 1840 deferunt
1536 1804 1630 1840 Cos-

916 1857 1089 1889 sutianum
1119 1855 1327 1898 Capitonem
1344 1853 1522 1900 (x11133)
1549 1865 1629 1888 Μ-

918 1903 1070 1937 calosum
1115 1903 1340 1947 foedamque,
1379 1907 1411 1935 et
1448 1902 1540 1936 idem
1577 1902 1631 1936 im

918 1951 1091 1986 audactae
1114 1952 1153 1984 in
1175 1951 1363 1996 provincia
1393 1955 1509 1984 ratum
1542 1950 1634 1995 qaod

918 2001 957 2034 in
981 2000 1065 2033 urbe
1092 2005 1310 2041 exercuerat,
1342 1998 1525 2033 obiectant
1541 2009 1629 2034 ava-

919 2049 1022 2082 ritiae
1068 2047 1300 2093 libidinisque
1341 2047 1480 2094 flagitia
1523 2047 1630 2083 foede

922 2097 1084 2131 admissa.

994 2146 1127 2179 crimen
1151 2155 1196 2178 ac
1220 2143 1353 2179 dolum.-
1382 2144 1417 2179 h.
1435 2155 1468 2180 e.
1496 2146 1630 2181 crimen

920 2193 993 2228 doli
1019 2205 1040 2228 a
1069 2192 1243 2238 Capitone
1270 2195 1459 2239 concepti,
1490 2199 1529 2228 ut
1556 2196 1629 2229 cri-

921 2254 1002 2277 men
1029 2253 1073 2277 ex
1099 2252 1251 2287 persona
1270 2244 1526 2287 accusantium,
1553 2243 1627 2278 doli

921 2302 1050 2326 nomen
1080 2290 1123 2326 de
1150 2296 1316 2326 accusato
1353 2296 1388 2326 et
1422 2293 1548 2338 punito
1574 2293 1632 2327 di-

924 2345 1017 2374 ctum
1044 2340 1101 2374 sit.

996 2394 1169 2432 tamquam
1195 2388 1288 2434 apud
1313 2399 1428 2422 senem
1453 2390 1631 2435 festinan·

924 2443 995 2471 tes:
1037 2444 1209 2481 tamquam
1254 2436 1296 2471 ad
1331 2448 1372 2471 ea
1410 2449 1501 2483 quae
1536 2440 1631 2473 servi

924 2486 1097 2520 sentirent
1122 2490 1280 2530 spectat:
1316 2497 1393 2519 nain
1419 2493 1456 2520 ut
1487 2489 1631 2533 cogita-

924 2536 1056 2568 tionem
1096 2534 1246 2569 dicentis
1287 2535 1525 2570 scribentisve
1575 2537 1632 2570 in-

926 2583 1040 2626 dicat,
1082 2589 1256 2628 tamquam
1292 2584 1335 2617 ad
1375 2595 1416 2618 ea
1451 2595 1543 2630 quae
1571 2585 1632 2619 alii

927 2632 1085 2677 cogitant
1138 2633 1367 2678 sentiuntque
1420 2633 1634 2680 plerumque

924 2680 1088 2715 refertur.
1141 2681 1182 2715 H.
1210 2682 1223 2715 1
1250 2682 1293 2716 6:
1324 2687 1500 2726 tamquam
1524 2683 1632 2716 inno·

927 2734 1040 2763 centes
1062 2730 1268 2776 perierant3
1305 2740 1386 2763 mox
1414 2742 1444 2765 c.
1473 2731 1515 2765 8:
1543 2737 1635 2765 tam-

927 2789 1027 2822 quam
1074 2790 1170 2812 suum
1211 2780 1343 2813 crimen
1387 2779 1634 2824 accipiebant,-

930 2838 959 2859 c.
992 2828 1055 2860 16.-
1097 2828 1203 2861 ceteri
1229 2834 1403 2872 tamquam
1438 2839 1515 2861 cum
1538 2830 1634 2874 sacto

931 2875 1179 2919 loquebantur3
1208 2888 1238 2910 c.
1266 2877 1336 2911 37:
1372 2887 1468 2910 nicnc
1494 2882 1525 2910 et
1551 2878 1633 2912 sub-

928 2925 1033 2958 iectos
1058 2936 1121 2958 nos
1149 2925 1267 2958 habuit
1300 2930 1475 2969 tamquam
1499 2938 1577 2961 suos
1603 2933 1635 2962 et

929 2971 1013 3008 viles
1027 2979 1062 3008 ut
1079 2974 1212 3008 alienos
1231 2974 1332 3019 (quia
1345 2974 1454 3009 alieni
1472 2980 1609 3023 sumus)
1624 2989 1633 3020 3

1752 864 1768 886 {l
