1768 3216
765 238 852 273 CAr.
882 238 901 272 1
909 240 989 275 4-2.

137 353 444 408 disputationis.

1570 234 1642 269 los

503 353 649 408 Neque
680 353 790 396 enim
824 353 955 396 defuit
983 352 1054 406 qui
1071 351 1280 394 diversam
1297 362 1463 405 quoque
1480 353 1640 404 partem

137 428 391 483 susciperet,
434 441 486 471 ac
511 428 681 470 multum
719 431 870 470 vexata
912 431 952 468 et
990 426 1120 468 inrisa
1157 429 1363 467 vetustate
1401 428 1639 466 nostrorum

97 505 370 558 atemporum
401 503 680 557 eloquentiam
711 502 975 556 antiquorum
1006 501 1188 555 ingeniis
1229 499 1470 541 anteferret.

1537 498 1640 540 Nam

138 581 308 631 postero
338 578 406 620 die
435 590 555 632 quam
573 577 778 619 Curiatius
798 576 1008 618 Maternus
1030 575 1230 616 Catonem
1247 574 1512 624 recitaverat,
1546 583 1639 613 cum

141 650 371 694 ostendisse
398 652 627 706 potentium
656 652 817 693 animos
848 650 1083 702 diceretur,
1134 653 1342 702 tamquam
1383 648 1426 687 in
1466 658 1517 687 eo
1551 649 1672 693 tra-5

140 726 325 781 goediae
369 731 615 782 argumento
661 726 724 768 sui
771 725 924 767 oblitus
960 728 1117 765 tantum
1158 723 1356 765 Catonem
1395 721 1638 775 cogitasset,

141 813 275 855 eaque
305 801 360 843 de
388 814 436 843 rc
467 814 543 855 per
571 801 716 843 urbem
750 801 945 853 frequens
974 786 1113 841 sermo
1152 797 1398 848 haberetur,
1436 796 1640 836 venerunt

141 874 194 918 ad
225 887 319 917 eum
347 875 514 916 Marcus
555 875 668 929 Aper
709 878 749 914 et
786 873 913 915 Iulius
954 871 1196 923 Secundus,
1240 870 1514 911 celeberrima
1556 872 1640 908 tum

141 949 312 1004 ingenia
342 949 424 992 fori
454 949 613 1002 nostri,
647 960 752 1002 quos
788 960 870 1002 ego
902 947 944 988 in
975 946 1142 988 iudiciis
1169 957 1254 986 non
1284 948 1483 997 utrosque
1514 941 1639 983 modo

262 1094 297 1127 2.
322 1092 434 1126 ian-isa
460 1092 486 1126 P
511 1093 572 1138 qui
597 1093 651 1126 sic
676 1090 783 1126 solet.

142 1140 326 1186 tragediae
351 1139 388 1175 P.

139 1273 189 1307 mi
210 1277 243 1307 et
258 1273 396 1318 ingenii
418 1272 603 1308 redderet.-
627 1272 758 1317 singuli
776 1276 859 1305 ante

141 1322 328 1355 memorati
355 1321 458 1355 fuere
486 1320 638 1364 Messala
666 1325 702 1354 et
727 1321 860 1355 ltlater-

142 1381 221 1413 nuS,
246 1369 340 1404 nulli
365 1369 450 1412 alii;
489 1370 611 1415 itaque
649 1370 860 1414 pronomine

142 1419 282 1463 quisquc
318 1417 492 1452 alteruter
525 1428 647 1452 eorum
674 1417 861 1463 significa-

141 1472 211 1510 tur,
237 1478 280 1501 ac
303 1477 472 1501 numerus
498 1466 734 1501 multitudinis
761 1466 862 1511 (recl-

142 1516 308 1562 aerem),
336 1526 442 1561 quem
470 1526 514 1549 ex
539 1515 565 1549 P
590 1515 729 1559 recepit
755 1514 862 1548 Orel-

143 1564 226 1607 lius,
251 1574 324 1597 non
349 1569 433 1608 apte
449 1564 620 1609 subsequi
644 1567 775 1608 potest,
794 1573 862 1596 ne-

143 1623 214 1658 que
239 1612 332 1646 bene
358 1612 566 1647 defenditur
597 1611 771 1656 exemplis
798 1610 861 1644 xtl

141 1662 201 1704 43,
237 1661 294 1695 XV
321 1661 379 1695 57.
441 1660 473 1694 Is
499 1666 559 1695 aut
586 1663 622 1695 in
649 1661 809 1694 codicem
838 1658 863 1692 P

142 1709 370 1744 aberratione
417 1710 565 1743 Pontani
610 1714 669 1743 aut
714 1710 781 1742 iam
827 1710 862 1741 in

144 1757 327 1802 exemplar
376 1758 453 1791 eius
497 1757 716 1792 assimilandi
757 1757 858 1798 vitio,

144 1817 222 1840 cum
262 1806 425 1851 proxime
461 1807 700 1850 praecesserit
737 1805 863 1849 adser-

143 1861 247 1897 rent,
274 1854 396 1889 illatus
424 1860 489 1888 est.
552 1854 648 1888 Idem
675 1852 862 1887 aberrandi

146 1913 261 1950 genus
302 1904 338 1936 in
371 1903 397 1936 P
424 1904 531 1937 etiam
564 1902 608 1937 ad
646 1904 864 1946 anteferrent

145 1963 207 1996 pro
228 1953 422 1996 anteferret
447 1951 555 1996 paulo
585 1957 665 1996 post
691 1951 861 1994 pervasit.

145 2000 312 2035 Ceterum
348 2000 541 2034 ohservare
578 1999 690 2042 velis,
735 1999 863 2040 lector,

145 2050 257 2094 ipsum
270 2047 428 2082 Tacitum
456 2048 567 2093 probe
585 2048 652 2082 sibi
681 2047 863 2081 conscium

144 2098 257 2132 fuisse
283 2099 368 2130 artis
389 2101 425 2131 et
451 2097 596 2130 virtutis
623 2095 797 2138 imitandi,
821 2095 864 2129 dc

145 2157 215 2192 qua
253 2145 386 2180 dictum
424 2147 460 2179 in
499 2145 686 2179 Prooemio
726 2155 804 2188 cap.
843 2145 864 2178 5

145 2205 179 2239 p.
212 2194 275 2230 ΧΠ
303 2205 356 2240 sq.

227 2265 338 2299 isdem
369 2276 465 2298 nunc
498 2265 653 2298 ‚tanneris
690 2263 864 2306 isdemque

145 2313 343 2347 rationibus
365 2324 581 2357 persequar:
616 2312 755 2344 ’rameri
779 2320 865 2353 per-

146 2363 262 2396 tinent
281 2361 324 2395 ad
339 2361 486 2395 formam
509 2360 773 2403 disputationis,
798 2368 864 2389 ra-

147 2411 259 2444 tiones
283 2409 326 2443 ad
352 2413 612 2454 argumentum.
677 2405 762 2440 Nam
791 2410 865 2438 tota

148 2457 343 2502 disputatio
363 2457 444 2491 dum
472 2467 535 2500 per
561 2456 727 2489 numeros
754 2463 865 2498 quos-

147 2506 226 2540 dam
265 2506 422 2540 decurrit
460 2507 576 2550 iisque
612 2503 864 2548 distinguitur,

148 2555 204 2589 bis
249 2555 363 2588 forma
407 2554 582 2588 sermonis
624 2550 865 2585 constituitur.

148 2603 265 2637 Aliter
290 2604 428 2636 numeri
463 2602 629 2636 dicuntur
664 2611 695 2634 c.
722 2600 792 2640 32,
829 2602 867 2631 ut

149 2652 322 2685 monitum
349 2650 493 2685 ibidem.

235 2719 322 2765 Cap.
353 2722 387 2755 2.

150 2769 195 2804 de
222 2769 291 2802 boc
326 2778 361 2801 v.
389 2767 676 2801 Additamentum
711 2770 792 2810 post
825 2764 869 2797 fi-

149 2828 231 2851 nem
271 2816 377 2850 huius
416 2815 602 2849 sermonis.
672 2813 776 2848 Alius
817 2817 870 2847 est

151 2866 239 2899 iuris
279 2863 465 2898 consultus
502 2862 564 2896 ille
602 2861 869 2906 Hispaniensis,

151 2924 257 2959 quem
302 2912 498 2958 alloquitur
530 2910 700 2945 Martialis
738 2910 768 2944 X
799 2909 871 2944 37:

151 2962 241 2998 iuris
266 2966 300 2996 ct
325 2971 517 3008 aequarum
551 2958 665 2994 cultor
686 2957 871 2993 sanctissi-

448 2719 631 2752 Curiatius
659 2718 842 2752 Maternus
854 2727 866 2749 .·

883 1092 918 1125 3.
947 1092 1168 1135 anteferrent
1195 1087 1232 1122 P.

465 1141 499 1176 7.
526 1140 716 1175 haberetur
742 1140 788 1174 P:
814 1139 963 1174 habetur
989 1138 1029 1173 F.

1352 1088 1386 1122 5.
1414 1092 1579 1130 tanquam
1606 1086 1641 1119 P.

1104 1137 1139 1172 8.
1171 1137 1235 1171 .M.
1267 1146 1354 1181 aper
1381 1134 1416 1168 P.

929 1282 983 1304 me
1009 1270 1134 1315 legum,
1159 1268 1313 1302 veridico
1336 1266 1476 1301 Latiam
1502 1266 1561 1312 qui
1584 1279 1646 1302 re-

930 1321 983 1364 yis
1009 1330 1069 1352 ore
1094 1319 1229 1362 forum,
1256 1317 1443 1361 municipi,
1471 1317 1646 1358 Materne,

932 1374 988 1401 tuo
1003 1368 1178 1410 veterique
1198 1364 1312 1399 sodali
1330 1364 1527 1397 Callaicum
1541 1376 1646 1397 man-

933 1416 995 1449 das
1019 1416 1050 1449 si
1076 1414 1157 1458 quid
1189 1414 1236 1447 ad
1262 1413 1450 1446 Oceanum.
1512 1411 1566 1445 Cf.
1604 1412 1646 1445 ad

933 1475 1011 1508 cap.
1051 1463 1115 1505 10,
1185 1462 1244 1495 ubi
1286 1462 1445 1495 Materno
1497 1461 1645 1504 patriam

932 1513 1045 1547 fuisse
1072 1509 1221 1545 Galliam
1248 1515 1430 1543 ostensum
1458 1514 1523 1543 est.

1006 1583 1152 1617 Marcus
1178 1581 1276 1627 Aper
1314 1586 1346 1614 et
1375 1580 1485 1614 Iulius
1510 1580 1643 1613 Secun-

934 1632 1018 1666 dus.-
1045 1632 1142 1675 prior
1167 1639 1238 1663 non
1265 1629 1326 1663 diu
1352 1630 1388 1662 in
1415 1628 1501 1662 urbe
1521 1638 1647 1662 versa-

933 1686 988 1713 tus
1016 1684 1094 1721 est,
1134 1683 1171 1711 ut
1200 1677 1375 1723 colligere
1409 1677 1495 1711 licet
1519 1677 1647 1721 partim

935 1740 978 1762 ex
1003 1728 1123 1762 verbis
1151 1727 1379 1760 celeberrima
1406 1731 1475 1759 tum
1502 1726 1647 1770 ingenia

931 1778 1025 1822 sori,
1059 1777 1183 1820 partim
1211 1774 1294 1809 inde
1320 1774 1414 1819 quod
1448 1785 1468 1807 a
1503 1775 1647 1807 nemine

933 1827 1001 1858 nisi
1029 1825 1071 1859 ab
1100 1825 1169 1858 hoc
1195 1828 1316 1857 nostro
1343 1822 1516 1856 laudatur.
1585 1822 1648 1856 lu-

933 1874 1019 1907 lium
1051 1873 1252 1907 Secundum
1292 1881 1370 1904 cum
1408 1871 1542 1904 honore
1569 1881 1648 1904 me..

933 1921 1335 1963 moratQuintilianusX
1359 1921 1372 1952 1
1398 1919 1584 1954 120—121
1613 1923 1649 1952 et

935 1972 957 2004 3
985 1970 1144 2011 12-14,
1189 1969 1250 2003 xil
1281 1969 1323 2003 10
1353 1970 1408 2001 11.
1485 1967 1589 2000 Pater
1614 1968 1647 2001 ei

934 2019 1002 2052 fuit
1040 2018 1152 2052 Iulius
1187 2017 1332 2059 Florus,
1371 2017 1409 2048 in
1452 2015 1649 2060 eloquentia

937 2067 1133 2101 Galliarum
1159 2088 1203 2093 -
1229 2066 1394 2110 princeps
1422 2063 1592 2108 (Quintil.
1621 2063 1646 2097 X

935 2117 957 2150 3
988 2117 1063 2160 12).
1116 2115 1155 2149 ln
1181 2113 1296 2148 Gallia
1321 2113 1394 2146 nati
1420 2114 1525 2146 etiam
1555 2112 1650 2155 Aper

936 2169 971 2198 et
998 2164 1188 2204 Maternus,
1216 2167 1254 2195 nt
1281 2162 1393 2206 liquet
1422 2172 1451 2194 c.
1483 2163 1537 2195 10.

1008 2234 1237 2269 celeberrima
1272 2238 1342 2266 tum
1375 2232 1521 2275 ingenia
1549 2231 1648 2275 sori.-

936 2294 1013 2316 cum
1044 2282 1154 2316 edidit
1181 2290 1378 2314 sermonem
1392 2279 1531 2312 'l'acitus
1552 2277 1648 2321 (Tito

935 2332 1153 2373 imperante:
1181 2339 1214 2361 v.
1231 2327 1406 2360 Prooemii
1423 2337 1452 2359 c.
1467 2327 1519 2369 5),
1547 2330 1648 2358 uter-

935 2388 1005 2422 que
1031 2378 1099 2410 iam
1131 2378 1165 2408 in
1194 2375 1280 2408 urbe
1302 2385 1372 2407 non
1400 2378 1486 2415 erat,
1508 2373 1647 2406 Secun-

936 2426 1195 2458 dusimmatura
1211 2427 1323 2456 morte
1344 2423 1535 2463 extinctus,
1554 2421 1650 2465 Aper

936 2475 970 2507 in
997 2474 1217 2517 provinciam
1234 2471 1395 2513 Galliam,
1423 2469 1516 2503 undc
1538 2474 1648 2510 ortus,

937 2522 1088 2555 fortasse
1101 2520 1267 2554 redierat.
1292 2517 1519 2552 DcSecundo
1533 2517 1649 2558 Quin-

936 2570 1083 2604 tilianus
1117 2571 1142 2604 X
1185 2571 1197 2601 1
1231 2567 1322 2602 120:
1366 2567 1455 2600 Iulio
1489 2565 1648 2599 Secundo

936 2619 967 2653 si
993 2617 1131 2663 longior
1160 2617 1356 2660 contiqisset
1382 2621 1491 2655 aetas,
1520 2614 1648 2646 claris-

936 2667 1058 2701 simum
1069 2667 1229 2711 profecto
1246 2674 1369 2696 nomen
1390 2663 1541 2695 oratoris
1558 2659 1651 2704 apud

934 2721 1091 2761 posteros
1117 2716 1220 2758 soret.
1257 2712 1449 2745 Adiecisset
1479 2710 1568 2741 enim
1592 2713 1650 2741 at-

941 2775 1003 2808 que
1028 2762 1202 2796 adiciebat
1229 2759 1352 2793 ceteris
1376 2757 1556 2790 virtutibus
1582 2757 1651 2800 suis

940 2811 1030 2856 quod
1055 2809 1250 2843 desiderari
1276 2811 1398 2851 potest.
1443 2804 1485 2838 ld
1511 2809 1558 2837 est
1584 2815 1652 2836 au-

939 2865 1005 2892 tem
1051 2863 1088 2891 ut
1140 2861 1225 2889 essct
1278 2853 1382 2887 multo
1426 2853 1537 2896 mayr's
1583 2863 1653 2896 pu-

939 2917 1059 2951 9nax,
1098 2910 1128 2938 et
1154 2903 1291 2949 saepius
1317 2901 1363 2934 ad
1389 2910 1654 2934 curam-rerum

940 2954 983 2988 ab
1006 2953 1199 2987 elocutione
1231 2950 1431 2996 respiceret.
1496 2947 1656 2982 Ceterum
