1768 3216
183 186 200 218 l
214 186 225 219 l
781 180 1045 216 PRAEFATIO.

171 301 386 343 adiunctus
419 303 520 351 erat,
553 309 676 340 manu
708 298 893 340 versavit
924 302 964 340 et
990 298 1045 340 ita
1080 297 1289 350 adhibuit,
1321 302 1364 340 ut
1394 311 1500 353 quae
1533 299 1659 342 Taci-

167 380 231 418 tus
262 376 313 416 de
349 373 563 416 Germanis
596 373 635 413 in
667 373 906 415 universum
938 372 1176 425 rettulerat,
1219 373 1307 427 ipse
1340 373 1391 415 de
1425 373 1666 417 Saxonibus·

167 451 464 492 Germanorum
503 448 653 502 populo
691 448 911 502 proferret.
983 448 1073 490 Hoc
1118 447 1217 489 fecit
1265 459 1374 489 anno
1413 447 1530 502 863,
1577 460 1659 502 quo

164 524 350 566 scribere
381 535 609 578 aggressus
644 527 706 565 cst
740 522 1068 564 Translationem
1088 521 1129 564 S.
1149 521 1394 576 Alexandri,
1427 527 1521 577 post
1543 534 1661 564 mor-

163 602 245 640 tem
275 597 465 640 Ruodolfi
490 605 549 648 (a.
583 598 689 652 865)
723 610 745 638 a
775 597 1037 654 Meginharto
1071 597 1272 652 discipulo
1313 598 1402 640 eius
1447 601 1488 639 et
1525 597 1660 640 amico

166 671 409 715 absolutam.
445 672 563 722 Quod
595 677 639 714 ut
669 673 815 715 melius
849 686 871 714 a
899 672 1060 715 lectore
1079 672 1367 727 perspiciatur,
1399 672 1529 715 verba
1546 673 1663 716 Ruo-

165 747 262 788 dolfi
295 746 576 789 narrationem
609 746 739 789 Taciti
774 760 875 790 suae
906 747 1265 789 accommodantis
1298 760 1348 790 ac
1379 759 1532 789 nomen
1571 747 1661 789 eius

163 821 379 864 reticentis
413 822 519 864 infra
552 822 707 876 scripta
746 826 870 875 sunt,
918 826 1077 877 sumpta
1120 836 1172 865 ex
1210 822 1359 864 Pertzii
1391 821 1663 863 Monumentis

168 896 368 937 historiae
399 896 657 938 Germanicis
686 901 715 938 t.
749 891 783 939 ii
813 908 850 951 p.
884 894 981 939 675.
1042 896 1106 939 Ac
1135 894 1310 951 primum
1348 910 1396 939 ea
1428 896 1658 939 Ruodolfus

165 972 251 1014 suis
294 971 516 1014 immiscuit
555 985 661 1026 quae
716 973 850 1027 capite
882 976 1028 1026 quarto
1063 972 1312 1014 Germaniae
1354 972 1506 1026 scripta
1552 975 1660 1023 sunt,

167 1047 219 1089 de
248 1046 432 1089 moribus
465 1051 505 1088 et
535 1047 730 1090 institutis
763 1047 972 1090 Saxonum
1001 1047 1106 1089 haee
1129 1060 1165 1088 c.
1194 1049 1213 1089 1
1240 1047 1468 1089 tradendo:
1498 1046 1663 1100 yeneris

168 1133 327 1175 quoque
359 1134 409 1163 ac
438 1121 664 1163 nobilitatis
694 1134 798 1163 suae
824 1121 1165 1174 providissimam
1188 1134 1333 1163 curam
1352 1120 1560 1171 habentes,
1590 1133 1667 1162 nec

162 1196 288 1251 facile
318 1197 441 1238 ullis²
480 1197 660 1239 aliarum
701 1196 881 1251 yentium
920 1197 987 1237 vel
1024 1195 1105 1237 sibi
1153 1196 1398 1250 inferiorum
1444 1194 1631 1237 conubiis
1649 1198 1666 1222 ²

165 1270 330 1324 infecti,
373 1271 592 1325 propriam
631 1275 670 1312 et
707 1271 916 1312 sinceram
957 1275 995 1311 et
1025 1275 1181 1312 tantum
1210 1270 1278 1311 sui
1306 1270 1480 1312 similem
1509 1274 1666 1324 =«lentem

163 1345 308 1398 facere
335 1345 472 1387 conati
503 1349 609 1386 sunt.
691 1344 803 1386 Unde
833 1344 997 1386 habitas
1029 1356 1190 1398 quoque
1222 1357 1273 1386 ao
1302 1344 1536 1398 maynitudo
1566 1356 1665 1386 cor-

162 1432 314 1473 porum
343 1432 647 1473 comarumque.
663 1420 792 1472 color,
825 1424 1021 1472 tanquam
1040 1419 1083 1460 in
1101 1423 1213 1460 tanto
1234 1419 1440 1460 hominum
1454 1431 1625 1460 numero
1639 1421 1669 1471 3,

166 1494 273 1537 idem
299 1507 407 1547 pene
437 1494 636 1536 omnibus.
707 1494 810 1535 Hinc
841 1494 927 1536 suis
964 1493 1107 1536 verbis
1138 1493 1337 1535 nonnulla
1381 1493 1434 1536 de
1474 1498 1669 1548 quattuor

169 1569 276 1624 apud
306 1569 495 1612 Saxones
528 1568 776 1611 differentiis
806 1572 961 1621 narrat,
992 1567 1194 1610 nobilium
1213 1568 1390 1621 scilicet,
1422 1567 1666 1620 liberorum,

168 1644 431 1697 libertorum,
461 1656 694 1697 servorum,
730 1644 828 1686 dein
860 1649 920 1695 (c.
951 1644 977 1686 2
1006 1656 1045 1697 p.
1079 1642 1183 1695 675)
1216 1643 1354 1698 pergit
1382 1642 1513 1685 Taciti
1529 1642 1670 1685 verbis

172 1718 368 1760 immixtis
401 1731 453 1761 ex
484 1719 732 1766 Germaniae
761 1719 896 1773 capite
924 1730 1063 1760 nono:
1097 1718 1310 1759 coluerunt
1340 1716 1446 1759 enim
1477 1727 1572 1767 eos,
1599 1715 1670 1769 qui

171 1797 326 1834 natura
355 1806 438 1834 non
471 1798 592 1835 erant
620 1794 701 1835 dii:
731 1794 839 1834 inter
869 1805 971 1846 quos
1001 1793 1181 1835 maoeime
1211 1791 1465 1834 Mercurium
1492 1802 1671 1832 venera·

177 1867 351 1917 bantur,
391 1867 457 1908 cui
497 1867 619 1908 certis
662 1867 804 1908 diebus
832 1867 1022 1909 humanis
1053 1880 1212 1921 quoque
1244 1866 1389 1908 hostiis
1419 1866 1542 1908 litare
1570 1877 1672 1907 con-

175 1946 411 1983 sueverant.
482 1941 594 1983 Deos
633 1954 733 1983 suos
768 1954 898 1995 neque
939 1941 1097 1995 templis
1129 1942 1339 1984 includere
1367 1953 1498 1994 neque
1526 1940 1668 1982 utlae⁶÷

228 2134 259 2167 1.
286 2143 351 2166 nec
380 2150 418 2158 —
448 2132 552 2166 ullis.-
590 2131 705 2167 reddit
733 2132 897 2166 Ruodol-
948 2133 1140 2168 verborum
1179 2132 1346 2167 Ruodolfi
1392 2139 1465 2167 ‘non
1508 2136 1675 2167 accurate

177 2181 235 2215 fus
260 2180 457 2215 Tacitinum
488 2181 605 2215 nullis.
654 2181 758 2227 Apud
784 2182 899 2216 Mass-
949 2182 1119 2227 seriptum
1148 2186 1201 2216 est
1228 2192 1262 2226 p.
1291 2182 1374 2217 224.

179 2239 346 2263 mannum
392 2229 449 2275 (Ο.
499 2229 656 2264 Cornelii
706 2230 816 2264 Taciti
859 2230 900 2264 de

179 2278 317 2322 origine
341 2277 493 2312 moribus
535 2290 579 2312 ac
604 2280 672 2312 situ
702 2279 900 2313 Germano-
997 2280 1032 2314 3.
1061 2278 1165 2323 Apud
1192 2279 1350 2313 'l'acitum
1385 2284 1439 2313 est
1466 2291 1674 2324 quamquam

178 2337 258 2360 rum
283 2324 419 2360 libellus
446 2336 479 2370 p.
509 2327 595 2375 224)
622 2327 704 2361 aliis
732 2337 795 2371 pro
819 2327 901 2362 ullis
948 2329 987 2362 in
1012 2333 1108 2362 tanto
1127 2328 1302 2362 hominum
1324 2339 1481 2370 numero,
1511 2327 1674 2363 Ruodolfi

177 2384 364 2419 perperam
379 2385 585 2419 expressum
603 2380 668 2410 est.
682 2375 777 2410 Idem
794 2376 901 2410 aber·
953 2377 1180 2411 aberratione
1208 2381 1243 2410 et
1270 2376 1491 2410 assimilandi
1521 2377 1676 2411 inclina-

178 2427 254 2466 rat,
293 2433 372 2457 cum
399 2423 624 2468 Meqinharto
652 2425 742 2458 haec
768 2436 812 2459 ex
834 2422 903 2458 Ta-
953 2426 1051 2458 tione
1079 2427 1284 2471 (tan-quam
1319 2427 1454 2469 tan-to)
1490 2430 1675 2459 mutatum.

180 2471 252 2504 cito
267 2475 437 2515 excerpta
458 2472 620 2506 attribuit
640 2483 674 2516 p.
689 2473 902 2507 220-233:
953 2474 1195 2507 Massmannus
1246 2473 1335 2506 vitio
1389 2475 1651 2519 typographico
1666 2499 1677 2516 ‚

178 2530 261 2553 nam
286 2518 530 2565 Meginhartus
556 2522 791 2564 posteriorem
819 2531 903 2565 par-
953 2522 1105 2565 opinor,
1143 2531 1179 2564 p.
1204 2521 1277 2556 224
1314 2519 1478 2554 exhibuit
1512 2528 1679 2567 tanquam

178 2572 252 2602 tem
265 2566 520 2603 Translationis
538 2569 572 2604 S.
595 2568 790 2603 Alexandri
809 2570 902 2603 scri-
953 2571 992 2603 in
1018 2574 1114 2604 tanto
1140 2580 1285 2603 numero
1313 2566 1500 2605 hominum.

178 2617 263 2661 psit,
290 2625 363 2650 nun
387 2617 613 2662 principium.

431 2707 434 2712 Ι
1027 2664 1062 2699 4.
1090 2665 1210 2700 ullae.-
1235 2665 1304 2700 hoc
1334 2676 1398 2710 pro
1424 2665 1490 2701 ulli
1515 2667 1677 2702 inscien-

248 2714 283 2748 2.
312 2713 488 2747 conubiis.-
526 2713 563 2747 in
593 2713 804 2749 Germanico
832 2714 902 2748 Ta·
952 2715 1025 2748 tiae
1051 2714 1215 2749 Ruodolfi
1241 2714 1488 2758 tribuendum3
1513 2725 1597 2749 mox
1622 2721 1679 2750 ta-

182 2761 244 2794 citi
272 2761 466 2806 exemplari
495 2762 654 2797 cenubiis
681 2763 903 2808 videtuiffifu-
953 2773 1035 2796 men
1061 2769 1161 2798 recte
1188 2764 1368 2808 excerpsit
1405 2774 1471 2797 nec
1507 2763 1572 2798 ulli
1611 2774 1680 2798 au-

181 2809 277 2852 isse3
306 2810 390 2844 hinc
406 2809 605 2846 Ruodolfus
618 2812 787 2855 conubiis,
808 2812 903 2846 Pon·
953 2813 1061 2857 spicio
1097 2813 1212 2846 maior
1244 2812 1353 2856 fides:
1399 2822 1479 2845 nam
1517 2813 1679 2858 auspicii,

182 2862 286 2891 tanus
330 2858 514 2893 connubiis
554 2863 741 2905 expressit.
799 2860 903 2905 Apud
954 2865 992 2893 ut
1017 2865 1071 2894 est
1097 2860 1191 2905 apud
1217 2860 1501 2904 Massmannum,
1540 2861 1583 2895 ab
1609 2860 1680 2902 hu-

183 2906 443 2942 Massmannum
471 2909 653 2945 connubiis
674 2911 711 2945 in
732 2914 904 2945 contextu
953 2910 1009 2943 ius
1038 2919 1159 2944 errore
1185 2909 1398 2954 protectum.
1620 2912 1622 2914 ’
