1768 3216
774 233 861 272 Gar.
886 236 976 272 32-
984 235 1045 273 33,
1589 239 1661 276 18³

157 349 292 395 nituit.
352 350 467 407 Ergo
499 352 691 407 egressi,
731 364 812 408 ego
844 356 1033 396 veterum
1065 353 1298 410 legatorum
1313 384 1326 407 ,
1362 366 1440 398 vos
1469 354 1659 410 priorum

97 432 103 439 '
158 426 417 469 exercituum
447 426 664 479 terminos,
697 427 820 470 tinem
851 428 1090 471 Britanniae
1120 441 1206 471 non
1237 429 1347 472 fama
1376 441 1457 473 nec
1485 442 1656 476 rumore

156 500 235 543 sed
265 500 415 545 castris
444 506 485 543 et
514 502 643 544 armis
672 506 874 544 tenemus.
946 504 1116 548 Inventa
1144 504 1358 547 Britannia
1395 508 1438 546 et
1465 505 1655 548 subacta.

154 574 360 630 Equidem
388 588 517 631 saepe
547 577 589 618 in
619 577 801 632 agmine,
834 589 927 620 cum
957 590 1035 620 vos
1063 578 1236 632 paludes
1265 583 1483 621 montesve
1512 583 1553 621 et
1572 575 1657 623 tm-

156 649 269 693 mina
298 649 536 706 fatigarent,
568 651 787 694 fortissimi
817 652 1017 706 cuiusque
1044 664 1174 694 voces
1205 653 1447 695 audiebam:
1471 652 1688 708 ‘quandos

157 724 324 771 dabitur
351 725 500 778 hostis,
530 726 696 779 quando
728 726 842 768 acies
855 726 891 769 ‘2’
945 726 1148 778 Veniunt,
1195 739 1220 768 e
1250 726 1423 770 latebris
1455 728 1542 770 suis
1575 740 1656 770 ex-

155 801 283 854 trusi,
313 803 357 843 et
379 805 477 842 vota
505 801 720 855 virtusque
744 801 788 842 in
819 805 976 856 aperto,
1010 803 1232 856 omniaque
1263 815 1396 857 prona
1424 803 1656 846 victoribus

156 878 282 929 atque
314 873 462 917 eadem
483 874 606 916 victis
637 874 830 917 adversa.
855 876 1042 930 Namque
1072 881 1117 918 ut
1141 889 1364 931 superasse
1396 880 1553 920 tantum
1584 877 1658 921 iti-

153 949 285 1002 neris,
315 948 445 991 silvas
461 949 664 1002 evasisse,
697 950 899 992 transisse
920 951 1128 992 aestuaria
1146 951 1363 1005 pulchrum
1384 964 1434 994 ac
1454 951 1655 995 decorum

154 1023 431 1075 introntem,
470 1024 527 1066 ita
566 1023 822 1078 fugientibus
862 1025 1218 1081 periculosissima
1252 1038 1359 1079 quae
1390 1025 1518 1068 hodie
1554 1038 1712 1080 pro-10

155 1098 359 1154 spen-ima
387 1102 495 1141 sunt.
554 1098 699 1152 Neque
729 1099 839 1141 enim
873 1099 995 1141 nobis
1020 1104 1089 1141 aut
1119 1100 1310 1142 locorum
1343 1100 1491 1143 eadem
1510 1101 1657 1143 notitia

156 1176 227 1215 aut
253 1176 556 1216 commeatuum
585 1172 734 1216 eadem
764 1172 1039 1226 abundantia,
1084 1174 1160 1216 sed
1202 1186 1348 1216 manus
1393 1179 1435 1216 et
1472 1187 1588 1218 arma
1618 1179 1658 1217 et

155 1248 200 1291 in
229 1247 295 1291 his
324 1247 477 1291 omnia.
536 1247 656 1298 Quod
680 1247 732 1289 ad
763 1259 830 1289 me
860 1248 1032 1300 attinet,
1066 1249 1147 1292 iam
1181 1248 1340 1302 pridem
1370 1249 1470 1293 mihi
1503 1249 1657 1294 decre-

156 1326 239 1366 tum
270 1326 334 1365 est
358 1334 494 1376 neque
511 1323 719 1364 exercitus
743 1334 879 1376 neque
910 1322 1029 1364 ducis
1060 1326 1178 1378 terga
1209 1326 1292 1363 tuta
1324 1335 1430 1364 esse.
1477 1324 1657 1366 Proinde

155 1401 198 1440 et
226 1397 401 1439 honesta
432 1408 545 1438 mors
587 1396 693 1450 turpi
726 1396 809 1438 vita
841 1396 1004 1450 potior,
1050 1400 1090 1438 et
1129 1395 1392 1438 incolumitas
1433 1409 1483 1438 ac
1523 1397 1709 1440 decusa

263 1555 300 1590 4.
326 1562 431 1598 saepe
455 1561 512 1585 om
537 1550 769 1586 Puteolanus.
867 1553 901 1586 5.
928 1562 1032 1586 uoces
1062 1552 1143 1586 ΓΔτ
1172 1561 1259 1584 uoce
1285 1549 1514 1584 Puteolanus.
1618 1552 1654 1588 6.

156 1601 267 1651 acies]
295 1602 433 1635 animus
459 1599 688 1634 Puteolanus.
763 1599 797 1634 8.
825 1611 974 1645 namque
1004 1601 1080 1636 TA:
1110 1610 1193 1632 nam
1222 1597 1438 1632 Puteolanus
1465 1604 1500 1633 et
1530 1599 1654 1646 vulgo.

154 1661 334 1696 superesse
359 1649 485 1683 vitium
512 1648 712 1683 Puteolani.
794 1650 848 1684 10.
877 1650 929 1683 ita
955 1651 1035 1683 ΓΔε
1063 1648 1278 1682 Puteolanus
1307 1648 1396 1681 icem.
1464 1649 1520 1685 11.
1548 1648 1655 1682 deco-

158 1709 237 1733 rum
260 1698 318 1746 (de
343 1698 571 1732 subnotatum
599 1702 634 1732 et
660 1708 839 1742 superscr.
864 1697 915 1744 lo)
946 1699 983 1732 Γ.

159 1831 255 1867 bar-'s
278 1830 386 1864 moris
403 1829 447 1864 ad
462 1831 651 1875 sequentia
677 1831 871 1874 pertinent,

158 1879 223 1916 sed
247 1878 318 1914 hoc
342 1878 421 1913 fieri
446 1880 584 1924 nequit,
611 1879 681 1912 nisi
710 1878 872 1924 legamus

157 1934 273 1974 mque,
299 1926 394 1974 quod
420 1938 476 1961 me
499 1927 619 1961 iudice
637 1928 673 1960 in
692 1927 871 1972 antiquis-

157 1978 248 2011 simo
285 1975 378 2010 libro
422 1986 487 2020 per
524 1974 772 2020 compendium
808 1986 874 2009 ex-

157 2035 322 2073 pressum
367 2026 469 2070 (utq5)
502 2035 522 2058 a
555 2025 717 2069 proximo
757 2023 875 2057 scriba

157 2079 197 2109 ut
219 2073 395 2110 redditum
423 2077 490 2107 est.
544 2073 663 2117 ipsum
690 2078 794 2116 utque
821 2076 875 2105 est

155 2126 222 2168 pro
251 2128 366 2168 atque,
391 2127 441 2164 ut,
468 2122 575 2157 venia
601 2120 695 2166 apud
717 2118 875 2154 Tacitum

157 2172 302 2206 usitata.
327 2169 383 2205 Cf.
410 2174 533 2204 annot.
560 2170 604 2203 ad
620 2169 660 2204 0.
681 2169 740 2204 34.
764 2168 876 2203 Geni-

159 2219 255 2254 tivus
280 2220 388 2253 moris
414 2229 477 2263 pro
502 2219 542 2252 in
565 2229 662 2252 more
688 2218 748 2251 vel
778 2228 875 2260 mos,-

158 2267 343 2303 marmot.
375 2266 419 2300 ad
445 2278 477 2301 c.
504 2266 563 2301 39.

242 2343 386 2372 octavus
421 2347 536 2370 annus
574 2340 646 2370 cst.-
688 2344 875 2368 numerare

157 2385 367 2433 Agricolam
387 2396 408 2419 a
434 2383 621 2419 consulatu
653 2393 718 2416 suo
745 2394 776 2417 a.
804 2383 877 2417 830

160 2435 234 2470 kal.
260 2434 326 2470 lul.
352 2454 396 2461 -
423 2432 494 2467 kal.
516 2433 613 2476 Sept.
641 2436 767 2477 gesto,
804 2439 874 2463 non

160 2484 205 2519 ab
241 2483 397 2518 adventu
430 2494 462 2516 a.
489 2481 581 2524 831,
617 2480 781 2514 Walchio
809 2489 875 2511 nu-

161 2537 260 2568 ctore
285 2531 441 2567 Orellius
467 2530 566 2564 dicit.
614 2529 702 2563 Mira
725 2537 875 2571 compu-

161 2582 275 2623 tatio,
317 2580 419 2625 quasi
452 2578 577 2613 consul
615 2578 650 2612 in
685 2577 772 2610 urbe
807 2575 874 2609 lide

161 2634 268 2675 atque
315 2638 424 2672 opera
470 2627 622 2660 militum
656 2626 875 2659 Britanniam

161 2679 311 2713 vincere
336 2685 529 2721 aggressus
557 2675 614 2707 sit.
667 2673 776 2707 Immo
806 2683 876 2706 nu-

163 2729 276 2761 merat
300 2723 343 2760 ab
370 2733 464 2758 anno
498 2722 672 2756 adventus
698 2722 775 2763 sui,
814 2720 876 2755 sed

163 2784 243 2808 cnm
270 2772 436 2814 advenit,
462 2771 578 2805 media
608 2775 726 2804 aestas
761 2774 878 2803 trans-

162 2826 268 2856 vecta
306 2825 403 2856 erat:
459 2830 552 2854 nunc
586 2829 665 2853 cum
699 2818 878 2864 loquitur,

164 2875 292 2906 exacta
323 2874 441 2904 aestas
478 2872 554 2902 erat
589 2869 641 2912 (c.
665 2866 713 2903 38
738 2866 803 2900 sub
835 2866 877 2899 li-

163 2922 283 2966 nem):
317 2928 405 2957 vere
430 2917 540 2963 igitur
564 2920 693 2949 octavo
720 2914 878 2961 legatio-

163 2969 221 3004 nis
246 2977 363 3011 anuo,
404 2966 557 3012 septima
581 2968 698 3002 tamen
725 2962 876 3009 expedi-

941 1830 1077 1862 tionum
1104 1833 1242 1863 aestate
1267 1828 1416 1863 militem
1450 1829 1657 1865 cohortatus

944 1882 1009 1912 est.

1014 1926 1141 1960 tia-tute
1164 1932 1196 1960 et
1221 1926 1387 1971 auspiciis
1411 1926 1552 1972 imperii
1579 1927 1657 1961 lto-

943 1975 1059 2008 mani:
1086 1974 1257 2021 Agricola
1284 1975 1361 2019 ipse
1387 1975 1417 2007 si
1449 1973 1558 2008 talem
1574 1984 1671 2008 ora-r

943 2025 1078 2058 tionem
1100 2022 1243 2065 habuit,
1280 2023 1401 2056 dicere
1426 2022 1550 2056 debuit
1581 2024 1659 2057 vir-

944 2077 1014 2105 tute
1040 2077 1072 2105 et
1096 2072 1261 2116 auspiciis
1287 2071 1531 2117 imperatoris,
1559 2070 1595 2105 h.
1626 2082 1658 2105 e.

944 2120 1116 2165 principis
1153 2120 1369 2162 Domitiani,
1403 2120 1504 2153 cuius
1535 2120 1660 2164 auspi-

945 2170 1010 2203 ciis
1036 2179 1111 2202 rem
1138 2168 1287 2214 gerebat
1314 2168 1454 2213 legatus
1473 2167 1658 2214 Agricola.

946 2217 1050 2251 Conf.
1079 2215 1161 2250 xlv
1189 2218 1255 2252 26:
1290 2216 1491 2260 orditurque
1518 2216 1659 2260 mayroi-

941 2266 1012 2309 [ἶσα
1035 2265 1077 2299 de
1099 2265 1265 2310 auspiciis
1288 2263 1510 2309 imperatoris
1535 2263 1659 2296 rebus-

945 2323 1047 2356 quea
1069 2324 1104 2346 se
1117 2313 1234 2357 gestis,
1262 2310 1322 2343 ubi
1348 2321 1383 2343 v.
1409 2314 1545 2352 annot„
1573 2311 1661 2344 item

945 2359 989 2393 ad
1014 2359 1044 2393 Il
1072 2359 1128 2394 18.
1179 2358 1248 2393 Sed
1274 2357 1336 2392 ille
1360 2358 1553 2402 imperator
1578 2368 1658 2397 cum

944 2409 1107 2442 immanis
1143 2406 1305 2443 dominus
1342 2411 1377 2441 et
1419 2406 1488 2443 iam
1522 2406 1658 2440 nonin

944 2457 1038 2490 vivis
1065 2459 1174 2498 esset,
1200 2466 1278 2489 curn
1288 2455 1429 2490 Tacitus
1450 2454 1539 2490 haec
1563 2454 1657 2488 scri-

944 2505 1038 2549 psit,
1083 2505 1112 2538 is
1151 2503 1319 2538 decorum
1346 2513 1521 2549 quaerens
1546 2503 1656 2551 impe-

942 2553 1036 2586 rium
1060 2553 1256 2588 Romanum
1290 2552 1409 2597 posuit
1442 2561 1506 2596 pro
1541 2553 1656 2599 impe-

943 2605 1061 2636 ratore
1087 2602 1258 2636 Romano.

1014 2678 1095 2708 vota
1135 2673 1308 2717 virtusque
1343 2672 1381 2704 in
1412 2675 1561 2716 aperto:
1607 2669 1654 2703 cs.

944 2726 1065 2755 annot.
1099 2721 1142 2756 ad
1183 2732 1214 2754 c.
1247 2722 1278 2754 1.
1318 2724 1398 2752 eota
1440 2717 1525 2753 dicit
1562 2716 1655 2762 quod

946 2771 1099 2815 quisque
1125 2769 1224 2802 vovit
1250 2769 1326 2800 sive
1356 2766 1494 2809 optavit
1522 2764 1656 2810 (Win-

946 2817 1055 2862 sche).
1165 2816 1347 2859 omniaque
1369 2824 1487 2859 prona
1510 2814 1656 2848 victori—

949 2866 1026 2899 bus:
1076 2864 1116 2898 H.
1143 2863 1191 2898 111
1216 2862 1288 2898 64:
1323 2862 1440 2898 omnia
1463 2871 1580 2906 prona
1601 2862 1656 2895 ei-

948 2913 1109 2947 cruribus.
1200 2911 1238 2944 in
1260 2912 1429 2955 frontem:
1458 2909 1494 2945 h.
1522 2919 1555 2944 e.
1581 2918 1658 2943 am-

945 2961 1040 3007 plius
1067 2958 1391 3007 progredientibus.
1622 2967 1627 2972 ·
