1768 3216
143 237 167 268 1
190 227 232 268 G.
258 229 319 268 69.
649 227 787 265 LIBER
811 229 840 265 1.
892 227 980 264 Gn.
1009 228 1166 265 52—55.
1608 226 1656 262 el

142 347 478 404 maestitiamque
509 347 746 404 compositi,
777 361 855 403 per
883 348 1089 403 prIncipia
1106 359 1184 402 per
1214 344 1492 389 contubernia
1528 343 1656 386 modo

143 438 245 470 suas
274 425 451 468 iniurias
481 424 609 467 modo
638 424 873 467 vicinarum
906 423 1134 466 civitatium
1162 421 1365 478 praemia,
1398 425 1440 463 et
1459 420 1530 463 ubi
1549 431 1656 474 pro-

143 501 211 544 nis
239 501 414 544 militum
455 499 626 542 auribus
665 499 1005 554 accipiebantur,
1049 499 1179 553 ipsius
1221 497 1433 540 exercitus
1469 494 1660 551 pericula

146 581 191 619 et
218 574 496 619 contumelias
526 578 838 630 conquerentes
870 574 1163 617 accendebant
1193 574 1370 616 animos.
1401 573 1491 616 Nec
1511 570 1661 626 procul

145 650 360 694 seditione
400 650 602 702 aberant,
653 662 746 692 cum
786 648 1057 691 Hordeonius
1097 648 1273 690 Flaccus
1322 647 1439 689 abire
1478 646 1692 702 legatos,s

143 730 272 782 utque
301 725 510 768 occultior
544 725 763 780 digressus
795 729 923 778 esset,
956 729 1082 767 nocte
1114 724 1265 766 castris
1297 721 1510 766 excedere
1530 721 1659 764 iubet.

143 800 249 843 Inde
279 804 402 843 atrox
429 811 591 853 rumor,
624 799 938 842 adfirmantibus
971 800 1187 854 plerisque
1218 798 1482 850 interfectos,
1506 810 1556 840 ac
1577 797 1662 839 nisi

141 875 225 933 ipsi
256 875 544 929 consulerent,
578 875 672 918 fore
702 879 747 918 ut
777 875 975 918 acerrimi
1006 875 1179 917 militum
1211 878 1252 916 et
1280 873 1520 928 praesentia
1552 884 1662 915 con-

143 951 280 1006 questi
308 963 387 1006 per
414 950 626 993 tenebras.
646 954 687 992 et
719 950 928 993 inscitiam
961 954 1200 992 ceterorum
1222 949 1535 991 occiderentur.
1569 947 1661 990 Ob-

143 1026 407 1083 stringuntur
457 1026 569 1068 inter
618 1038 668 1068 se
717 1025 845 1067 tacito
898 1025 1077 1067 foedere
1124 1024 1332 1080 legiones.
1393 1023 1713 1068 Adscisciturto

143 1101 392 1144 auxiliorum
421 1101 564 1155 miles,
606 1102 743 1156 primo
776 1105 996 1156 suspectus
1029 1104 1240 1155 tamquam
1271 1096 1545 1142 circumdatis
1577 1110 1659 1142 co·-

141 1177 336 1220 hortibus
376 1177 540 1232 alisque
579 1177 758 1232 impetus
798 1177 842 1218 in
879 1176 1075 1232 legiones
1105 1180 1348 1231 pararetur,
1380 1187 1480 1217 mox
1509 1174 1659 1217 eadem

144 1252 287 1295 acr’ms
333 1252 535 1305 volvens,
587 1252 781 1294 faciliore
830 1252 941 1294 inter
979 1251 1112 1294 malos
1153 1263 1367 1294 consensu
1405 1250 1458 1292 ad
1502 1249 1658 1292 bellum

74 1330 267 1383 55quam
295 1327 464 1382 inpace
491 1326 544 1369 ad
575 1326 862 1369 concordiam.
903 1326 1124 1369 Inferioris
1154 1331 1295 1369 tamen
1309 1325 1560 1368 Germaniae
1590 1325 1659 1366 le·-

143 1402 297 1458 giones
315 1401 511 1444 sollemni
531 1400 805 1444 kalendarum
824 1400 1110 1444 Ianuariarum
1130 1405 1397 1444 sacramento
1425 1411 1503 1455 pro
1526 1398 1658 1442 Galba
1671 1410 1710 1441 ιε

144 1476 343 1530 adactae,
375 1476 502 1518 multa
534 1477 804 1519 cunctatione
836 1481 878 1518 et
906 1477 1016 1519 raris
1045 1477 1276 1532 primorum
1309 1476 1503 1519 ordinum
1532 1474 1659 1517 voci-

143 1551 246 1605 bus,
287 1552 422 1594 ceteri
460 1551 629 1594 silentio
660 1552 842 1607 proximi
874 1552 1077 1606 cuiusque
1108 1552 1329 1594 audaciam
1369 1554 1658 1606 expectantes,

144 1627 271 1670 Insita
300 1626 544 1669 mortalibus
575 1631 750 1681 natura,
790 1639 973 1682 propere
1004 1627 1125 1681 sequi
1156 1639 1263 1681 quae
1293 1627 1411 1681 piget
1439 1625 1656 1667 inchoare.
1694 1680 1709 1686 ,-
1752 1663 1768 1691 ᾇ

146 1701 231 1745 Sed
279 1702 383 1756 ipsis
430 1702 670 1757 legionibus
722 1702 859 1744 inerat
899 1702 1124 1744 diversitas
1166 1702 1413 1743 animorum.
1474 1697 1659 1742 Primani
1673 1687 1713 1743 ⁶f

1505 1769 1663 1783 ἡ
1712 1770 1768 1784 a>

285 1838 318 1872 1.
347 1842 440 1872 mest.
467 1837 534 1872 Ma.
624 1837 725 1871 modo
752 1837 792 1871 in
823 1848 900 1871 tuas
926 1834 1000 1872 Ma:
1031 1841 1232 1871 correctum
1259 1837 1354 1871 inest
1378 1834 1417 1870 G.
1496 1834 1532 1870 8.
1556 1845 1654 1880 pres.

144 1884 212 1922 Μ’.
281 1887 338 1923 10.
363 1886 459 1932 saed.
487 1885 553 1920 ma.
636 1887 693 1922 12.
721 1886 859 1933 leyione
885 1885 952 1921 ma.
1032 1886 1090 1921 15.
1116 1884 1180 1921 ΚΖ.
1208 1896 1289 1920 cum
1317 1885 1592 1920 lin.transversa
1620 1884 1659 1918 in

145 1934 221 1971 litt.
244 1933 260 1969 l
283 1933 352 1986 ΜΡ.
430 1935 491 1970 18.·
511 1935 603 1981 piqie
626 1933 694 1970 Ma.

145 2080 227 2116 pam
252 2068 421 2104 tuendam
447 2069 620 2105 adversus
638 2069 870 2104 barbarorum

145 2121 331 2162 incursus,
366 2129 447 2153 cum
485 2119 595 2153 robur
619 2119 806 2165 legionum
833 2124 870 2152 et

145 2168 344 2213 superioris
383 2172 420 2201 et
445 2168 632 2202 inferioris
656 2168 869 2212 provinciae

145 2217 319 2252 adversus
371 2216 561 2251 Vindicem
610 2217 869 2251 Vesontionem

144 2265 346 2311 profectum
358 2270 441 2306 ⁴eat.
492 2265 639 2299 Numeri
665 2264 720 2299 illi
745 2275 870 2309 prom-

145 2315 243 2359 ptius
277 2313 412 2348 Galbae
452 2318 714 2347 sacramentum
757 2324 869 2348 acce-

146 2366 275 2408 perant
292 2389 303 2404 ‚
346 2361 427 2395 dum
454 2363 555 2406 ipsae
591 2360 760 2407 legiones
787 2372 868 2395 cum

149 2411 328 2457 Verginio
355 2415 592 2453 cunctantur,
629 2410 745 2443 donec
771 2421 868 2443 nun-

147 2460 219 2494 tius
262 2459 376 2493 occisi
408 2458 563 2493 Neronis
607 2458 867 2493 dubitationem

148 2508 293 2544 exemit.

1014 2081 1059 2104 ac
1082 2070 1154 2104 nisi
1185 2070 1255 2115 ipsi
1290 2069 1535 2103 consulerent.-
1570 2079 1661 2102 con..

938 2119 1055 2154 tulere
1080 2117 1246 2152 absolute
1280 2118 1316 2153 h.
1345 2117 1368 2152 l.
1403 2118 1559 2162 positum
1584 2126 1660 2151 non

938 2168 1037 2202 valet
1062 2167 1130 2201 sibi
1155 2166 1337 2200 consulere
1353 2193 1363 2210 ,
1391 2167 1455 2201 sed
1478 2167 1572 2200 inire
1597 2165 1660 2200 vel

939 2216 1105 2262 expedire
1130 2215 1316 2250 consilium
1331 2215 1445 2261 (Ram
1469 2215 1659 2261 schaffen),

939 2275 1009 2310 quo
1035 2265 1244 2310 ingruentia
1277 2264 1372 2298 mala
1396 2267 1658 2298 averterentur.

998 2313 1085 2357 Cap.
1114 2313 1172 2347 55.
1225 2311 1387 2346 sollemni
1409 2317 1659 2346 sacramento:

938 2366 1201 2395 sacramentum
1235 2362 1305 2394 iam
1348 2364 1432 2394 ante
1474 2361 1512 2393 in
1548 2360 1662 2394 verba

943 2410 1077 2444 Galbae
1115 2410 1251 2444 sactum
1290 2408 1458 2443 kalendis
1483 2407 1660 2442 Ianuariis

938 2459 1130 2504 quotannis
1163 2461 1331 2502 repetere
1363 2457 1457 2502 apud
1492 2456 1660 2502 legiones

937 2508 1047 2541 moris
1073 2506 1187 2541 fuisse
1214 2507 1299 2540 hinc
1324 2505 1505 2540 discimus.
1533 2505 1660 2539 Simile

222 2557 311 2601 Cap.
337 2557 397 2592 54.
450 2557 605 2599 dextras,
632 2556 774 2602 hospitii
801 2557 862 2590 in-

147 2605 268 2650 sique:
296 2604 344 2639 ct.
364 2605 507 2640 fl-.118.
534 2605 738 2649 Xenophon
750 2604 866 2639 Anah.

147 2651 214 2688 114
235 2655 252 2687 1
267 2664 278 2686 τ
306 2651 435 2694 δεξιὰς
448 2651 559 2701 παρὰ
573 2655 761 2700 βασιλέως
774 2655 867 2699 {eps-

150 2714 234 2748 ρον.
260 2701 359 2736 Idem
389 2702 502 2747 Ages.
531 2714 563 2736 c.
590 2703 614 2737 3
640 2703 677 2744 §.
704 2703 740 2736 4.
788 2701 869 2735 Tri-

148 2749 215 2784 bus
251 2750 450 2794 superioris
489 2751 671 2784 exercitus
706 2749 869 2795 legioni..

149 2796 216 2831 bus
257 2803 331 2833 tres
378 2798 522 2832 dextras
561 2803 713 2843 argento
754 2798 870 2832 factas

150 2844 290 2880 oblatas
322 2857 403 2881 esse
438 2845 664 2881 statuendum
693 2846 738 2879 ob
766 2846 871 2880 addi-

150 2897 225 2928 tum
250 2894 346 2928 dona
369 2894 575 2941 legionibus.
620 2895 793 2928 Visuntur
813 2900 871 2928 ta-

149 2941 205 2976 les
239 2943 278 2976 in
310 2945 465 2980 nummis
497 2943 592 2989 apud
626 2942 871 2978 Akermanum

148 3000 184 3038 p.
202 2990 283 3028 106.

938 2555 1024 2601 quid
1049 2556 1087 2588 in
1114 2555 1203 2600 urbe
1239 2554 1335 2598 apud
1368 2560 1489 2599 patres
1529 2553 1659 2597 fiebat;

938 2604 986 2639 cf.
1013 2609 1134 2638 annot.
1163 2603 1207 2637 ad
1233 2602 1316 2636 XVI
1340 2605 1398 2639 22.
1462 2602 1572 2647 Adiyi
1591 2613 1660 2648 pro

941 2652 1055 2687 Galba
1084 2652 1179 2686 idem
1211 2651 1310 2685 valet
1343 2657 1452 2696 atque
1488 2651 1587 2694 adigi
1620 2651 1661 2682 in

938 2701 1048 2735 verba
1075 2702 1116 2735 G.
1133 2727 1144 2743 ,
1172 2705 1210 2734 ut
1236 2705 1292 2734 est
1318 2699 1332 2732 1
1358 2699 1418 2734 34.
1473 2698 1516 2731 Η.
1544 2697 1575 2730 11
1600 2698 1659 2740 73,

937 2749 987 2783 lv
1012 2749 1054 2784 61
1086 2754 1122 2783 et
1147 2749 1206 2784 70.
1254 2747 1372 2781 Semel
1401 2745 1491 2780 adeo
1517 2745 1661 2789 simpli-

941 2799 1032 2831 citer
1056 2797 1202 2842 adiyere
1217 2796 1338 2839 posuit
1363 2804 1426 2838 pro
1446 2794 1592 2839 adigere
1612 2793 1661 2827 ad

939 2851 1211 2886 sacramentum,
1239 2845 1289 2877 ita
1315 2847 1434 2876 tamen
1459 2846 1499 2875 ut
1526 2853 1571 2876 ex
1592 2841 1660 2876 ad..

939 2894 1072 2928 iunctis
1098 2903 1205 2926 verus
1242 2890 1451 2925 intellectus
1475 2894 1660 2935 appareat,

940 2943 983 2976 Η.
1010 2941 1059 2974 lv
1089 2941 1158 2975 15:
1195 2939 1349 2973 barbaro
1378 2940 1451 2973 ritu
1475 2945 1509 2973 et
1529 2939 1661 2985 patriis

941 2989 1224 3025 execrationibus
1239 2989 1423 3024 universos
1434 2987 1559 3036 adigit.
1590 2986 1660 3025 vel
