<?xml version="1.0" encoding="UTF-8"?>
<!DOCTYPE html PUBLIC "-//W3C//DTD XHTML 1.0 Transitional//EN"
    "http://www.w3.org/TR/xhtml1/DTD/xhtml1-transitional.dtd">
<html xmlns="http://www.w3.org/1999/xhtml" xml:lang="en" lang="en">
 <head>
  <title>
</title>
<meta http-equiv="Content-Type" content="text/html;charset=utf-8" />
  <meta name='ocr-system' content='tesseract 3.04.00' />
  <meta name='ocr-capabilities' content='ocr_page ocr_carea ocr_par ocr_line ocrx_word'/>
</head>
<body>
  <div class='ocr_page' id='page_1' title='image "./operaadcodicesan03taciuoft/operaadcodicesan03taciuoft_0809.png"; bbox 0 0 1768 3216; ppageno 0'>
   <div class='ocr_carea' id='block_1_1' title="bbox 727 202 1065 242">
    <p class='ocr_par' dir='ltr' id='par_1_1' title="bbox 727 202 1065 242">
     <span class='ocr_line' id='line_1_1' title="bbox 727 202 1065 242; baseline 0.006 -4"><span class='ocrx_word' id='word_1_1' title='bbox 727 202 1065 242; x_wconf 73' lang='lat' dir='ltr'><strong>ANNoTAnoms.</strong></span> 
     </span>
    </p>
   </div>
   <div class='ocr_carea' id='block_1_2' title="bbox 159 317 888 1671">
    <p class='ocr_par' dir='ltr' id='par_1_2' title="bbox 164 317 877 414">
     <span class='ocr_line' id='line_1_2' title="bbox 164 317 877 364; baseline 0.007 -14"><span class='ocrx_word' id='word_1_2' title='bbox 164 322 237 350; x_wconf 81' lang='lat' dir='ltr'><strong>non</strong></span> <span class='ocrx_word' id='word_1_3' title='bbox 261 317 347 362; x_wconf 83' lang='lat' dir='ltr'><strong>quia</strong></span> <span class='ocrx_word' id='word_1_4' title='bbox 372 318 616 364; x_wconf 75' lang='lat' dir='ltr'><strong>subsequente</strong></span> <span class='ocrx_word' id='word_1_5' title='bbox 647 321 877 355; x_wconf 84' lang='lat' dir='ltr'><strong>coniunctivo</strong></span> 
     </span>
     <span class='ocr_line' id='line_1_3' title="bbox 210 377 630 414; baseline 0.002 -3"><span class='ocrx_word' id='word_1_6' title='bbox 210 380 272 411; x_wconf 79' lang='lat' dir='ltr'><strong>aut</strong></span> <span class='ocrx_word' id='word_1_7' title='bbox 296 377 492 412; x_wconf 83' lang='lat' dir='ltr'><strong>indicativo</strong></span> <span class='ocrx_word' id='word_1_8' title='bbox 517 377 546 413; x_wconf 89' lang='grc' dir='ltr'>Ο</span> <span class='ocrx_word' id='word_1_9' title='bbox 570 379 630 414; x_wconf 86' lang='grc'><strong>37.</strong></span> 
     </span>
    </p>

    <p class='ocr_par' dir='ltr' id='par_1_3' title="bbox 163 436 883 537">
     <span class='ocr_line' id='line_1_4' title="bbox 163 436 883 485; baseline 0.006 -14"><span class='ocrx_word' id='word_1_10' title='bbox 163 436 267 483; x_wconf 77' lang='lat' dir='ltr'><strong>quies</strong></span> <span class='ocrx_word' id='word_1_11' title='bbox 289 436 326 473; x_wconf 85' lang='lat' dir='ltr'><strong>b.</strong></span> <span class='ocrx_word' id='word_1_12' title='bbox 351 448 384 473; x_wconf 86' lang='lat' dir='ltr'><strong>e.</strong></span> <span class='ocrx_word' id='word_1_13' title='bbox 411 439 626 473; x_wconf 69' lang='lat' dir='ltr'><strong>insomnium</strong></span> <span class='ocrx_word' id='word_1_14' title='bbox 648 448 712 484; x_wconf 84' lang='lat' dir='ltr'><strong>per</strong></span> <span class='ocrx_word' id='word_1_15' title='bbox 726 441 883 485; x_wconf 85' lang='lat' dir='ltr'><strong>quietem</strong></span> 
     </span>
     <span class='ocr_line' id='line_1_5' title="bbox 210 497 643 537; baseline 0.002 -5"><span class='ocrx_word' id='word_1_16' title='bbox 210 497 329 532; x_wconf 78' lang='lat' dir='ltr'><strong>noctis</strong></span> <span class='ocrx_word' id='word_1_17' title='bbox 353 498 515 537; x_wconf 10' lang='lat' dir='ltr'><strong>oblatum?</strong></span> <span class='ocrx_word' id='word_1_18' title='bbox 536 499 560 534; x_wconf 77' lang='lat'>2</span> <span class='ocrx_word' id='word_1_19' title='bbox 588 502 643 534; x_wconf 79' lang='lat'><strong>14.</strong></span> 
     </span>
    </p>

    <p class='ocr_par' dir='ltr' id='par_1_4' title="bbox 162 556 882 773">
     <span class='ocr_line' id='line_1_6' title="bbox 162 556 882 604; baseline 0.004 -13"><span class='ocrx_word' id='word_1_20' title='bbox 162 557 286 602; x_wconf 76' lang='lat' dir='ltr'><strong>quieta</strong></span> <span class='ocrx_word' id='word_1_21' title='bbox 311 566 353 592; x_wconf 87' lang='lat' dir='ltr'><strong>re</strong></span> <span class='ocrx_word' id='word_1_22' title='bbox 377 558 520 602; x_wconf 82' lang='lat' dir='ltr'><strong>publica</strong></span> <span class='ocrx_word' id='word_1_23' title='bbox 546 556 647 592; x_wconf 81' lang='lat' dir='ltr'><strong>nulla</strong></span> <span class='ocrx_word' id='word_1_24' title='bbox 678 559 747 593; x_wconf 83' lang='lat' dir='ltr'><strong>nisi</strong></span> <span class='ocrx_word' id='word_1_25' title='bbox 783 561 882 604; x_wconf 81' lang='lat' dir='ltr'><strong>pacis</strong></span> 
     </span>
     <span class='ocr_line' id='line_1_7' title="bbox 215 617 881 665; baseline 0.006 -14"><span class='ocrx_word' id='word_1_26' title='bbox 215 617 457 653; x_wconf 83' lang='lat' dir='ltr'><strong>emolumenta</strong></span> <span class='ocrx_word' id='word_1_27' title='bbox 482 623 606 663; x_wconf 86' lang='lat' dir='ltr'><strong>petere</strong></span> <span class='ocrx_word' id='word_1_28' title='bbox 636 620 676 653; x_wconf 86' lang='grc'><strong>11</strong></span> <span class='ocrx_word' id='word_1_29' title='bbox 705 618 738 653; x_wconf 88' lang='grc'><strong>7.</strong></span> <span class='ocrx_word' id='word_1_30' title='bbox 776 621 881 665; x_wconf 90' lang='lat' dir='ltr'><strong>qnie-</strong></span> 
     </span>
     <span class='ocr_line' id='line_1_8' title="bbox 212 678 882 724; baseline 0.006 -14"><span class='ocrx_word' id='word_1_31' title='bbox 212 680 287 711; x_wconf 83' lang='lat' dir='ltr'><strong>tnm</strong></span> <span class='ocrx_word' id='word_1_32' title='bbox 311 686 442 724; x_wconf 80' lang='lat' dir='ltr'><strong>agmen</strong></span> <span class='ocrx_word' id='word_1_33' title='bbox 468 678 493 712; x_wconf 89' lang='lat' dir='ltr'><strong>i.</strong></span> <span class='ocrx_word' id='word_1_34' title='bbox 519 689 553 713; x_wconf 88' lang='lat' dir='ltr'><strong>e.</strong></span> <span class='ocrx_word' id='word_1_35' title='bbox 573 678 618 713; x_wconf 83' lang='lat' dir='ltr'><strong>ab</strong></span> <span class='ocrx_word' id='word_1_36' title='bbox 631 678 794 714; x_wconf 79' lang='lat' dir='ltr'><strong>hostibus</strong></span> <span class='ocrx_word' id='word_1_37' title='bbox 809 689 882 714; x_wconf 90' lang='lat' dir='ltr'><strong>non</strong></span> 
     </span>
     <span class='ocr_line' id='line_1_9' title="bbox 210 734 609 773; baseline 0 0"><span class='ocrx_word' id='word_1_38' title='bbox 210 734 422 773; x_wconf 68' lang='lat' dir='ltr'><strong>lacessitum</strong></span> <span class='ocrx_word' id='word_1_39' title='bbox 445 737 476 771; x_wconf 83' lang='grc' dir='ltr'><strong>Η</strong></span> <span class='ocrx_word' id='word_1_40' title='bbox 501 739 524 772; x_wconf 83' lang='grc'>3</span> <span class='ocrx_word' id='word_1_41' title='bbox 550 738 609 773; x_wconf 86' lang='grc'><strong>59.</strong></span> 
     </span>
    </p>

    <p class='ocr_par' dir='ltr' id='par_1_5' title="bbox 162 796 888 892">
     <span class='ocr_line' id='line_1_10' title="bbox 162 796 888 843; baseline 0.004 -14"><span class='ocrx_word' id='word_1_42' title='bbox 162 796 248 840; x_wconf 90' lang='lat' dir='ltr'><strong>quin</strong></span> <span class='ocrx_word' id='word_1_43' title='bbox 272 805 346 829; x_wconf 89' lang='lat' dir='ltr'><strong>non</strong></span> <span class='ocrx_word' id='word_1_44' title='bbox 373 796 555 843; x_wconf 74' lang='lat' dir='ltr'>ignobiles</span> <span class='ocrx_word' id='word_1_45' title='bbox 594 797 730 832; x_wconf 82' lang='lat' dir='ltr'><strong>babere</strong></span> <span class='ocrx_word' id='word_1_46' title='bbox 762 807 888 832; x_wconf 84' lang='lat' dir='ltr'><strong>emen-</strong></span> 
     </span>
     <span class='ocr_line' id='line_1_11' title="bbox 208 855 484 892; baseline 0.004 -1"><span class='ocrx_word' id='word_1_47' title='bbox 208 855 330 891; x_wconf 74' lang='lat' dir='ltr'><strong>datum</strong></span> <span class='ocrx_word' id='word_1_48' title='bbox 358 857 400 891; x_wconf 85' lang='grc'><strong>15</strong></span> <span class='ocrx_word' id='word_1_49' title='bbox 426 857 484 892; x_wconf 84' lang='grc'><strong>35.</strong></span> 
     </span>
    </p>

    <p class='ocr_par' dir='ltr' id='par_1_6' title="bbox 162 916 885 1013">
     <span class='ocr_line' id='line_1_12' title="bbox 162 916 885 962; baseline 0.003 -12"><span class='ocrx_word' id='word_1_50' title='bbox 162 916 251 961; x_wconf 78' lang='lat' dir='ltr'><strong>quin</strong></span> <span class='ocrx_word' id='word_1_51' title='bbox 273 916 451 962; x_wconf 71' lang='lat' dir='ltr'><strong>particula</strong></span> <span class='ocrx_word' id='word_1_52' title='bbox 478 916 688 951; x_wconf 76' lang='lat' dir='ltr'><strong>exhortandi</strong></span> <span class='ocrx_word' id='word_1_53' title='bbox 708 920 885 962; x_wconf 83' lang='lat' dir='ltr'><strong>potestate</strong></span> 
     </span>
     <span class='ocr_line' id='line_1_13' title="bbox 211 977 343 1013; baseline 0 -1"><span class='ocrx_word' id='word_1_54' title='bbox 211 977 259 1013; x_wconf 80' lang='lat'><strong>14</strong></span> <span class='ocrx_word' id='word_1_55' title='bbox 283 977 343 1012; x_wconf 96' lang='grc'><strong>56.</strong></span> 
     </span>
    </p>

    <p class='ocr_par' dir='ltr' id='par_1_7' title="bbox 165 1034 884 1132">
     <span class='ocr_line' id='line_1_14' title="bbox 165 1034 884 1078; baseline 0.003 -8"><span class='ocrx_word' id='word_1_56' title='bbox 165 1035 409 1078; x_wconf 76' lang='lat' dir='ltr'><strong>Quintilianus</strong></span> <span class='ocrx_word' id='word_1_57' title='bbox 434 1034 593 1071; x_wconf 73' lang='lat' dir='ltr'><strong>Tacitum</strong></span> <span class='ocrx_word' id='word_1_58' title='bbox 619 1037 785 1072; x_wconf 74' lang='lat' dir='ltr'><strong>laudibus</strong></span> <span class='ocrx_word' id='word_1_59' title='bbox 820 1046 884 1072; x_wconf 85' lang='lat' dir='ltr'><strong>ex·-</strong></span> 
     </span>
     <span class='ocr_line' id='line_1_15' title="bbox 207 1094 882 1132; baseline 0.003 -2"><span class='ocrx_word' id='word_1_60' title='bbox 207 1095 294 1130; x_wconf 68' lang='lat' dir='ltr'><strong>tulit</strong></span> <span class='ocrx_word' id='word_1_61' title='bbox 309 1094 472 1131; x_wconf 80' lang='lat' dir='ltr'><strong>Prooem.</strong></span> <span class='ocrx_word' id='word_1_62' title='bbox 491 1108 523 1131; x_wconf 84' lang='lat' dir='ltr'><strong>e.</strong></span> <span class='ocrx_word' id='word_1_63' title='bbox 538 1096 573 1132; x_wconf 87' lang='lat'><strong>8.</strong></span> <span class='ocrx_word' id='word_1_64' title='bbox 596 1102 779 1132; x_wconf 81' lang='lat' dir='ltr'><strong>correctus</strong></span> <span class='ocrx_word' id='word_1_65' title='bbox 797 1098 882 1132; x_wconf 85' lang='lat' dir='ltr'><strong>ibid.</strong></span> 
     </span>
    </p>

    <p class='ocr_par' dir='ltr' id='par_1_8' title="bbox 159 1156 876 1203">
     <span class='ocr_line' id='line_1_16' title="bbox 159 1156 876 1203; baseline 0.003 -13"><span class='ocrx_word' id='word_1_66' title='bbox 159 1157 295 1202; x_wconf 72' lang='lat' dir='ltr'><strong>quippe</strong></span> <span class='ocrx_word' id='word_1_67' title='bbox 319 1156 546 1191; x_wconf 73' lang='lat' dir='ltr'><strong>scribendum</strong></span> <span class='ocrx_word' id='word_1_68' title='bbox 572 1166 636 1201; x_wconf 85' lang='lat' dir='ltr'><strong>pro</strong></span> <span class='ocrx_word' id='word_1_69' title='bbox 661 1159 747 1203; x_wconf 75' lang='lat' dir='ltr'><strong>quia</strong></span> <span class='ocrx_word' id='word_1_70' title='bbox 770 1156 800 1192; x_wconf 78' lang='lat' dir='ltr'><strong>G</strong></span> <span class='ocrx_word' id='word_1_71' title='bbox 821 1158 876 1193; x_wconf 81' lang='lat'><strong>16.</strong></span> 
     </span>
    </p>

    <p class='ocr_par' dir='ltr' id='par_1_9' title="bbox 163 1214 884 1318">
     <span class='ocr_line' id='line_1_17' title="bbox 163 1214 884 1262; baseline 0.003 -13"><span class='ocrx_word' id='word_1_72' title='bbox 163 1214 349 1258; x_wconf 81' lang='lat' dir='ltr'><strong>Quirinius</strong></span> <span class='ocrx_word' id='word_1_73' title='bbox 374 1227 505 1251; x_wconf 90' lang='lat' dir='ltr'><strong>nomen</strong></span> <span class='ocrx_word' id='word_1_74' title='bbox 548 1227 660 1261; x_wconf 82' lang='lat' dir='ltr'><strong>prave</strong></span> <span class='ocrx_word' id='word_1_75' title='bbox 693 1218 790 1252; x_wconf 83' lang='lat' dir='ltr'><strong>cadit</strong></span> <span class='ocrx_word' id='word_1_76' title='bbox 822 1228 884 1262; x_wconf 92' lang='lat' dir='ltr'><strong>pro</strong></span> 
     </span>
     <span class='ocr_line' id='line_1_18' title="bbox 214 1276 515 1318; baseline 0.003 -9"><span class='ocrx_word' id='word_1_77' title='bbox 214 1276 383 1318; x_wconf 84' lang='lat' dir='ltr'><strong>Quirinus</strong></span> <span class='ocrx_word' id='word_1_78' title='bbox 407 1278 430 1312; x_wconf 89' lang='grc'><strong>2</strong></span> <span class='ocrx_word' id='word_1_79' title='bbox 455 1276 515 1312; x_wconf 89' lang='grc'><strong>30.</strong></span> 
     </span>
    </p>

    <p class='ocr_par' dir='ltr' id='par_1_10' title="bbox 161 1335 738 1383">
     <span class='ocr_line' id='line_1_19' title="bbox 161 1335 738 1383; baseline 0 -13"><span class='ocrx_word' id='word_1_80' title='bbox 161 1335 259 1382; x_wconf 81' lang='lat' dir='ltr'><strong>quod</strong></span> <span class='ocrx_word' id='word_1_81' title='bbox 284 1346 363 1371; x_wconf 85' lang='lat' dir='ltr'><strong>cnm</strong></span> <span class='ocrx_word' id='word_1_82' title='bbox 390 1335 552 1383; x_wconf 84' lang='lat' dir='ltr'><strong>genitivo</strong></span> <span class='ocrx_word' id='word_1_83' title='bbox 578 1336 608 1370; x_wconf 82' lang='grc' dir='ltr'><strong>Η</strong></span> <span class='ocrx_word' id='word_1_84' title='bbox 631 1339 657 1371; x_wconf 84' lang='grc'><strong>4</strong></span> <span class='ocrx_word' id='word_1_85' title='bbox 682 1337 738 1372; x_wconf 87' lang='grc'><strong>76.-</strong></span> 
     </span>
    </p>

    <p class='ocr_par' dir='ltr' id='par_1_11' title="bbox 159 1395 886 1671">
     <span class='ocr_line' id='line_1_20' title="bbox 159 1395 879 1442; baseline -0.001 -12"><span class='ocrx_word' id='word_1_86' title='bbox 159 1395 339 1442; x_wconf 79' lang='lat' dir='ltr'><strong>quondam</strong></span> <span class='ocrx_word' id='word_1_87' title='bbox 363 1395 407 1430; x_wconf 90' lang='lat' dir='ltr'><strong>ad</strong></span> <span class='ocrx_word' id='word_1_88' title='bbox 438 1405 544 1430; x_wconf 88' lang='lat' dir='ltr'><strong>omen</strong></span> <span class='ocrx_word' id='word_1_89' title='bbox 579 1406 622 1430; x_wconf 86' lang='lat' dir='ltr'><strong>ac</strong></span> <span class='ocrx_word' id='word_1_90' title='bbox 657 1395 778 1430; x_wconf 88' lang='lat' dir='ltr'><strong>dolum</strong></span> <span class='ocrx_word' id='word_1_91' title='bbox 818 1397 879 1430; x_wconf 86' lang='lat' dir='ltr'><strong>citi</strong></span> 
     </span>
     <span class='ocr_line' id='line_1_21' title="bbox 211 1455 879 1491; baseline 0.001 -1"><span class='ocrx_word' id='word_1_92' title='bbox 211 1457 330 1490; x_wconf 88' lang='lat' dir='ltr'><strong>exitus</strong></span> <span class='ocrx_word' id='word_1_93' title='bbox 354 1461 556 1491; x_wconf 82' lang='lat' dir='ltr'><strong>verteretur</strong></span> <span class='ocrx_word' id='word_1_94' title='bbox 582 1455 806 1490; x_wconf 81' lang='lat' dir='ltr'><strong>emendatum</strong></span> <span class='ocrx_word' id='word_1_95' title='bbox 837 1457 879 1491; x_wconf 89' lang='lat'><strong>15</strong></span> 
     </span>
     <span class='ocr_line' id='line_1_22' title="bbox 214 1515 885 1562; baseline -0.003 -11"><span class='ocrx_word' id='word_1_96' title='bbox 214 1515 273 1552; x_wconf 78' lang='lat'><strong>74.</strong></span> <span class='ocrx_word' id='word_1_97' title='bbox 307 1515 484 1562; x_wconf 78' lang='lat' dir='ltr'><strong>quondam</strong></span> <span class='ocrx_word' id='word_1_98' title='bbox 527 1517 677 1562; x_wconf 82' lang='lat' dir='ltr'><strong>augurio</strong></span> <span class='ocrx_word' id='word_1_99' title='bbox 719 1517 885 1561; x_wconf 85' lang='lat' dir='ltr'><strong>votisque</strong></span> 
     </span>
     <span class='ocr_line' id='line_1_23' title="bbox 211 1576 886 1621; baseline 0 -11"><span class='ocrx_word' id='word_1_100' title='bbox 211 1576 307 1621; x_wconf 72' lang='lat' dir='ltr'><strong>apud</strong></span> <span class='ocrx_word' id='word_1_101' title='bbox 349 1581 490 1611; x_wconf 82' lang='lat' dir='ltr'><strong>nostras</strong></span> <span class='ocrx_word' id='word_1_102' title='bbox 525 1585 630 1610; x_wconf 79' lang='lat' dir='ltr'><strong>aures</strong></span> <span class='ocrx_word' id='word_1_103' title='bbox 663 1576 886 1610; x_wconf 71' lang='lat' dir='ltr'><strong>(minabatur</strong></span> 
     </span>
     <span class='ocr_line' id='line_1_24' title="bbox 211 1635 800 1671; baseline 0 -1"><span class='ocrx_word' id='word_1_104' title='bbox 211 1635 434 1671; x_wconf 77' lang='lat' dir='ltr'><strong>emendando</strong></span> <span class='ocrx_word' id='word_1_105' title='bbox 458 1638 661 1671; x_wconf 84' lang='lat' dir='ltr'><strong>restitutum</strong></span> <span class='ocrx_word' id='word_1_106' title='bbox 686 1636 717 1670; x_wconf 78' lang='grc' dir='ltr'><strong>Α</strong></span> <span class='ocrx_word' id='word_1_107' title='bbox 742 1636 800 1671; x_wconf 88' lang='lat'><strong>44.</strong></span> 
     </span>
    </p>
   </div>
   <div class='ocr_carea' id='block_1_3' title="bbox 159 1755 890 2933">
    <p class='ocr_par' dir='ltr' id='par_1_12' title="bbox 160 1755 880 1850">
     <span class='ocr_line' id='line_1_25' title="bbox 160 1755 880 1800; baseline 0 -10"><span class='ocrx_word' id='word_1_108' title='bbox 160 1764 287 1800; x_wconf 79' lang='lat' dir='ltr'><strong>rapere</strong></span> <span class='ocrx_word' id='word_1_109' title='bbox 312 1756 337 1790; x_wconf 92' lang='lat' dir='ltr'><strong>i.</strong></span> <span class='ocrx_word' id='word_1_110' title='bbox 365 1766 398 1790; x_wconf 90' lang='lat' dir='ltr'><strong>e.</strong></span> <span class='ocrx_word' id='word_1_111' title='bbox 423 1757 552 1800; x_wconf 83' lang='lat' dir='ltr'><strong>raptim</strong></span> <span class='ocrx_word' id='word_1_112' title='bbox 585 1756 718 1790; x_wconf 84' lang='lat' dir='ltr'><strong>ducere</strong></span> <span class='ocrx_word' id='word_1_113' title='bbox 754 1756 797 1790; x_wconf 82' lang='grc'><strong>12</strong></span> <span class='ocrx_word' id='word_1_114' title='bbox 822 1755 880 1790; x_wconf 88' lang='lat'><strong>31.</strong></span> 
     </span>
     <span class='ocr_line' id='line_1_26' title="bbox 210 1815 393 1850; baseline 0.005 -1"><span class='ocrx_word' id='word_1_115' title='bbox 210 1815 259 1850; x_wconf 79' lang='lat' dir='ltr'><strong>cf.</strong></span> <span class='ocrx_word' id='word_1_116' title='bbox 289 1816 305 1849; x_wconf 91' lang='grc'><strong>1</strong></span> <span class='ocrx_word' id='word_1_117' title='bbox 333 1816 393 1850; x_wconf 87' lang='grc'><strong>56.</strong></span> 
     </span>
    </p>

    <p class='ocr_par' dir='ltr' id='par_1_13' title="bbox 161 1874 834 1920">
     <span class='ocr_line' id='line_1_27' title="bbox 161 1874 834 1920; baseline -0.001 -11"><span class='ocrx_word' id='word_1_118' title='bbox 161 1884 241 1909; x_wconf 80' lang='lat' dir='ltr'><strong>raro</strong></span> <span class='ocrx_word' id='word_1_119' title='bbox 268 1879 473 1920; x_wconf 78' lang='lat' dir='ltr'><strong>corruptum</strong></span> <span class='ocrx_word' id='word_1_120' title='bbox 499 1875 535 1908; x_wconf 94' lang='lat' dir='ltr'><strong>in</strong></span> <span class='ocrx_word' id='word_1_121' title='bbox 561 1882 646 1919; x_wconf 74' lang='lat' dir='ltr'><strong>paro</strong></span> <span class='ocrx_word' id='word_1_122' title='bbox 671 1874 701 1908; x_wconf 79' lang='lat' dir='ltr'><strong>fl</strong></span> <span class='ocrx_word' id='word_1_123' title='bbox 730 1875 746 1909; x_wconf 83' lang='lat'>1</span> <span class='ocrx_word' id='word_1_124' title='bbox 775 1874 834 1910; x_wconf 87' lang='lat'><strong>58.</strong></span> 
     </span>
    </p>

    <p class='ocr_par' dir='ltr' id='par_1_14' title="bbox 159 1935 672 1970">
     <span class='ocr_line' id='line_1_28' title="bbox 159 1935 672 1970; baseline 0 -1"><span class='ocrx_word' id='word_1_125' title='bbox 159 1936 252 1969; x_wconf 73' lang='lat' dir='ltr'><strong>ratio</strong></span> <span class='ocrx_word' id='word_1_126' title='bbox 280 1935 350 1970; x_wconf 79' lang='lat' dir='ltr'><strong>fuit</strong></span> <span class='ocrx_word' id='word_1_127' title='bbox 378 1937 394 1969; x_wconf 87' lang='grc'><strong>1</strong></span> <span class='ocrx_word' id='word_1_128' title='bbox 422 1935 479 1970; x_wconf 88' lang='grc'><strong>57.</strong></span> <span class='ocrx_word' id='word_1_129' title='bbox 506 1935 535 1968; x_wconf 78' lang='grc' dir='ltr'><strong>Η</strong></span> <span class='ocrx_word' id='word_1_130' title='bbox 563 1936 587 1970; x_wconf 84' lang='grc'>3</span> <span class='ocrx_word' id='word_1_131' title='bbox 610 1936 672 1970; x_wconf 77' lang='grc'><strong>22.</strong></span> 
     </span>
    </p>

    <p class='ocr_par' dir='ltr' id='par_1_15' title="bbox 159 1995 880 2099">
     <span class='ocr_line' id='line_1_29' title="bbox 159 1995 880 2039; baseline -0.001 -10"><span class='ocrx_word' id='word_1_132' title='bbox 159 1997 342 2031; x_wconf 81' lang='lat' dir='ltr'><strong>recentior</strong></span> <span class='ocrx_word' id='word_1_133' title='bbox 367 1995 462 2030; x_wconf 64' lang='lat' dir='ltr'><strong>fana</strong></span> <span class='ocrx_word' id='word_1_134' title='bbox 492 1996 518 2030; x_wconf 82' lang='lat' dir='ltr'><strong>i.</strong></span> <span class='ocrx_word' id='word_1_135' title='bbox 542 2002 578 2029; x_wconf 89' lang='lat' dir='ltr'><strong>e.</strong></span> <span class='ocrx_word' id='word_1_136' title='bbox 605 2004 697 2039; x_wconf 86' lang='lat' dir='ltr'><strong>quae</strong></span> <span class='ocrx_word' id='word_1_137' title='bbox 727 1998 880 2029; x_wconf 82' lang='lat' dir='ltr'><strong>aetatem</strong></span> 
     </span>
     <span class='ocr_line' id='line_1_30' title="bbox 210 2051 854 2099; baseline -0.005 -9"><span class='ocrx_word' id='word_1_138' title='bbox 210 2057 328 2090; x_wconf 84' lang='lat' dir='ltr'><strong>minus</strong></span> <span class='ocrx_word' id='word_1_139' title='bbox 352 2060 524 2090; x_wconf 85' lang='lat' dir='ltr'><strong>remotam</strong></span> <span class='ocrx_word' id='word_1_140' title='bbox 549 2058 690 2099; x_wconf 79' lang='lat' dir='ltr'><strong>spectat</strong></span> <span class='ocrx_word' id='word_1_141' title='bbox 714 2051 745 2088; x_wconf 77' lang='lat' dir='ltr'>H</span> <span class='ocrx_word' id='word_1_142' title='bbox 771 2055 794 2089; x_wconf 82' lang='lat'>2</span> <span class='ocrx_word' id='word_1_143' title='bbox 819 2054 854 2089; x_wconf 89' lang='lat'><strong>3.</strong></span> 
     </span>
    </p>

    <p class='ocr_par' dir='ltr' id='par_1_16' title="bbox 159 2114 767 2161">
     <span class='ocr_line' id='line_1_31' title="bbox 159 2114 767 2161; baseline -0.002 -12"><span class='ocrx_word' id='word_1_144' title='bbox 159 2116 326 2161; x_wconf 89' lang='lat' dir='ltr'><strong>recipere</strong></span> <span class='ocrx_word' id='word_1_145' title='bbox 348 2115 629 2150; x_wconf 68' lang='lat' dir='ltr'><strong>satisfactionem</strong></span> <span class='ocrx_word' id='word_1_146' title='bbox 655 2114 684 2148; x_wconf 86' lang='lat' dir='ltr'><strong>G</strong></span> <span class='ocrx_word' id='word_1_147' title='bbox 709 2115 767 2148; x_wconf 83' lang='grc'><strong>21.</strong></span> 
     </span>
    </p>

    <p class='ocr_par' dir='ltr' id='par_1_17' title="bbox 162 2175 614 2211">
     <span class='ocr_line' id='line_1_32' title="bbox 162 2175 614 2211; baseline 0 -1"><span class='ocrx_word' id='word_1_148' title='bbox 162 2176 312 2211; x_wconf 80' lang='lat' dir='ltr'>reddere</span> <span class='ocrx_word' id='word_1_149' title='bbox 338 2181 422 2211; x_wconf 80' lang='lat' dir='ltr'><strong>exta</strong></span> <span class='ocrx_word' id='word_1_150' title='bbox 445 2175 474 2209; x_wconf 88' lang='lat' dir='ltr'>H</span> <span class='ocrx_word' id='word_1_151' title='bbox 505 2176 529 2210; x_wconf 88' lang='lat'><strong>4</strong></span> <span class='ocrx_word' id='word_1_152' title='bbox 557 2176 614 2210; x_wconf 82' lang='lat'><strong>53.</strong></span> 
     </span>
    </p>

    <p class='ocr_par' dir='ltr' id='par_1_18' title="bbox 162 2234 890 2459">
     <span class='ocr_line' id='line_1_33' title="bbox 162 2234 883 2280; baseline -0.004 -10"><span class='ocrx_word' id='word_1_153' title='bbox 162 2234 313 2270; x_wconf 77' lang='lat' dir='ltr'><strong>reddere</strong></span> <span class='ocrx_word' id='word_1_154' title='bbox 340 2234 556 2280; x_wconf 73' lang='lat' dir='ltr'><strong>supplicium</strong></span> <span class='ocrx_word' id='word_1_155' title='bbox 582 2234 617 2268; x_wconf 82' lang='lat' dir='ltr'><strong>b.</strong></span> <span class='ocrx_word' id='word_1_156' title='bbox 641 2245 677 2269; x_wconf 87' lang='lat' dir='ltr'><strong>e.</strong></span> <span class='ocrx_word' id='word_1_157' title='bbox 707 2239 883 2278; x_wconf 78' lang='lat' dir='ltr'><strong>tamquam</strong></span> 
     </span>
     <span class='ocr_line' id='line_1_34' title="bbox 208 2293 887 2337; baseline -0.007 -6"><span class='ocrx_word' id='word_1_158' title='bbox 208 2296 368 2331; x_wconf 67' lang='lat' dir='ltr'><strong>debitam</strong></span> <span class='ocrx_word' id='word_1_159' title='bbox 408 2294 571 2328; x_wconf 71' lang='lat' dir='ltr'><strong>hostibus</strong></span> <span class='ocrx_word' id='word_1_160' title='bbox 610 2303 761 2337; x_wconf 79' lang='lat' dir='ltr'><strong>poenam</strong></span> <span class='ocrx_word' id='word_1_161' title='bbox 803 2293 887 2326; x_wconf 80' lang='lat' dir='ltr'><strong>dare</strong></span> 
     </span>
     <span class='ocr_line' id='line_1_35' title="bbox 219 2351 890 2400; baseline -0.007 -10"><span class='ocrx_word' id='word_1_162' title='bbox 219 2355 459 2400; x_wconf 82' lang='lat' dir='ltr'><strong>supplicium,</strong></span> <span class='ocrx_word' id='word_1_163' title='bbox 493 2362 564 2387; x_wconf 90' lang='lat' dir='ltr'><strong>non</strong></span> <span class='ocrx_word' id='word_1_164' title='bbox 591 2351 805 2397; x_wconf 75' lang='lat' dir='ltr'><strong>supplicium</strong></span> <span class='ocrx_word' id='word_1_165' title='bbox 831 2352 890 2386; x_wconf 85' lang='lat' dir='ltr'><strong>vi-</strong></span> 
     </span>
     <span class='ocr_line' id='line_1_36' title="bbox 212 2413 658 2459; baseline -0.009 -9"><span class='ocrx_word' id='word_1_166' title='bbox 212 2416 333 2450; x_wconf 87' lang='lat' dir='ltr'><strong>cissim</strong></span> <span class='ocrx_word' id='word_1_167' title='bbox 361 2414 498 2459; x_wconf 84' lang='lat' dir='ltr'><strong>perpeti</strong></span> <span class='ocrx_word' id='word_1_168' title='bbox 531 2413 574 2446; x_wconf 89' lang='grc'><strong>14</strong></span> <span class='ocrx_word' id='word_1_169' title='bbox 599 2413 658 2448; x_wconf 78' lang='lat'><strong>33.</strong></span> 
     </span>
    </p>

    <p class='ocr_par' dir='ltr' id='par_1_19' title="bbox 162 2470 887 2694">
     <span class='ocr_line' id='line_1_37' title="bbox 162 2470 883 2511; baseline -0.01 0"><span class='ocrx_word' id='word_1_170' title='bbox 162 2476 300 2511; x_wconf 76' lang='lat' dir='ltr'><strong>rerem</strong></span> <span class='ocrx_word' id='word_1_171' title='bbox 323 2485 365 2509; x_wconf 85' lang='lat' dir='ltr'><strong>se</strong></span> <span class='ocrx_word' id='word_1_172' title='bbox 393 2475 437 2508; x_wconf 86' lang='grc'><strong>13</strong></span> <span class='ocrx_word' id='word_1_173' title='bbox 460 2474 521 2509; x_wconf 77' lang='grc'><strong>32.</strong></span> <span class='ocrx_word' id='word_1_174' title='bbox 546 2478 617 2506; x_wconf 78' lang='lat' dir='ltr'><strong>non</strong></span> <span class='ocrx_word' id='word_1_175' title='bbox 646 2471 783 2506; x_wconf 81' lang='lat' dir='ltr'><strong>referre</strong></span> <span class='ocrx_word' id='word_1_176' title='bbox 816 2470 883 2505; x_wconf 80' lang='lat' dir='ltr'><strong>de-</strong></span> 
     </span>
     <span class='ocr_line' id='line_1_38' title="bbox 216 2531 885 2577; baseline -0.01 -5"><span class='ocrx_word' id='word_1_177' title='bbox 216 2537 359 2572; x_wconf 80' lang='lat' dir='ltr'><strong>decoris</strong></span> <span class='ocrx_word' id='word_1_178' title='bbox 379 2538 421 2571; x_wconf 87' lang='lat'><strong>15</strong></span> <span class='ocrx_word' id='word_1_179' title='bbox 444 2535 507 2570; x_wconf 80' lang='lat'><strong>65.</strong></span> <span class='ocrx_word' id='word_1_180' title='bbox 531 2534 667 2568; x_wconf 79' lang='lat' dir='ltr'><strong>referre</strong></span> <span class='ocrx_word' id='word_1_181' title='bbox 683 2533 774 2567; x_wconf 89' lang='lat' dir='ltr'><strong>idem</strong></span> <span class='ocrx_word' id='word_1_182' title='bbox 790 2531 885 2577; x_wconf 87' lang='lat' dir='ltr'><strong>qnod</strong></span> 
     </span>
     <span class='ocr_line' id='line_1_39' title="bbox 216 2592 887 2637; baseline -0.01 -5"><span class='ocrx_word' id='word_1_183' title='bbox 216 2598 347 2632; x_wconf 83' lang='lat' dir='ltr'><strong>imitari</strong></span> <span class='ocrx_word' id='word_1_184' title='bbox 385 2598 463 2630; x_wconf 87' lang='lat' dir='ltr'><strong>sive</strong></span> <span class='ocrx_word' id='word_1_185' title='bbox 499 2600 625 2629; x_wconf 84' lang='lat' dir='ltr'><strong>natura</strong></span> <span class='ocrx_word' id='word_1_186' title='bbox 650 2594 727 2637; x_wconf 72' lang='lat' dir='ltr'><strong>sive</strong></span> <span class='ocrx_word' id='word_1_187' title='bbox 756 2597 833 2626; x_wconf 87' lang='lat' dir='ltr'><strong>arte</strong></span> <span class='ocrx_word' id='word_1_188' title='bbox 860 2592 887 2626; x_wconf 82' lang='lat' dir='ltr'>G</span> 
     </span>
     <span class='ocr_line' id='line_1_40' title="bbox 219 2659 278 2694; baseline -0.034 0"><span class='ocrx_word' id='word_1_189' title='bbox 219 2659 278 2694; x_wconf 91' lang='grc'><strong>20.</strong></span> 
     </span>
    </p>

    <p class='ocr_par' dir='ltr' id='par_1_20' title="bbox 166 2711 886 2933">
     <span class='ocr_line' id='line_1_41' title="bbox 166 2711 886 2763; baseline -0.01 -11"><span class='ocrx_word' id='word_1_190' title='bbox 166 2717 366 2763; x_wconf 80' lang='lat' dir='ltr'><strong>refugitare</strong></span> <span class='ocrx_word' id='word_1_191' title='bbox 407 2713 573 2749; x_wconf 75' lang='lat' dir='ltr'><strong>tenebras</strong></span> <span class='ocrx_word' id='word_1_192' title='bbox 617 2718 650 2747; x_wconf 82' lang='lat' dir='ltr'><strong>et</strong></span> <span class='ocrx_word' id='word_1_193' title='bbox 704 2711 886 2758; x_wconf 74' lang='lat' dir='ltr'><strong>vigilatam</strong></span> 
     </span>
     <span class='ocr_line' id='line_1_42' title="bbox 220 2774 883 2818; baseline -0.011 -6"><span class='ocrx_word' id='word_1_194' title='bbox 220 2777 389 2813; x_wconf 87' lang='lat' dir='ltr'><strong>convivio</strong></span> <span class='ocrx_word' id='word_1_195' title='bbox 415 2780 576 2817; x_wconf 87' lang='lat' dir='ltr'><strong>noctem,</strong></span> <span class='ocrx_word' id='word_1_196' title='bbox 611 2774 802 2818; x_wconf 78' lang='lat' dir='ltr'><strong>omniaque</strong></span> <span class='ocrx_word' id='word_1_197' title='bbox 828 2777 883 2806; x_wconf 91' lang='lat' dir='ltr'><strong>te-</strong></span> 
     </span>
     <span class='ocr_line' id='line_1_43' title="bbox 212 2831 885 2879; baseline -0.007 -8"><span class='ocrx_word' id='word_1_198' title='bbox 212 2838 366 2871; x_wconf 73' lang='lat' dir='ltr'><strong>meritati</strong></span> <span class='ocrx_word' id='word_1_199' title='bbox 393 2840 429 2870; x_wconf 82' lang='lat' dir='ltr'><strong>et</strong></span> <span class='ocrx_word' id='word_1_200' title='bbox 454 2835 619 2869; x_wconf 70' lang='lat' dir='ltr'><strong>inscitiae</strong></span> <span class='ocrx_word' id='word_1_201' title='bbox 644 2834 811 2879; x_wconf 79' lang='lat' dir='ltr'><strong>propiora</strong></span> <span class='ocrx_word' id='word_1_202' title='bbox 843 2831 885 2866; x_wconf 86' lang='lat'><strong>13</strong></span> 
     </span>
     <span class='ocr_line' id='line_1_44' title="bbox 211 2898 271 2933; baseline -0.033 0"><span class='ocrx_word' id='word_1_203' title='bbox 211 2898 271 2933; x_wconf 89' lang='grc'><strong>20.</strong></span> 
     </span>
    </p>
   </div>
   <div class='ocr_carea' id='block_1_4' title="bbox 927 323 1653 2935">
    <p class='ocr_par' dir='ltr' id='par_1_21' title="bbox 929 323 1647 430">
     <span class='ocr_line' id='line_1_45' title="bbox 929 323 1647 377; baseline 0.017 -22"><span class='ocrx_word' id='word_1_204' title='bbox 929 323 1066 368; x_wconf 85' lang='lat' dir='ltr'><strong>regium</strong></span> <span class='ocrx_word' id='word_1_205' title='bbox 1125 323 1331 368; x_wconf 79' lang='lat' dir='ltr'><strong>appellatur</strong></span> <span class='ocrx_word' id='word_1_206' title='bbox 1377 328 1474 372; x_wconf 70' lang='lat' dir='ltr'><strong>quod</strong></span> <span class='ocrx_word' id='word_1_207' title='bbox 1521 334 1647 377; x_wconf 71' lang='lat' dir='ltr'><strong>regum</strong></span> 
     </span>
     <span class='ocr_line' id='line_1_46' title="bbox 970 380 1645 430; baseline 0.018 -16"><span class='ocrx_word' id='word_1_208' title='bbox 970 380 1124 416; x_wconf 81' lang='lat' dir='ltr'><strong>Orientis</strong></span> <span class='ocrx_word' id='word_1_209' title='bbox 1137 388 1192 416; x_wconf 85' lang='lat' dir='ltr'><strong>est</strong></span> <span class='ocrx_word' id='word_1_210' title='bbox 1206 383 1346 430; x_wconf 84' lang='lat' dir='ltr'><strong>legibus</strong></span> <span class='ocrx_word' id='word_1_211' title='bbox 1362 385 1559 424; x_wconf 73' lang='lat' dir='ltr'><strong>solutorum</strong></span> <span class='ocrx_word' id='word_1_212' title='bbox 1571 389 1596 425; x_wconf 82' lang='lat'><strong>6</strong></span> <span class='ocrx_word' id='word_1_213' title='bbox 1613 391 1645 427; x_wconf 87' lang='lat'><strong>1.</strong></span> 
     </span>
    </p>

    <p class='ocr_par' dir='ltr' id='par_1_22' title="bbox 933 441 1235 478">
     <span class='ocr_line' id='line_1_47' title="bbox 933 441 1235 478; baseline 0.013 -4"><span class='ocrx_word' id='word_1_214' title='bbox 933 441 1046 475; x_wconf 90' lang='lat' dir='ltr'><strong>relabi</strong></span> <span class='ocrx_word' id='word_1_215' title='bbox 1071 442 1101 476; x_wconf 84' lang='grc' dir='ltr'><strong><em>Η</em></strong></span> <span class='ocrx_word' id='word_1_216' title='bbox 1129 443 1150 477; x_wconf 94' lang='grc'><strong>2</strong></span> <span class='ocrx_word' id='word_1_217' title='bbox 1176 444 1235 478; x_wconf 90' lang='grc'><strong>41.</strong></span> 
     </span>
    </p>

    <p class='ocr_par' dir='ltr' id='par_1_23' title="bbox 932 500 1439 542">
     <span class='ocr_line' id='line_1_48' title="bbox 932 500 1439 542; baseline 0.018 -9"><span class='ocrx_word' id='word_1_218' title='bbox 932 500 1066 535; x_wconf 82' lang='lat' dir='ltr'><strong>relatus</strong></span> <span class='ocrx_word' id='word_1_219' title='bbox 1095 503 1137 537; x_wconf 91' lang='lat'><strong>15</strong></span> <span class='ocrx_word' id='word_1_220' title='bbox 1163 504 1221 538; x_wconf 86' lang='grc'><strong>22.</strong></span> <span class='ocrx_word' id='word_1_221' title='bbox 1251 504 1298 539; x_wconf 81' lang='lat' dir='ltr'><strong>cf.</strong></span> <span class='ocrx_word' id='word_1_222' title='bbox 1324 506 1356 540; x_wconf 80' lang='lat' dir='ltr'>A</span> <span class='ocrx_word' id='word_1_223' title='bbox 1380 507 1439 542; x_wconf 86' lang='grc'><strong>46.</strong></span> 
     </span>
    </p>

    <p class='ocr_par' dir='ltr' id='par_1_24' title="bbox 931 559 1645 658">
     <span class='ocr_line' id='line_1_49' title="bbox 931 559 1645 609; baseline 0.01 -15"><span class='ocrx_word' id='word_1_224' title='bbox 931 559 1109 595; x_wconf 84' lang='lat' dir='ltr'><strong>delectum</strong></span> <span class='ocrx_word' id='word_1_225' title='bbox 1131 563 1318 609; x_wconf 81' lang='lat' dir='ltr'><strong>remigium</strong></span> <span class='ocrx_word' id='word_1_226' title='bbox 1345 565 1519 602; x_wconf 80' lang='lat' dir='ltr'><strong>iuvandae</strong></span> <span class='ocrx_word' id='word_1_227' title='bbox 1539 569 1645 605; x_wconf 78' lang='lat' dir='ltr'><strong>festi-</strong></span> 
     </span>
     <span class='ocr_line' id='line_1_50' title="bbox 978 620 1241 658; baseline 0.008 -4"><span class='ocrx_word' id='word_1_228' title='bbox 978 620 1112 655; x_wconf 85' lang='lat' dir='ltr'><strong>nationi</strong></span> <span class='ocrx_word' id='word_1_229' title='bbox 1140 622 1184 657; x_wconf 82' lang='lat'><strong>16</strong></span> <span class='ocrx_word' id='word_1_230' title='bbox 1208 624 1241 658; x_wconf 91' lang='grc'><strong>2.</strong></span> 
     </span>
    </p>

    <p class='ocr_par' dir='ltr' id='par_1_25' title="bbox 929 680 1644 789">
     <span class='ocr_line' id='line_1_51' title="bbox 929 680 1644 734; baseline 0.01 -20"><span class='ocrx_word' id='word_1_231' title='bbox 929 680 1124 727; x_wconf 84' lang='lat' dir='ltr'><strong>religiones</strong></span> <span class='ocrx_word' id='word_1_232' title='bbox 1161 683 1186 716; x_wconf 87' lang='lat' dir='ltr'><strong>i.</strong></span> <span class='ocrx_word' id='word_1_233' title='bbox 1222 694 1254 717; x_wconf 91' lang='lat' dir='ltr'><strong>e.</strong></span> <span class='ocrx_word' id='word_1_234' title='bbox 1288 687 1447 721; x_wconf 79' lang='lat' dir='ltr'><strong>actiones</strong></span> <span class='ocrx_word' id='word_1_235' title='bbox 1484 687 1528 722; x_wconf 80' lang='lat' dir='ltr'><strong>ad</strong></span> <span class='ocrx_word' id='word_1_236' title='bbox 1563 689 1644 734; x_wconf 87' lang='lat' dir='ltr'><strong>pla-</strong></span> 
     </span>
     <span class='ocr_line' id='line_1_52' title="bbox 978 740 1618 789; baseline 0.017 -16"><span class='ocrx_word' id='word_1_237' title='bbox 978 740 1110 774; x_wconf 86' lang='lat' dir='ltr'><strong>candos</strong></span> <span class='ocrx_word' id='word_1_238' title='bbox 1132 741 1219 776; x_wconf 84' lang='lat' dir='ltr'><strong>deos</strong></span> <span class='ocrx_word' id='word_1_239' title='bbox 1244 749 1433 789; x_wconf 75' lang='lat' dir='ltr'><strong>susceptae</strong></span> <span class='ocrx_word' id='word_1_240' title='bbox 1458 748 1487 781; x_wconf 86' lang='grc'><strong>11</strong></span> <span class='ocrx_word' id='word_1_241' title='bbox 1513 749 1536 783; x_wconf 89' lang='grc'><strong>5</strong></span> <span class='ocrx_word' id='word_1_242' title='bbox 1565 749 1618 784; x_wconf 81' lang='grc'><strong>13.</strong></span> 
     </span>
    </p>

    <p class='ocr_par' dir='ltr' id='par_1_26' title="bbox 936 800 1645 968">
     <span class='ocr_line' id='line_1_53' title="bbox 936 800 1644 843; baseline 0.017 -11"><span class='ocrx_word' id='word_1_243' title='bbox 936 800 1073 834; x_wconf 88' lang='lat' dir='ltr'><strong>remisit</strong></span> <span class='ocrx_word' id='word_1_244' title='bbox 1097 802 1120 836; x_wconf 89' lang='lat' dir='ltr'><strong>i.</strong></span> <span class='ocrx_word' id='word_1_245' title='bbox 1150 813 1182 836; x_wconf 91' lang='lat' dir='ltr'><strong>e.</strong></span> <span class='ocrx_word' id='word_1_246' title='bbox 1210 805 1388 839; x_wconf 84' lang='lat' dir='ltr'><strong>concessit</strong></span> <span class='ocrx_word' id='word_1_247' title='bbox 1415 807 1430 840; x_wconf 86' lang='lat'><strong>1</strong></span> <span class='ocrx_word' id='word_1_248' title='bbox 1458 807 1494 841; x_wconf 84' lang='lat'><strong>8.</strong></span> <span class='ocrx_word' id='word_1_249' title='bbox 1519 810 1644 843; x_wconf 80' lang='lat' dir='ltr'><strong>remit-</strong></span> 
     </span>
     <span class='ocr_line' id='line_1_54' title="bbox 982 860 1645 911; baseline 0.017 -19"><span class='ocrx_word' id='word_1_250' title='bbox 982 864 1058 894; x_wconf 83' lang='lat' dir='ltr'><strong>tere</strong></span> <span class='ocrx_word' id='word_1_251' title='bbox 1096 860 1189 895; x_wconf 80' lang='lat' dir='ltr'><strong>idem</strong></span> <span class='ocrx_word' id='word_1_252' title='bbox 1225 864 1321 908; x_wconf 82' lang='lat' dir='ltr'><strong>qnod</strong></span> <span class='ocrx_word' id='word_1_253' title='bbox 1355 874 1426 899; x_wconf 91' lang='lat' dir='ltr'><strong>non</strong></span> <span class='ocrx_word' id='word_1_254' title='bbox 1464 868 1645 911; x_wconf 73' lang='lat' dir='ltr'><strong>postniare</strong></span> 
     </span>
     <span class='ocr_line' id='line_1_55' title="bbox 983 919 1342 968; baseline 0.011 -14"><span class='ocrx_word' id='word_1_255' title='bbox 983 919 1178 968; x_wconf 83' lang='lat' dir='ltr'><strong>(erlassen)</strong></span> <span class='ocrx_word' id='word_1_256' title='bbox 1206 922 1233 956; x_wconf 87' lang='lat' dir='ltr'><strong>ll</strong></span> <span class='ocrx_word' id='word_1_257' title='bbox 1261 923 1283 956; x_wconf 85' lang='grc'>3</span> <span class='ocrx_word' id='word_1_258' title='bbox 1309 925 1342 958; x_wconf 95' lang='grc'><strong>5.</strong></span> 
     </span>
    </p>

    <p class='ocr_par' dir='ltr' id='par_1_27' title="bbox 930 980 1597 1024">
     <span class='ocr_line' id='line_1_56' title="bbox 930 980 1597 1024; baseline 0.016 -12"><span class='ocrx_word' id='word_1_259' title='bbox 930 989 1005 1014; x_wconf 89' lang='lat' dir='ltr'><strong>rem</strong></span> <span class='ocrx_word' id='word_1_260' title='bbox 1029 980 1206 1024; x_wconf 87' lang='lat' dir='ltr'><strong>publicam</strong></span> <span class='ocrx_word' id='word_1_261' title='bbox 1227 983 1445 1019; x_wconf 79' lang='lat' dir='ltr'><strong>iudicaturus</strong></span> <span class='ocrx_word' id='word_1_262' title='bbox 1474 987 1516 1022; x_wconf 88' lang='grc'><strong>13</strong></span> <span class='ocrx_word' id='word_1_263' title='bbox 1538 987 1597 1023; x_wconf 83' lang='grc'><strong>21.</strong></span> 
     </span>
    </p>

    <p class='ocr_par' dir='ltr' id='par_1_28' title="bbox 935 1039 1481 1081">
     <span class='ocr_line' id='line_1_57' title="bbox 935 1039 1481 1081; baseline 0.015 -10"><span class='ocrx_word' id='word_1_264' title='bbox 935 1039 1099 1074; x_wconf 87' lang='lat' dir='ltr'><strong>renidere</strong></span> <span class='ocrx_word' id='word_1_265' title='bbox 1124 1042 1148 1075; x_wconf 92' lang='lat' dir='ltr'><strong>i.</strong></span> <span class='ocrx_word' id='word_1_266' title='bbox 1176 1053 1208 1075; x_wconf 89' lang='lat' dir='ltr'><strong>e.</strong></span> <span class='ocrx_word' id='word_1_267' title='bbox 1234 1042 1350 1078; x_wconf 82' lang='lat' dir='ltr'><strong>ridere</strong></span> <span class='ocrx_word' id='word_1_268' title='bbox 1374 1046 1399 1079; x_wconf 75' lang='lat'>4</span> <span class='ocrx_word' id='word_1_269' title='bbox 1422 1046 1481 1081; x_wconf 89' lang='grc'><strong>60.</strong></span> 
     </span>
    </p>

    <p class='ocr_par' dir='ltr' id='par_1_29' title="bbox 933 1100 1647 1197">
     <span class='ocr_line' id='line_1_58' title="bbox 933 1100 1647 1143; baseline 0.013 -11"><span class='ocrx_word' id='word_1_270' title='bbox 933 1100 1106 1143; x_wconf 86' lang='lat' dir='ltr'><strong>repetitus</strong></span> <span class='ocrx_word' id='word_1_271' title='bbox 1133 1100 1391 1136; x_wconf 75' lang='lat' dir='ltr'><strong>substantivum</strong></span> <span class='ocrx_word' id='word_1_272' title='bbox 1419 1112 1548 1139; x_wconf 83' lang='lat' dir='ltr'><strong>nomen</strong></span> <span class='ocrx_word' id='word_1_273' title='bbox 1570 1111 1647 1140; x_wconf 69' lang='lat' dir='ltr'><strong>ma—</strong></span> 
     </span>
     <span class='ocr_line' id='line_1_59' title="bbox 975 1158 1322 1197; baseline 0.012 -5"><span class='ocrx_word' id='word_1_274' title='bbox 975 1158 1032 1193; x_wconf 88' lang='lat' dir='ltr'><strong>lae</strong></span> <span class='ocrx_word' id='word_1_275' title='bbox 1058 1165 1164 1195; x_wconf 87' lang='lat' dir='ltr'><strong>notae</strong></span> <span class='ocrx_word' id='word_1_276' title='bbox 1196 1161 1238 1194; x_wconf 71' lang='lat'><strong>14</strong></span> <span class='ocrx_word' id='word_1_277' title='bbox 1264 1162 1322 1197; x_wconf 85' lang='lat'><strong>61.</strong></span> 
     </span>
    </p>

    <p class='ocr_par' dir='ltr' id='par_1_30' title="bbox 936 1219 1646 1374">
     <span class='ocr_line' id='line_1_60' title="bbox 936 1219 1646 1268; baseline 0.008 -17"><span class='ocrx_word' id='word_1_278' title='bbox 936 1219 1209 1263; x_wconf 79' lang='lat' dir='ltr'><strong>repetundarum</strong></span> <span class='ocrx_word' id='word_1_279' title='bbox 1238 1223 1384 1256; x_wconf 74' lang='lat' dir='ltr'><strong>crimina</strong></span> <span class='ocrx_word' id='word_1_280' title='bbox 1410 1226 1469 1256; x_wconf 81' lang='lat' dir='ltr'><strong>aut</strong></span> <span class='ocrx_word' id='word_1_281' title='bbox 1495 1231 1515 1257; x_wconf 82' lang='lat' dir='ltr'><strong>a</strong></span> <span class='ocrx_word' id='word_1_282' title='bbox 1533 1224 1646 1268; x_wconf 82' lang='lat' dir='ltr'><strong>patri-</strong></span> 
     </span>
     <span class='ocr_line' id='line_1_61' title="bbox 979 1278 1642 1325; baseline 0.009 -13"><span class='ocrx_word' id='word_1_283' title='bbox 979 1278 1045 1312; x_wconf 88' lang='lat' dir='ltr'><strong>bus</strong></span> <span class='ocrx_word' id='word_1_284' title='bbox 1069 1284 1128 1313; x_wconf 89' lang='lat' dir='ltr'><strong>aut</strong></span> <span class='ocrx_word' id='word_1_285' title='bbox 1151 1283 1460 1325; x_wconf 83' lang='lat' dir='ltr'><strong>recuperatoribus</strong></span> <span class='ocrx_word' id='word_1_286' title='bbox 1486 1282 1642 1318; x_wconf 74' lang='lat' dir='ltr'><strong>iudicata</strong></span> 
     </span>
     <span class='ocr_line' id='line_1_62' title="bbox 982 1338 1084 1374; baseline 0.01 -3"><span class='ocrx_word' id='word_1_287' title='bbox 982 1340 999 1371; x_wconf 88' lang='lat'>1</span> <span class='ocrx_word' id='word_1_288' title='bbox 1027 1338 1084 1374; x_wconf 81' lang='lat'><strong>74.</strong></span> 
     </span>
    </p>

    <p class='ocr_par' dir='ltr' id='par_1_31' title="bbox 930 1401 1592 1444">
     <span class='ocr_line' id='line_1_63' title="bbox 930 1401 1592 1444; baseline 0.009 -14"><span class='ocrx_word' id='word_1_289' title='bbox 930 1407 1105 1442; x_wconf 83' lang='lat' dir='ltr'><strong>reponere</strong></span> <span class='ocrx_word' id='word_1_290' title='bbox 1130 1408 1202 1432; x_wconf 91' lang='lat' dir='ltr'><strong>non</strong></span> <span class='ocrx_word' id='word_1_291' title='bbox 1228 1410 1404 1444; x_wconf 84' lang='lat' dir='ltr'><strong>seponere</strong></span> <span class='ocrx_word' id='word_1_292' title='bbox 1430 1401 1459 1435; x_wconf 88' lang='lat' dir='ltr'>H</span> <span class='ocrx_word' id='word_1_293' title='bbox 1490 1403 1504 1435; x_wconf 88' lang='grc'><strong>1</strong></span> <span class='ocrx_word' id='word_1_294' title='bbox 1537 1402 1592 1437; x_wconf 86' lang='grc'><strong>10.</strong></span> 
     </span>
    </p>

    <p class='ocr_par' dir='ltr' id='par_1_32' title="bbox 927 1460 1646 1554">
     <span class='ocr_line' id='line_1_64' title="bbox 927 1460 1646 1505; baseline 0.006 -14"><span class='ocrx_word' id='word_1_295' title='bbox 927 1462 1159 1501; x_wconf 85' lang='lat' dir='ltr'><strong>reposcentes</strong></span> <span class='ocrx_word' id='word_1_296' title='bbox 1174 1463 1234 1492; x_wconf 74' lang='lat' dir='ltr'><strong>aut</strong></span> <span class='ocrx_word' id='word_1_297' title='bbox 1252 1469 1420 1505; x_wconf 83' lang='lat' dir='ltr'><strong>prospera</strong></span> <span class='ocrx_word' id='word_1_298' title='bbox 1438 1465 1498 1494; x_wconf 84' lang='lat' dir='ltr'><strong>aut</strong></span> <span class='ocrx_word' id='word_1_299' title='bbox 1514 1460 1646 1495; x_wconf 79' lang='lat' dir='ltr'><strong>adver-</strong></span> 
     </span>
     <span class='ocr_line' id='line_1_65' title="bbox 981 1517 1208 1554; baseline 0.004 -3"><span class='ocrx_word' id='word_1_300' title='bbox 981 1527 1020 1551; x_wconf 88' lang='lat' dir='ltr'><strong>sa</strong></span> <span class='ocrx_word' id='word_1_301' title='bbox 1046 1517 1076 1551; x_wconf 84' lang='grc' dir='ltr'>Η</span> <span class='ocrx_word' id='word_1_302' title='bbox 1103 1519 1126 1553; x_wconf 88' lang='grc'>3</span> <span class='ocrx_word' id='word_1_303' title='bbox 1154 1519 1208 1554; x_wconf 82' lang='grc'><strong>13.</strong></span> 
     </span>
    </p>

    <p class='ocr_par' dir='ltr' id='par_1_33' title="bbox 935 1578 1645 1623">
     <span class='ocr_line' id='line_1_66' title="bbox 935 1578 1645 1623; baseline 0.006 -12"><span class='ocrx_word' id='word_1_304' title='bbox 935 1578 1078 1622; x_wconf 86' lang='lat' dir='ltr'><strong>requies</strong></span> <span class='ocrx_word' id='word_1_305' title='bbox 1108 1580 1307 1612; x_wconf 84' lang='lat' dir='ltr'><strong>restitutum</strong></span> <span class='ocrx_word' id='word_1_306' title='bbox 1339 1589 1402 1623; x_wconf 89' lang='lat' dir='ltr'><strong>pro</strong></span> <span class='ocrx_word' id='word_1_307' title='bbox 1427 1590 1485 1614; x_wconf 90' lang='lat' dir='ltr'><strong>res</strong></span> <span class='ocrx_word' id='word_1_308' title='bbox 1511 1580 1539 1614; x_wconf 78' lang='lat' dir='ltr'>fl</span> <span class='ocrx_word' id='word_1_309' title='bbox 1561 1580 1586 1614; x_wconf 83' lang='lat'>3</span> <span class='ocrx_word' id='word_1_310' title='bbox 1612 1581 1645 1615; x_wconf 87' lang='grc'><strong>7.</strong></span> 
     </span>
    </p>

    <p class='ocr_par' dir='ltr' id='par_1_34' title="bbox 933 1638 1647 1742">
     <span class='ocr_line' id='line_1_67' title="bbox 933 1638 1647 1684; baseline 0.004 -14"><span class='ocrx_word' id='word_1_311' title='bbox 933 1638 1147 1682; x_wconf 85' lang='lat' dir='ltr'><strong>rescripsere</strong></span> <span class='ocrx_word' id='word_1_312' title='bbox 1187 1638 1379 1684; x_wconf 86' lang='lat' dir='ltr'><strong>legendnm</strong></span> <span class='ocrx_word' id='word_1_313' title='bbox 1411 1639 1552 1673; x_wconf 75' lang='lat' dir='ltr'><strong>videtur</strong></span> <span class='ocrx_word' id='word_1_314' title='bbox 1584 1648 1647 1684; x_wconf 80' lang='lat' dir='ltr'><strong>pro</strong></span> 
     </span>
     <span class='ocr_line' id='line_1_68' title="bbox 982 1698 1415 1742; baseline 0.005 -11"><span class='ocrx_word' id='word_1_315' title='bbox 982 1705 1252 1742; x_wconf 80' lang='lat' dir='ltr'><strong>praesumpsere</strong></span> <span class='ocrx_word' id='word_1_316' title='bbox 1276 1698 1306 1732; x_wconf 80' lang='grc' dir='ltr'><strong><em>Η</em></strong></span> <span class='ocrx_word' id='word_1_317' title='bbox 1332 1699 1354 1732; x_wconf 86' lang='grc'>3</span> <span class='ocrx_word' id='word_1_318' title='bbox 1381 1698 1415 1734; x_wconf 88' lang='grc'><strong>9.</strong></span> 
     </span>
    </p>

    <p class='ocr_par' dir='ltr' id='par_1_35' title="bbox 932 1755 1454 1802">
     <span class='ocr_line' id='line_1_69' title="bbox 932 1755 1454 1802; baseline 0.002 -13"><span class='ocrx_word' id='word_1_319' title='bbox 932 1755 1113 1801; x_wconf 87' lang='lat' dir='ltr'><strong>respicere</strong></span> <span class='ocrx_word' id='word_1_320' title='bbox 1139 1758 1296 1802; x_wconf 89' lang='lat' dir='ltr'><strong>quietem</strong></span> <span class='ocrx_word' id='word_1_321' title='bbox 1324 1757 1369 1791; x_wconf 81' lang='lat'><strong>14</strong></span> <span class='ocrx_word' id='word_1_322' title='bbox 1396 1757 1454 1792; x_wconf 77' lang='lat'><strong>54.</strong></span> 
     </span>
    </p>

    <p class='ocr_par' dir='ltr' id='par_1_36' title="bbox 930 1814 1646 1911">
     <span class='ocr_line' id='line_1_70' title="bbox 930 1814 1646 1860; baseline 0.003 -12"><span class='ocrx_word' id='word_1_323' title='bbox 930 1825 988 1849; x_wconf 86' lang='lat' dir='ltr'><strong>res</strong></span> <span class='ocrx_word' id='word_1_324' title='bbox 1014 1816 1137 1860; x_wconf 91' lang='lat' dir='ltr'><strong>populi</strong></span> <span class='ocrx_word' id='word_1_325' title='bbox 1162 1816 1312 1850; x_wconf 84' lang='lat' dir='ltr'><strong>Romani</strong></span> <span class='ocrx_word' id='word_1_326' title='bbox 1330 1820 1366 1850; x_wconf 90' lang='lat' dir='ltr'><strong>et</strong></span> <span class='ocrx_word' id='word_1_327' title='bbox 1382 1814 1569 1850; x_wconf 76' lang='lat' dir='ltr'><strong>Caesarum</strong></span> <span class='ocrx_word' id='word_1_328' title='bbox 1589 1825 1646 1850; x_wconf 88' lang='lat' dir='ltr'><strong>res</strong></span> 
     </span>
     <span class='ocr_line' id='line_1_71' title="bbox 979 1875 1108 1911; baseline 0.016 -2"><span class='ocrx_word' id='word_1_329' title='bbox 979 1875 1008 1909; x_wconf 88' lang='lat' dir='ltr'><strong>ll</strong></span> <span class='ocrx_word' id='word_1_330' title='bbox 1034 1876 1050 1909; x_wconf 88' lang='grc'><strong>1</strong></span> <span class='ocrx_word' id='word_1_331' title='bbox 1077 1876 1108 1911; x_wconf 90' lang='grc'><strong>1.</strong></span> 
     </span>
    </p>

    <p class='ocr_par' dir='ltr' id='par_1_37' title="bbox 928 1935 1478 1980">
     <span class='ocr_line' id='line_1_72' title="bbox 928 1935 1478 1980; baseline 0.002 -12"><span class='ocrx_word' id='word_1_332' title='bbox 928 1940 1063 1970; x_wconf 80' lang='lat' dir='ltr'><strong>restare</strong></span> <span class='ocrx_word' id='word_1_333' title='bbox 1090 1945 1152 1980; x_wconf 86' lang='lat' dir='ltr'><strong>pro</strong></span> <span class='ocrx_word' id='word_1_334' title='bbox 1178 1935 1347 1970; x_wconf 86' lang='lat' dir='ltr'><strong>resistere</strong></span> <span class='ocrx_word' id='word_1_335' title='bbox 1370 1935 1392 1969; x_wconf 90' lang='lat'><strong>3</strong></span> <span class='ocrx_word' id='word_1_336' title='bbox 1418 1935 1478 1970; x_wconf 84' lang='lat'><strong>46.</strong></span> 
     </span>
    </p>

    <p class='ocr_par' dir='ltr' id='par_1_38' title="bbox 929 1993 1649 2090">
     <span class='ocr_line' id='line_1_73' title="bbox 929 1993 1649 2041; baseline 0 -13"><span class='ocrx_word' id='word_1_337' title='bbox 929 1994 1113 2030; x_wconf 82' lang='lat' dir='ltr'><strong>retrahere</strong></span> <span class='ocrx_word' id='word_1_338' title='bbox 1140 1996 1332 2041; x_wconf 81' lang='lat' dir='ltr'><strong>imaginem</strong></span> <span class='ocrx_word' id='word_1_339' title='bbox 1359 1995 1403 2029; x_wconf 74' lang='lat' dir='ltr'><strong>ad</strong></span> <span class='ocrx_word' id='word_1_340' title='bbox 1429 2003 1528 2039; x_wconf 80' lang='lat' dir='ltr'><strong>spem</strong></span> <span class='ocrx_word' id='word_1_341' title='bbox 1553 1993 1649 2029; x_wconf 78' lang='lat' dir='ltr'><strong>baud</strong></span> 
     </span>
     <span class='ocr_line' id='line_1_74' title="bbox 983 2055 1262 2090; baseline 0 -2"><span class='ocrx_word' id='word_1_342' title='bbox 983 2055 1124 2089; x_wconf 87' lang='lat' dir='ltr'><strong>dubiam</strong></span> <span class='ocrx_word' id='word_1_343' title='bbox 1155 2055 1198 2090; x_wconf 82' lang='lat'><strong>16</strong></span> <span class='ocrx_word' id='word_1_344' title='bbox 1231 2057 1262 2088; x_wconf 88' lang='grc'><strong>1.</strong></span> 
     </span>
    </p>

    <p class='ocr_par' dir='ltr' id='par_1_39' title="bbox 935 2114 1651 2268">
     <span class='ocr_line' id='line_1_75' title="bbox 935 2114 1651 2160; baseline 0 -12"><span class='ocrx_word' id='word_1_345' title='bbox 935 2125 1033 2149; x_wconf 88' lang='lat' dir='ltr'><strong>reum</strong></span> <span class='ocrx_word' id='word_1_346' title='bbox 1059 2115 1120 2160; x_wconf 86' lang='lat' dir='ltr'><strong>agi</strong></span> <span class='ocrx_word' id='word_1_347' title='bbox 1146 2115 1169 2150; x_wconf 87' lang='grc'><strong>3</strong></span> <span class='ocrx_word' id='word_1_348' title='bbox 1199 2114 1253 2148; x_wconf 87' lang='grc'><strong>13.</strong></span> <span class='ocrx_word' id='word_1_349' title='bbox 1304 2124 1385 2148; x_wconf 84' lang='lat' dir='ltr'><strong>rens</strong></span> <span class='ocrx_word' id='word_1_350' title='bbox 1421 2114 1465 2148; x_wconf 81' lang='lat' dir='ltr'><strong>de</strong></span> <span class='ocrx_word' id='word_1_351' title='bbox 1502 2114 1651 2148; x_wconf 76' lang='lat' dir='ltr'><strong>clande-</strong></span> 
     </span>
     <span class='ocr_line' id='line_1_76' title="bbox 987 2172 1650 2208; baseline -0.002 0"><span class='ocrx_word' id='word_1_352' title='bbox 987 2175 1090 2208; x_wconf 89' lang='lat' dir='ltr'><strong>stinis</strong></span> <span class='ocrx_word' id='word_1_353' title='bbox 1130 2179 1164 2208; x_wconf 91' lang='lat' dir='ltr'><strong>et</strong></span> <span class='ocrx_word' id='word_1_354' title='bbox 1199 2175 1307 2208; x_wconf 79' lang='lat' dir='ltr'><strong>irritis</strong></span> <span class='ocrx_word' id='word_1_355' title='bbox 1347 2172 1650 2207; x_wconf 76' lang='lat' dir='ltr'><strong>criminationibus</strong></span> 
     </span>
     <span class='ocr_line' id='line_1_77' title="bbox 980 2233 1283 2268; baseline -0.003 -1"><span class='ocrx_word' id='word_1_356' title='bbox 980 2234 1112 2268; x_wconf 76' lang='lat' dir='ltr'><strong>dietum</strong></span> <span class='ocrx_word' id='word_1_357' title='bbox 1142 2233 1171 2266; x_wconf 85' lang='lat' dir='ltr'>H</span> <span class='ocrx_word' id='word_1_358' title='bbox 1201 2236 1218 2267; x_wconf 89' lang='lat' dir='ltr'>l</span> <span class='ocrx_word' id='word_1_359' title='bbox 1248 2233 1283 2267; x_wconf 90' lang='lat'><strong>8.</strong></span> 
     </span>
    </p>

    <p class='ocr_par' dir='ltr' id='par_1_40' title="bbox 937 2292 1649 2386">
     <span class='ocr_line' id='line_1_78' title="bbox 937 2292 1649 2338; baseline 0.003 -12"><span class='ocrx_word' id='word_1_360' title='bbox 937 2303 1000 2326; x_wconf 84' lang='lat' dir='ltr'><strong>rex</strong></span> <span class='ocrx_word' id='word_1_361' title='bbox 1027 2292 1227 2337; x_wconf 87' lang='lat' dir='ltr'><strong>appellatur</strong></span> <span class='ocrx_word' id='word_1_362' title='bbox 1251 2293 1348 2338; x_wconf 87' lang='lat' dir='ltr'><strong>regis</strong></span> <span class='ocrx_word' id='word_1_363' title='bbox 1375 2292 1469 2327; x_wconf 82' lang='lat' dir='ltr'><strong>filius</strong></span> <span class='ocrx_word' id='word_1_364' title='bbox 1497 2292 1525 2326; x_wconf 80' lang='lat'><strong>11</strong></span> <span class='ocrx_word' id='word_1_365' title='bbox 1549 2294 1574 2328; x_wconf 85' lang='grc'><strong>2</strong></span> <span class='ocrx_word' id='word_1_366' title='bbox 1590 2292 1649 2336; x_wconf 87' lang='grc'><strong>25,</strong></span> 
     </span>
     <span class='ocr_line' id='line_1_79' title="bbox 987 2351 1069 2386; baseline -0.012 0"><span class='ocrx_word' id='word_1_367' title='bbox 987 2352 1009 2386; x_wconf 87' lang='grc'><strong>5</strong></span> <span class='ocrx_word' id='word_1_368' title='bbox 1034 2351 1069 2386; x_wconf 86' lang='grc'><strong>9.</strong></span> 
     </span>
    </p>

    <p class='ocr_par' dir='ltr' id='par_1_41' title="bbox 929 2409 1650 2515">
     <span class='ocr_line' id='line_1_80' title="bbox 929 2409 1650 2455; baseline -0.003 -10"><span class='ocrx_word' id='word_1_369' title='bbox 929 2411 1073 2445; x_wconf 83' lang='lat' dir='ltr'><strong>Rhenus</strong></span> <span class='ocrx_word' id='word_1_370' title='bbox 1099 2409 1276 2455; x_wconf 90' lang='lat' dir='ltr'><strong>quomodo</strong></span> <span class='ocrx_word' id='word_1_371' title='bbox 1306 2410 1390 2444; x_wconf 90' lang='lat' dir='ltr'><strong>olim</strong></span> <span class='ocrx_word' id='word_1_372' title='bbox 1419 2415 1454 2444; x_wconf 90' lang='lat' dir='ltr'><strong>et</strong></span> <span class='ocrx_word' id='word_1_373' title='bbox 1482 2421 1577 2445; x_wconf 84' lang='lat' dir='ltr'><strong>nunc</strong></span> <span class='ocrx_word' id='word_1_374' title='bbox 1606 2409 1650 2444; x_wconf 84' lang='lat' dir='ltr'><strong>ad</strong></span> 
     </span>
     <span class='ocr_line' id='line_1_81' title="bbox 978 2470 1483 2515; baseline -0.002 -11"><span class='ocrx_word' id='word_1_375' title='bbox 978 2470 1159 2504; x_wconf 84' lang='lat' dir='ltr'><strong>Oceanum</strong></span> <span class='ocrx_word' id='word_1_376' title='bbox 1186 2470 1373 2515; x_wconf 82' lang='lat' dir='ltr'><strong>perveniat</strong></span> <span class='ocrx_word' id='word_1_377' title='bbox 1398 2470 1420 2503; x_wconf 91' lang='grc'><strong>2</strong></span> <span class='ocrx_word' id='word_1_378' title='bbox 1447 2470 1483 2505; x_wconf 75' lang='grc'><strong>6.</strong></span> 
     </span>
    </p>

    <p class='ocr_par' dir='ltr' id='par_1_42' title="bbox 935 2529 1652 2745">
     <span class='ocr_line' id='line_1_82' title="bbox 935 2529 1650 2574; baseline -0.004 -9"><span class='ocrx_word' id='word_1_379' title='bbox 935 2530 1082 2566; x_wconf 84' lang='lat' dir='ltr'><strong>Rhodiis</strong></span> <span class='ocrx_word' id='word_1_380' title='bbox 1107 2541 1128 2564; x_wconf 85' lang='lat' dir='ltr'><strong>a</strong></span> <span class='ocrx_word' id='word_1_381' title='bbox 1154 2529 1304 2564; x_wconf 84' lang='lat' dir='ltr'><strong>Claudio</strong></span> <span class='ocrx_word' id='word_1_382' title='bbox 1323 2529 1485 2574; x_wconf 83' lang='lat' dir='ltr'><strong>adempta</strong></span> <span class='ocrx_word' id='word_1_383' title='bbox 1506 2529 1650 2563; x_wconf 73' lang='lat' dir='ltr'><strong>libertas</strong></span> 
     </span>
     <span class='ocr_line' id='line_1_83' title="bbox 986 2590 1650 2635; baseline -0.005 -10"><span class='ocrx_word' id='word_1_384' title='bbox 986 2596 1021 2626; x_wconf 88' lang='lat' dir='ltr'><strong>et</strong></span> <span class='ocrx_word' id='word_1_385' title='bbox 1055 2592 1267 2635; x_wconf 81' lang='lat' dir='ltr'><strong>impetrante</strong></span> <span class='ocrx_word' id='word_1_386' title='bbox 1297 2590 1437 2624; x_wconf 77' lang='lat' dir='ltr'><strong>Nerone</strong></span> <span class='ocrx_word' id='word_1_387' title='bbox 1463 2590 1650 2631; x_wconf 81' lang='lat' dir='ltr'><strong>restituta3</strong></span> 
     </span>
     <span class='ocr_line' id='line_1_84' title="bbox 983 2649 1652 2695; baseline -0.004 -10"><span class='ocrx_word' id='word_1_388' title='bbox 983 2650 1050 2685; x_wconf 88' lang='lat' dir='ltr'><strong>bac</strong></span> <span class='ocrx_word' id='word_1_389' title='bbox 1074 2650 1118 2684; x_wconf 79' lang='lat' dir='ltr'><strong>de</strong></span> <span class='ocrx_word' id='word_1_390' title='bbox 1138 2661 1176 2685; x_wconf 91' lang='lat' dir='ltr'><strong>re</strong></span> <span class='ocrx_word' id='word_1_391' title='bbox 1192 2651 1226 2683; x_wconf 89' lang='lat' dir='ltr'><strong>in</strong></span> <span class='ocrx_word' id='word_1_392' title='bbox 1241 2649 1417 2684; x_wconf 82' lang='lat' dir='ltr'><strong>Neronem</strong></span> <span class='ocrx_word' id='word_1_393' title='bbox 1434 2649 1652 2695; x_wconf 71' lang='lat' dir='ltr'><strong>epigramma</strong></span> 
     </span>
     <span class='ocr_line' id='line_1_85' title="bbox 987 2710 1113 2745; baseline -0.008 -1"><span class='ocrx_word' id='word_1_394' title='bbox 987 2712 1030 2744; x_wconf 89' lang='grc'><strong>12</strong></span> <span class='ocrx_word' id='word_1_395' title='bbox 1056 2710 1113 2745; x_wconf 89' lang='lat'><strong>58.</strong></span> 
     </span>
    </p>

    <p class='ocr_par' dir='ltr' id='par_1_43' title="bbox 933 2767 1554 2816">
     <span class='ocr_line' id='line_1_86' title="bbox 933 2767 1554 2816; baseline -0.003 -13"><span class='ocrx_word' id='word_1_396' title='bbox 933 2769 1102 2816; x_wconf 85' lang='lat' dir='ltr'><strong>Rigoduli</strong></span> <span class='ocrx_word' id='word_1_397' title='bbox 1131 2769 1250 2814; x_wconf 88' lang='lat' dir='ltr'><strong>oppidi</strong></span> <span class='ocrx_word' id='word_1_398' title='bbox 1275 2770 1364 2802; x_wconf 80' lang='lat' dir='ltr'><strong>situs</strong></span> <span class='ocrx_word' id='word_1_399' title='bbox 1392 2767 1419 2801; x_wconf 78' lang='lat'><strong>11</strong></span> <span class='ocrx_word' id='word_1_400' title='bbox 1446 2769 1470 2802; x_wconf 85' lang='lat'><strong>4</strong></span> <span class='ocrx_word' id='word_1_401' title='bbox 1498 2767 1554 2802; x_wconf 80' lang='lat'><strong>71.</strong></span> 
     </span>
    </p>

    <p class='ocr_par' dir='ltr' id='par_1_44' title="bbox 934 2824 1653 2935">
     <span class='ocr_line' id='line_1_87' title="bbox 934 2824 1653 2864; baseline -0.004 -1"><span class='ocrx_word' id='word_1_402' title='bbox 934 2831 1022 2864; x_wconf 85' lang='lat' dir='ltr'><strong>ritus</strong></span> <span class='ocrx_word' id='word_1_403' title='bbox 1049 2833 1085 2863; x_wconf 85' lang='lat' dir='ltr'><strong>et</strong></span> <span class='ocrx_word' id='word_1_404' title='bbox 1109 2829 1271 2862; x_wconf 77' lang='lat' dir='ltr'><strong>instituta</strong></span> <span class='ocrx_word' id='word_1_405' title='bbox 1296 2828 1325 2863; x_wconf 87' lang='lat' dir='ltr'>G</span> <span class='ocrx_word' id='word_1_406' title='bbox 1349 2828 1407 2864; x_wconf 87' lang='grc'><strong>27.</strong></span> <span class='ocrx_word' id='word_1_407' title='bbox 1434 2828 1522 2862; x_wconf 66' lang='lat' dir='ltr'><strong>ritus</strong></span> <span class='ocrx_word' id='word_1_408' title='bbox 1546 2824 1653 2861; x_wconf 60' lang='lat' dir='ltr'><strong>habi·-</strong></span> 
     </span>
     <span class='ocr_line' id='line_1_88' title="bbox 979 2880 1641 2935; baseline 0 -12"><span class='ocrx_word' id='word_1_409' title='bbox 979 2894 1108 2935; x_wconf 90' lang='lat' dir='ltr'><strong>tusque</strong></span> <span class='ocrx_word' id='word_1_410' title='bbox 1134 2887 1162 2924; x_wconf 88' lang='lat' dir='ltr'>G</span> <span class='ocrx_word' id='word_1_411' title='bbox 1185 2887 1245 2923; x_wconf 82' lang='lat'><strong>45.</strong></span> <span class='ocrx_word' id='word_1_412' title='bbox 1640 2880 1641 2883; x_wconf 28' lang='lat'>¹</span> 
     </span>
    </p>
   </div>
  </div>
 </body>
</html>
