<?xml version="1.0" encoding="UTF-8"?>
<!DOCTYPE html PUBLIC "-//W3C//DTD XHTML 1.0 Transitional//EN"
    "http://www.w3.org/TR/xhtml1/DTD/xhtml1-transitional.dtd">
<html xmlns="http://www.w3.org/1999/xhtml" xml:lang="en" lang="en">
 <head>
  <title>
</title>
<meta http-equiv="Content-Type" content="text/html;charset=utf-8" />
  <meta name='ocr-system' content='tesseract 3.04.00' />
  <meta name='ocr-capabilities' content='ocr_page ocr_carea ocr_par ocr_line ocrx_word'/>
</head>
<body>
  <div class='ocr_page' id='page_1' title='image "./operaadcodicesan03taciuoft/operaadcodicesan03taciuoft_0645.png"; bbox 0 0 1768 3216; ppageno 0'>
   <div class='ocr_carea' id='block_1_1' title="bbox 793 233 969 271">
    <p class='ocr_par' dir='ltr' id='par_1_1' title="bbox 793 233 969 271">
     <span class='ocr_line' id='line_1_1' title="bbox 793 233 969 271; baseline -0.011 0"><span class='ocrx_word' id='word_1_1' title='bbox 793 233 883 271; x_wconf 72' lang='lat' dir='ltr'>CAr.</span> <span class='ocrx_word' id='word_1_2' title='bbox 909 234 969 271; x_wconf 84' lang='lat'>21.</span> 
     </span>
    </p>
   </div>
   <div class='ocr_carea' id='block_1_2' title="bbox 151 349 1651 558">
    <p class='ocr_par' dir='ltr' id='par_1_2' title="bbox 151 349 1651 558">
     <span class='ocr_line' id='line_1_2' title="bbox 153 349 1650 408; baseline -0.004 -11"><span class='ocrx_word' id='word_1_3' title='bbox 153 356 197 397; x_wconf 79' lang='lat' dir='ltr'>et</span> <span class='ocrx_word' id='word_1_4' title='bbox 221 353 478 397; x_wconf 68' lang='lat' dir='ltr'>altitudinem</span> <span class='ocrx_word' id='word_1_5' title='bbox 522 353 671 396; x_wconf 87' lang='lat' dir='ltr'>horum</span> <span class='ocrx_word' id='word_1_6' title='bbox 710 357 942 407; x_wconf 87' lang='lat' dir='ltr'>temporum</span> <span class='ocrx_word' id='word_1_7' title='bbox 986 350 1275 408; x_wconf 81' lang='lat' dir='ltr'><strong>agnoscimus:</strong></span> <span class='ocrx_word' id='word_1_8' title='bbox 1324 349 1473 393; x_wconf 88' lang='lat' dir='ltr'>sordes</span> <span class='ocrx_word' id='word_1_9' title='bbox 1513 352 1650 391; x_wconf 84' lang='lat' dir='ltr'>autem</span> 
     </span>
     <span class='ocr_line' id='line_1_3' title="bbox 151 424 1648 482; baseline -0.003 -11"><span class='ocrx_word' id='word_1_10' title='bbox 151 429 251 472; x_wconf 81' lang='lat' dir='ltr'>illae</span> <span class='ocrx_word' id='word_1_11' title='bbox 278 429 503 471; x_wconf 74' lang='lat' dir='ltr'>verborum</span> <span class='ocrx_word' id='word_1_12' title='bbox 534 433 577 470; x_wconf 91' lang='lat' dir='ltr'>et</span> <span class='ocrx_word' id='word_1_13' title='bbox 600 427 721 471; x_wconf 85' lang='lat' dir='ltr'>hians</span> <span class='ocrx_word' id='word_1_14' title='bbox 755 427 1001 482; x_wconf 86' lang='lat' dir='ltr'>compositio</span> <span class='ocrx_word' id='word_1_15' title='bbox 1034 431 1074 468; x_wconf 90' lang='lat' dir='ltr'>et</span> <span class='ocrx_word' id='word_1_16' title='bbox 1102 425 1307 468; x_wconf 77' lang='lat' dir='ltr'>inconditi</span> <span class='ocrx_word' id='word_1_17' title='bbox 1336 437 1486 468; x_wconf 89' lang='lat' dir='ltr'>sensus</span> <span class='ocrx_word' id='word_1_18' title='bbox 1517 424 1648 466; x_wconf 89' lang='lat' dir='ltr'>redo-</span> 
     </span>
     <span class='ocr_line' id='line_1_4' title="bbox 152 501 1651 558; baseline -0.004 -12"><span class='ocrx_word' id='word_1_19' title='bbox 152 504 241 547; x_wconf 86' lang='lat' dir='ltr'>lent</span> <span class='ocrx_word' id='word_1_20' title='bbox 268 504 573 558; x_wconf 79' lang='lat' dir='ltr'>antiquitatem:</span> <span class='ocrx_word' id='word_1_21' title='bbox 613 516 695 545; x_wconf 92' lang='lat' dir='ltr'>nec</span> <span class='ocrx_word' id='word_1_22' title='bbox 734 515 981 557; x_wconf 79' lang='lat' dir='ltr'>quemquam</span> <span class='ocrx_word' id='word_1_23' title='bbox 1019 502 1126 545; x_wconf 85' lang='lat' dir='ltr'>adeo</span> <span class='ocrx_word' id='word_1_24' title='bbox 1167 501 1442 556; x_wconf 88' lang='lat' dir='ltr'>antiquarium</span> <span class='ocrx_word' id='word_1_25' title='bbox 1480 503 1578 556; x_wconf 91' lang='lat' dir='ltr'>puto</span> <span class='ocrx_word' id='word_1_26' title='bbox 1607 502 1651 540; x_wconf 93' lang='lat' dir='ltr'>ut</span> 
     </span>
    </p>
   </div>
   <div class='ocr_carea' id='block_1_3' title="bbox 153 577 1290 633">
    <p class='ocr_par' dir='ltr' id='par_1_3' title="bbox 153 577 1290 633">
     <span class='ocr_line' id='line_1_5' title="bbox 153 577 1290 633; baseline -0.004 -12"><span class='ocrx_word' id='word_1_27' title='bbox 153 578 340 622; x_wconf 82' lang='lat' dir='ltr'>Caelium</span> <span class='ocrx_word' id='word_1_28' title='bbox 371 592 424 621; x_wconf 86' lang='lat' dir='ltr'>ex</span> <span class='ocrx_word' id='word_1_29' title='bbox 453 591 503 621; x_wconf 93' lang='lat' dir='ltr'>ea</span> <span class='ocrx_word' id='word_1_30' title='bbox 533 583 650 632; x_wconf 88' lang='lat' dir='ltr'>parte</span> <span class='ocrx_word' id='word_1_31' title='bbox 682 578 822 621; x_wconf 89' lang='lat' dir='ltr'>laudet</span> <span class='ocrx_word' id='word_1_32' title='bbox 862 590 941 633; x_wconf 88' lang='lat' dir='ltr'>qua</span> <span class='ocrx_word' id='word_1_33' title='bbox 981 577 1173 631; x_wconf 89' lang='lat' dir='ltr'>antiquus</span> <span class='ocrx_word' id='word_1_34' title='bbox 1213 579 1290 618; x_wconf 88' lang='lat' dir='ltr'>est.</span> 
     </span>
    </p>
   </div>
   <div class='ocr_carea' id='block_1_4' title="bbox 1362 574 1650 620">
    <p class='ocr_par' dir='ltr' id='par_1_4' title="bbox 1362 574 1650 620">
     <span class='ocr_line' id='line_1_6' title="bbox 1362 574 1650 620; baseline -0.01 0"><span class='ocrx_word' id='word_1_35' title='bbox 1362 574 1650 620; x_wconf 80' lang='lat' dir='ltr'>Concedamus</span> 
     </span>
    </p>
   </div>
   <div class='ocr_carea' id='block_1_5' title="bbox 151 650 1682 935">
    <p class='ocr_par' dir='ltr' id='par_1_5' title="bbox 151 650 1682 935">
     <span class='ocr_line' id='line_1_7' title="bbox 151 650 1682 708; baseline -0.005 -9"><span class='ocrx_word' id='word_1_36' title='bbox 151 666 256 699; x_wconf 70' lang='lat' dir='ltr'>stne</span> <span class='ocrx_word' id='word_1_37' title='bbox 286 654 391 698; x_wconf 79' lang='lat' dir='ltr'>Gaio</span> <span class='ocrx_word' id='word_1_38' title='bbox 423 654 595 697; x_wconf 80' lang='lat' dir='ltr'>Caesari</span> <span class='ocrx_word' id='word_1_39' title='bbox 637 659 681 696; x_wconf 93' lang='lat' dir='ltr'>ut</span> <span class='ocrx_word' id='word_1_40' title='bbox 725 657 895 708; x_wconf 86' lang='lat' dir='ltr'>propter</span> <span class='ocrx_word' id='word_1_41' title='bbox 925 651 1252 707; x_wconf 78' lang='lat' dir='ltr'>magnitudinem</span> <span class='ocrx_word' id='word_1_42' title='bbox 1280 650 1579 706; x_wconf 74' lang='lat' dir='ltr'>cogitationum</span> <span class='ocrx_word' id='word_1_43' title='bbox 1609 653 1682 691; x_wconf 81' lang='lat' dir='ltr'>ets</span> 
     </span>
     <span class='ocr_line' id='line_1_8' title="bbox 153 724 1650 784; baseline -0.005 -11"><span class='ocrx_word' id='word_1_44' title='bbox 153 730 454 784; x_wconf 78' lang='lat' dir='ltr'>occupationes</span> <span class='ocrx_word' id='word_1_45' title='bbox 483 741 623 772; x_wconf 89' lang='lat' dir='ltr'>rerum</span> <span class='ocrx_word' id='word_1_46' title='bbox 643 729 778 770; x_wconf 89' lang='lat' dir='ltr'>minus</span> <span class='ocrx_word' id='word_1_47' title='bbox 805 729 848 769; x_wconf 91' lang='lat' dir='ltr'>in</span> <span class='ocrx_word' id='word_1_48' title='bbox 865 728 1102 782; x_wconf 84' lang='lat' dir='ltr'>eloquentia</span> <span class='ocrx_word' id='word_1_49' title='bbox 1120 726 1309 769; x_wconf 82' lang='lat' dir='ltr'>effecerit</span> <span class='ocrx_word' id='word_1_50' title='bbox 1325 738 1444 779; x_wconf 88' lang='lat' dir='ltr'>qnam</span> <span class='ocrx_word' id='word_1_51' title='bbox 1466 724 1650 766; x_wconf 87' lang='lat' dir='ltr'>divinum</span> 
     </span>
     <span class='ocr_line' id='line_1_9' title="bbox 153 798 1652 860; baseline -0.006 -11"><span class='ocrx_word' id='word_1_52' title='bbox 153 805 245 849; x_wconf 82' lang='lat' dir='ltr'>eius</span> <span class='ocrx_word' id='word_1_53' title='bbox 276 805 491 860; x_wconf 84' lang='lat' dir='ltr'>ingenium</span> <span class='ocrx_word' id='word_1_54' title='bbox 520 803 775 858; x_wconf 86' lang='lat' dir='ltr'>postulabat,</span> <span class='ocrx_word' id='word_1_55' title='bbox 817 807 899 844; x_wconf 88' lang='lat' dir='ltr'>tam</span> <span class='ocrx_word' id='word_1_56' title='bbox 931 802 1074 845; x_wconf 88' lang='lat' dir='ltr'>hercle</span> <span class='ocrx_word' id='word_1_57' title='bbox 1105 813 1226 856; x_wconf 91' lang='lat' dir='ltr'>quam</span> <span class='ocrx_word' id='word_1_58' title='bbox 1252 801 1420 843; x_wconf 78' lang='lat' dir='ltr'>Brutum</span> <span class='ocrx_word' id='word_1_59' title='bbox 1461 798 1652 853; x_wconf 88' lang='lat' dir='ltr'>philoso-</span> 
     </span>
     <span class='ocr_line' id='line_1_10' title="bbox 153 874 1650 935; baseline -0.005 -13"><span class='ocrx_word' id='word_1_60' title='bbox 153 879 279 935; x_wconf 80' lang='lat' dir='ltr'>phiae</span> <span class='ocrx_word' id='word_1_61' title='bbox 312 891 415 921; x_wconf 87' lang='lat' dir='ltr'>suae</span> <span class='ocrx_word' id='word_1_62' title='bbox 451 878 761 932; x_wconf 86' lang='lat' dir='ltr'>relinquamus:</span> <span class='ocrx_word' id='word_1_63' title='bbox 806 890 902 919; x_wconf 89' lang='lat' dir='ltr'>nam</span> <span class='ocrx_word' id='word_1_64' title='bbox 941 877 984 918; x_wconf 92' lang='lat' dir='ltr'>in</span> <span class='ocrx_word' id='word_1_65' title='bbox 1020 876 1278 918; x_wconf 85' lang='lat' dir='ltr'>orationibus</span> <span class='ocrx_word' id='word_1_66' title='bbox 1316 874 1519 916; x_wconf 90' lang='lat' dir='ltr'>minorem</span> <span class='ocrx_word' id='word_1_67' title='bbox 1555 884 1650 915; x_wconf 89' lang='lat' dir='ltr'>esse</span> 
     </span>
    </p>
   </div>
   <div class='ocr_carea' id='block_1_6' title="bbox 152 951 1185 997">
    <p class='ocr_par' dir='ltr' id='par_1_6' title="bbox 152 951 1185 997">
     <span class='ocr_line' id='line_1_11' title="bbox 152 951 1185 997; baseline -0.006 0"><span class='ocrx_word' id='word_1_68' title='bbox 152 954 367 997; x_wconf 80' lang='lat' dir='ltr'>fama-sua</span> <span class='ocrx_word' id='word_1_69' title='bbox 397 954 522 995; x_wconf 82' lang='lat' dir='ltr'>etiam</span> <span class='ocrx_word' id='word_1_70' title='bbox 552 953 827 995; x_wconf 86' lang='lat' dir='ltr'>admiratores</span> <span class='ocrx_word' id='word_1_71' title='bbox 864 951 954 993; x_wconf 88' lang='lat' dir='ltr'>eius</span> <span class='ocrx_word' id='word_1_72' title='bbox 994 951 1185 992; x_wconf 84' lang='lat' dir='ltr'>fatentur.</span> 
     </span>
    </p>
   </div>
   <div class='ocr_carea' id='block_1_7' title="bbox 1253 948 1650 1001">
    <p class='ocr_par' dir='ltr' id='par_1_7' title="bbox 1253 948 1650 1001">
     <span class='ocr_line' id='line_1_12' title="bbox 1253 948 1650 1001; baseline -0.008 -10"><span class='ocrx_word' id='word_1_73' title='bbox 1253 950 1343 992; x_wconf 86' lang='lat' dir='ltr'>Nisi</span> <span class='ocrx_word' id='word_1_74' title='bbox 1381 949 1490 990; x_wconf 83' lang='lat' dir='ltr'>forte</span> <span class='ocrx_word' id='word_1_75' title='bbox 1531 948 1650 1001; x_wconf 90' lang='lat' dir='ltr'>quis-</span> 
     </span>
    </p>
   </div>
   <div class='ocr_carea' id='block_1_8' title="bbox 150 1023 1703 1159">
    <p class='ocr_par' dir='ltr' id='par_1_8' title="bbox 150 1023 1703 1159">
     <span class='ocr_line' id='line_1_13' title="bbox 153 1023 1703 1084; baseline -0.004 -13"><span class='ocrx_word' id='word_1_76' title='bbox 153 1041 276 1084; x_wconf 84' lang='lat' dir='ltr'>quam</span> <span class='ocrx_word' id='word_1_77' title='bbox 305 1033 375 1070; x_wconf 87' lang='lat' dir='ltr'>aut</span> <span class='ocrx_word' id='word_1_78' title='bbox 404 1027 598 1070; x_wconf 86' lang='lat' dir='ltr'>Caesaris</span> <span class='ocrx_word' id='word_1_79' title='bbox 626 1039 703 1080; x_wconf 90' lang='lat' dir='ltr'>pro</span> <span class='ocrx_word' id='word_1_80' title='bbox 734 1026 865 1068; x_wconf 90' lang='lat' dir='ltr'>Decio</span> <span class='ocrx_word' id='word_1_81' title='bbox 894 1026 1078 1068; x_wconf 88' lang='lat' dir='ltr'>Samnite</span> <span class='ocrx_word' id='word_1_82' title='bbox 1107 1029 1177 1067; x_wconf 89' lang='lat' dir='ltr'>aut</span> <span class='ocrx_word' id='word_1_83' title='bbox 1206 1024 1322 1066; x_wconf 88' lang='lat' dir='ltr'>Bruti</span> <span class='ocrx_word' id='word_1_84' title='bbox 1351 1035 1427 1078; x_wconf 88' lang='lat' dir='ltr'>pro</span> <span class='ocrx_word' id='word_1_85' title='bbox 1446 1023 1647 1064; x_wconf 87' lang='lat' dir='ltr'>Deiotaro</span> <span class='ocrx_word' id='word_1_86' title='bbox 1665 1036 1703 1065; x_wconf 84' lang='grc' dir='ltr'>ω</span> 
     </span>
     <span class='ocr_line' id='line_1_14' title="bbox 150 1096 1649 1159; baseline -0.007 -13"><span class='ocrx_word' id='word_1_87' title='bbox 150 1116 257 1159; x_wconf 77' lang='lat' dir='ltr'>rege</span> <span class='ocrx_word' id='word_1_88' title='bbox 286 1107 539 1156; x_wconf 81' lang='lat' dir='ltr'>ceterosque</span> <span class='ocrx_word' id='word_1_89' title='bbox 571 1101 757 1143; x_wconf 90' lang='lat' dir='ltr'>eiusdem</span> <span class='ocrx_word' id='word_1_90' title='bbox 788 1100 1043 1143; x_wconf 83' lang='lat' dir='ltr'>lentitudinis</span> <span class='ocrx_word' id='word_1_91' title='bbox 1074 1112 1124 1142; x_wconf 84' lang='lat' dir='ltr'>ac</span> <span class='ocrx_word' id='word_1_92' title='bbox 1164 1098 1321 1153; x_wconf 89' lang='lat' dir='ltr'>teporis</span> <span class='ocrx_word' id='word_1_93' title='bbox 1361 1098 1492 1139; x_wconf 90' lang='lat' dir='ltr'>libros</span> <span class='ocrx_word' id='word_1_94' title='bbox 1532 1096 1649 1151; x_wconf 89' lang='lat' dir='ltr'>legit,</span> 
     </span>
    </p>
   </div>
   <div class='ocr_carea' id='block_1_9' title="bbox 154 1175 1129 1234">
    <p class='ocr_par' dir='ltr' id='par_1_9' title="bbox 154 1175 1129 1234">
     <span class='ocr_line' id='line_1_15' title="bbox 154 1175 1129 1234; baseline -0.006 -13"><span class='ocrx_word' id='word_1_95' title='bbox 154 1179 237 1221; x_wconf 88' lang='lat' dir='ltr'>nisi</span> <span class='ocrx_word' id='word_1_96' title='bbox 269 1178 338 1234; x_wconf 90' lang='lat' dir='ltr'>qui</span> <span class='ocrx_word' id='word_1_97' title='bbox 369 1182 410 1220; x_wconf 89' lang='lat' dir='ltr'>et</span> <span class='ocrx_word' id='word_1_98' title='bbox 450 1177 636 1220; x_wconf 88' lang='lat' dir='ltr'>carmina</span> <span class='ocrx_word' id='word_1_99' title='bbox 673 1175 904 1218; x_wconf 88' lang='lat' dir='ltr'>eorundem</span> <span class='ocrx_word' id='word_1_100' title='bbox 943 1175 1129 1216; x_wconf 88' lang='lat' dir='ltr'>miratur.</span> 
     </span>
    </p>
   </div>
   <div class='ocr_carea' id='block_1_10' title="bbox 1207 1172 1652 1216">
    <p class='ocr_par' dir='ltr' id='par_1_10' title="bbox 1207 1172 1652 1216">
     <span class='ocr_line' id='line_1_16' title="bbox 1207 1172 1652 1216; baseline -0.009 0"><span class='ocrx_word' id='word_1_101' title='bbox 1207 1174 1413 1216; x_wconf 88' lang='lat' dir='ltr'>Fecerunt</span> <span class='ocrx_word' id='word_1_102' title='bbox 1457 1172 1569 1213; x_wconf 89' lang='lat' dir='ltr'>enim</span> <span class='ocrx_word' id='word_1_103' title='bbox 1611 1175 1652 1213; x_wconf 91' lang='lat' dir='ltr'>et</span> 
     </span>
    </p>
   </div>
   <div class='ocr_carea' id='block_1_11' title="bbox 251 1297 1654 1346">
    <p class='ocr_par' dir='ltr' id='par_1_11' title="bbox 251 1297 1654 1346">
     <span class='ocr_line' id='line_1_17' title="bbox 251 1297 1654 1346; baseline -0.009 -7"><span class='ocrx_word' id='word_1_104' title='bbox 251 1305 281 1341; x_wconf 84' lang='grc'>1.</span> <span class='ocrx_word' id='word_1_105' title='bbox 308 1303 429 1338; x_wconf 81' lang='lat' dir='ltr'>sordes</span> <span class='ocrx_word' id='word_1_106' title='bbox 456 1308 571 1337; x_wconf 83' lang='lat' dir='ltr'>autem</span> <span class='ocrx_word' id='word_1_107' title='bbox 596 1300 740 1346; x_wconf 65' lang='lat' dir='ltr'>regulae</span> <span class='ocrx_word' id='word_1_108' title='bbox 763 1301 947 1335; x_wconf 81' lang='lat' dir='ltr'>verborum</span> <span class='ocrx_word' id='word_1_109' title='bbox 973 1302 1025 1345; x_wconf 87' lang='lat' dir='ltr'>(v.</span> <span class='ocrx_word' id='word_1_110' title='bbox 1052 1299 1197 1345; x_wconf 77' lang='lat' dir='ltr'>requlae</span> <span class='ocrx_word' id='word_1_111' title='bbox 1222 1298 1320 1332; x_wconf 91' lang='lat' dir='ltr'>linea</span> <span class='ocrx_word' id='word_1_112' title='bbox 1348 1298 1391 1331; x_wconf 86' lang='lat' dir='ltr'>ab</span> <span class='ocrx_word' id='word_1_113' title='bbox 1418 1297 1464 1331; x_wconf 85' lang='lat' dir='ltr'>al.</span> <span class='ocrx_word' id='word_1_114' title='bbox 1493 1308 1538 1332; x_wconf 90' lang='lat' dir='ltr'>m.</span> <span class='ocrx_word' id='word_1_115' title='bbox 1566 1298 1654 1332; x_wconf 89' lang='lat' dir='ltr'>sub..</span> 
     </span>
    </p>
   </div>
   <div class='ocr_carea' id='block_1_12' title="bbox 154 1347 1237 1398">
    <p class='ocr_par' dir='ltr' id='par_1_12' title="bbox 154 1347 1237 1398">
     <span class='ocr_line' id='line_1_18' title="bbox 154 1347 1237 1398; baseline -0.007 -10"><span class='ocrx_word' id='word_1_116' title='bbox 154 1353 262 1388; x_wconf 86' lang='lat' dir='ltr'>ducta</span> <span class='ocrx_word' id='word_1_117' title='bbox 288 1351 466 1398; x_wconf 86' lang='lat' dir='ltr'>deletum)</span> <span class='ocrx_word' id='word_1_118' title='bbox 495 1351 531 1394; x_wconf 87' lang='lat' dir='ltr'>P,</span> <span class='ocrx_word' id='word_1_119' title='bbox 556 1350 676 1384; x_wconf 83' lang='lat' dir='ltr'>sordes</span> <span class='ocrx_word' id='word_1_120' title='bbox 700 1355 815 1383; x_wconf 84' lang='lat' dir='ltr'>autem</span> <span class='ocrx_word' id='word_1_121' title='bbox 841 1349 926 1382; x_wconf 81' lang='lat' dir='ltr'>illae</span> <span class='ocrx_word' id='word_1_122' title='bbox 954 1349 1138 1382; x_wconf 77' lang='lat' dir='ltr'>verborum</span> <span class='ocrx_word' id='word_1_123' title='bbox 1163 1347 1237 1384; x_wconf 79' lang='lat' dir='ltr'>AF.</span> 
     </span>
    </p>
   </div>
   <div class='ocr_carea' id='block_1_13' title="bbox 1330 1346 1652 1381">
    <p class='ocr_par' dir='ltr' id='par_1_13' title="bbox 1330 1346 1652 1381">
     <span class='ocr_line' id='line_1_19' title="bbox 1330 1346 1652 1381; baseline -0.003 0"><span class='ocrx_word' id='word_1_124' title='bbox 1330 1347 1362 1381; x_wconf 92' lang='lat'>5.</span> <span class='ocrx_word' id='word_1_125' title='bbox 1396 1346 1450 1380; x_wconf 80' lang='lat'>.(&#39;.</span> <span class='ocrx_word' id='word_1_126' title='bbox 1478 1346 1515 1380; x_wconf 82' lang='lat' dir='ltr'>P.</span> <span class='ocrx_word' id='word_1_127' title='bbox 1617 1346 1652 1380; x_wconf 87' lang='lat'>6.</span> 
     </span>
    </p>
   </div>
   <div class='ocr_carea' id='block_1_14' title="bbox 153 1395 1655 1444">
    <p class='ocr_par' dir='ltr' id='par_1_14' title="bbox 153 1395 1655 1444">
     <span class='ocr_line' id='line_1_20' title="bbox 153 1395 1655 1444; baseline -0.006 -8"><span class='ocrx_word' id='word_1_128' title='bbox 153 1414 274 1437; x_wconf 68' lang='lat' dir='ltr'>rerunt</span> <span class='ocrx_word' id='word_1_129' title='bbox 295 1402 409 1438; x_wconf 63' lang='lat' dir='ltr'>minus</span> <span class='ocrx_word' id='word_1_130' title='bbox 434 1401 472 1437; x_wconf 81' lang='lat' dir='ltr'>in</span> <span class='ocrx_word' id='word_1_131' title='bbox 497 1400 695 1444; x_wconf 79' lang='lat' dir='ltr'>eloquentia</span> <span class='ocrx_word' id='word_1_132' title='bbox 725 1399 880 1444; x_wconf 79' lang='lat' dir='ltr'>effecerit</span> <span class='ocrx_word' id='word_1_133' title='bbox 907 1409 1008 1442; x_wconf 83' lang='lat' dir='ltr'>quam</span> <span class='ocrx_word' id='word_1_134' title='bbox 1038 1397 1088 1430; x_wconf 89' lang='lat' dir='ltr'>P:</span> <span class='ocrx_word' id='word_1_135' title='bbox 1127 1397 1153 1431; x_wconf 90' lang='lat' dir='ltr'>F</span> <span class='ocrx_word' id='word_1_136' title='bbox 1178 1407 1298 1430; x_wconf 81' lang='lat' dir='ltr'>rerum</span> <span class='ocrx_word' id='word_1_137' title='bbox 1332 1396 1371 1428; x_wconf 82' lang='lat' dir='ltr'>in</span> <span class='ocrx_word' id='word_1_138' title='bbox 1397 1395 1655 1440; x_wconf 68' lang='lat' dir='ltr'>«eloquentiam</span> 
     </span>
    </p>
   </div>
   <div class='ocr_carea' id='block_1_15' title="bbox 153 1452 452 1535">
    <p class='ocr_par' dir='ltr' id='par_1_15' title="bbox 153 1452 452 1535">
     <span class='ocr_line' id='line_1_21' title="bbox 155 1452 437 1498; baseline -0.011 -12"><span class='ocrx_word' id='word_1_139' title='bbox 155 1452 311 1498; x_wconf 78' lang='lat' dir='ltr'>effecerit</span> <span class='ocrx_word' id='word_1_140' title='bbox 337 1460 437 1495; x_wconf 81' lang='lat' dir='ltr'>quac.</span> 
     </span>
     <span class='ocr_line' id='line_1_22' title="bbox 153 1499 452 1535; baseline -0.01 0"><span class='ocrx_word' id='word_1_141' title='bbox 153 1499 211 1535; x_wconf 85' lang='lat' dir='ltr'>Fr.</span> <span class='ocrx_word' id='word_1_142' title='bbox 238 1499 452 1535; x_wconf 78' lang='lat' dir='ltr'>Gronovius.</span> 
     </span>
    </p>
   </div>
   <div class='ocr_carea' id='block_1_16' title="bbox 152 1623 875 3019">
    <p class='ocr_par' dir='ltr' id='par_1_16' title="bbox 154 1623 871 1721">
     <span class='ocr_line' id='line_1_23' title="bbox 156 1623 871 1674; baseline -0.008 -12"><span class='ocrx_word' id='word_1_143' title='bbox 156 1637 262 1674; x_wconf 88' lang='lat' dir='ltr'>quam</span> <span class='ocrx_word' id='word_1_144' title='bbox 296 1624 482 1665; x_wconf 80' lang='lat' dir='ltr'>Ciceronis</span> <span class='ocrx_word' id='word_1_145' title='bbox 516 1624 553 1658; x_wconf 91' lang='lat' dir='ltr'>in</span> <span class='ocrx_word' id='word_1_146' title='bbox 592 1623 773 1659; x_wconf 89' lang='lat' dir='ltr'>Vatinium</span> <span class='ocrx_word' id='word_1_147' title='bbox 811 1623 871 1656; x_wconf 88' lang='lat' dir='ltr'>in-</span> 
     </span>
     <span class='ocr_line' id='line_1_24' title="bbox 154 1671 751 1721; baseline -0.008 -11"><span class='ocrx_word' id='word_1_148' title='bbox 154 1675 448 1721; x_wconf 76' lang='lat' dir='ltr'>terrogationem,</span> <span class='ocrx_word' id='word_1_149' title='bbox 476 1671 624 1707; x_wconf 86' lang='lat' dir='ltr'>credere</span> <span class='ocrx_word' id='word_1_150' title='bbox 653 1672 751 1707; x_wconf 86' lang='lat' dir='ltr'>licet.</span> 
     </span>
    </p>

    <p class='ocr_par' dir='ltr' id='par_1_17' title="bbox 154 1720 873 2158">
     <span class='ocr_line' id='line_1_25' title="bbox 240 1720 869 1759; baseline -0.01 0"><span class='ocrx_word' id='word_1_151' title='bbox 240 1725 280 1759; x_wconf 71' lang='lat' dir='ltr'>in</span> <span class='ocrx_word' id='word_1_152' title='bbox 314 1722 463 1758; x_wconf 77' lang='lat' dir='ltr'>Asitium</span> <span class='ocrx_word' id='word_1_153' title='bbox 509 1726 571 1755; x_wconf 85' lang='lat' dir='ltr'>aut</span> <span class='ocrx_word' id='word_1_154' title='bbox 610 1721 650 1754; x_wconf 85' lang='lat' dir='ltr'>in</span> <span class='ocrx_word' id='word_1_155' title='bbox 685 1720 838 1754; x_wconf 78' lang='lat' dir='ltr'>Drusum</span> <span class='ocrx_word' id='word_1_156' title='bbox 858 1731 869 1753; x_wconf 77' lang='lat'>.-</span> 
     </span>
     <span class='ocr_line' id='line_1_26' title="bbox 154 1767 872 1815; baseline -0.01 -7"><span class='ocrx_word' id='word_1_157' title='bbox 154 1773 262 1808; x_wconf 79' lang='lat' dir='ltr'>Asitii</span> <span class='ocrx_word' id='word_1_158' title='bbox 288 1782 419 1809; x_wconf 90' lang='lat' dir='ltr'>nomen</span> <span class='ocrx_word' id='word_1_159' title='bbox 433 1774 639 1815; x_wconf 82' lang='lat' dir='ltr'>suspectum</span> <span class='ocrx_word' id='word_1_160' title='bbox 666 1774 702 1803; x_wconf 89' lang='lat' dir='ltr'>et</span> <span class='ocrx_word' id='word_1_161' title='bbox 728 1767 872 1803; x_wconf 85' lang='lat' dir='ltr'>aliunde</span> 
     </span>
     <span class='ocr_line' id='line_1_27' title="bbox 157 1817 872 1867; baseline -0.01 -10"><span class='ocrx_word' id='word_1_162' title='bbox 157 1821 251 1857; x_wconf 84' lang='lat' dir='ltr'>haud</span> <span class='ocrx_word' id='word_1_163' title='bbox 271 1821 468 1867; x_wconf 85' lang='lat' dir='ltr'>cognitum.</span> <span class='ocrx_word' id='word_1_164' title='bbox 496 1819 663 1852; x_wconf 85' lang='lat' dir='ltr'>Fortasse</span> <span class='ocrx_word' id='word_1_165' title='bbox 680 1818 748 1852; x_wconf 84' lang='lat' dir='ltr'>fuit</span> <span class='ocrx_word' id='word_1_166' title='bbox 762 1817 872 1851; x_wconf 73' lang='lat' dir='ltr'>Asia-</span> 
     </span>
     <span class='ocr_line' id='line_1_28' title="bbox 154 1866 872 1911; baseline -0.01 -6"><span class='ocrx_word' id='word_1_167' title='bbox 154 1872 271 1905; x_wconf 83' lang='lat' dir='ltr'>ticum.</span> <span class='ocrx_word' id='word_1_168' title='bbox 310 1870 463 1904; x_wconf 82' lang='lat' dir='ltr'>Drusum</span> <span class='ocrx_word' id='word_1_169' title='bbox 488 1868 602 1902; x_wconf 79' lang='lat' dir='ltr'>fuisse</span> <span class='ocrx_word' id='word_1_170' title='bbox 627 1866 741 1908; x_wconf 88' lang='lat' dir='ltr'>illum,</span> <span class='ocrx_word' id='word_1_171' title='bbox 768 1876 872 1911; x_wconf 91' lang='lat' dir='ltr'>quem</span> 
     </span>
     <span class='ocr_line' id='line_1_29' title="bbox 155 1915 873 1960; baseline -0.008 -7"><span class='ocrx_word' id='word_1_172' title='bbox 155 1930 175 1953; x_wconf 83' lang='lat' dir='ltr'>a</span> <span class='ocrx_word' id='word_1_173' title='bbox 188 1919 355 1953; x_wconf 86' lang='lat' dir='ltr'>Lucretio</span> <span class='ocrx_word' id='word_1_174' title='bbox 369 1927 469 1952; x_wconf 90' lang='lat' dir='ltr'>reum</span> <span class='ocrx_word' id='word_1_175' title='bbox 495 1916 540 1950; x_wconf 92' lang='lat' dir='ltr'>de</span> <span class='ocrx_word' id='word_1_176' title='bbox 563 1915 873 1960; x_wconf 88' lang='lat' dir='ltr'>praevaricatione</span> 
     </span>
     <span class='ocr_line' id='line_1_30' title="bbox 154 1964 873 2002; baseline -0.01 0"><span class='ocrx_word' id='word_1_177' title='bbox 154 1967 288 2002; x_wconf 85' lang='lat' dir='ltr'>factum</span> <span class='ocrx_word' id='word_1_178' title='bbox 303 1967 432 2002; x_wconf 86' lang='lat' dir='ltr'>Cicero</span> <span class='ocrx_word' id='word_1_179' title='bbox 460 1975 481 1999; x_wconf 84' lang='lat' dir='ltr'>a</span> <span class='ocrx_word' id='word_1_180' title='bbox 504 1975 544 1999; x_wconf 86' lang='lat' dir='ltr'>se</span> <span class='ocrx_word' id='word_1_181' title='bbox 568 1964 754 1998; x_wconf 82' lang='lat' dir='ltr'>defensum</span> <span class='ocrx_word' id='word_1_182' title='bbox 781 1964 873 1997; x_wconf 89' lang='lat' dir='ltr'>scri-</span> 
     </span>
     <span class='ocr_line' id='line_1_31' title="bbox 155 2012 873 2056; baseline -0.008 -6"><span class='ocrx_word' id='word_1_183' title='bbox 155 2016 208 2050; x_wconf 89' lang='lat' dir='ltr'>bit</span> <span class='ocrx_word' id='word_1_184' title='bbox 242 2015 287 2049; x_wconf 90' lang='lat' dir='ltr'>ad</span> <span class='ocrx_word' id='word_1_185' title='bbox 311 2015 385 2049; x_wconf 74' lang='lat' dir='ltr'>Att.</span> <span class='ocrx_word' id='word_1_186' title='bbox 413 2014 461 2048; x_wconf 89' lang='lat' dir='ltr'>lV</span> <span class='ocrx_word' id='word_1_187' title='bbox 493 2013 536 2048; x_wconf 83' lang='lat'>16</span> <span class='ocrx_word' id='word_1_188' title='bbox 570 2014 607 2055; x_wconf 64' lang='grc' dir='ltr'>δ.</span> <span class='ocrx_word' id='word_1_189' title='bbox 636 2013 675 2054; x_wconf 85' lang='grc'>5,</span> <span class='ocrx_word' id='word_1_190' title='bbox 709 2012 873 2056; x_wconf 87' lang='lat' dir='ltr'>suspica-</span> 
     </span>
     <span class='ocr_line' id='line_1_32' title="bbox 155 2060 871 2099; baseline -0.01 0"><span class='ocrx_word' id='word_1_191' title='bbox 155 2069 213 2099; x_wconf 89' lang='lat' dir='ltr'>tur</span> <span class='ocrx_word' id='word_1_192' title='bbox 237 2062 467 2098; x_wconf 86' lang='lat' dir='ltr'>Weichertus</span> <span class='ocrx_word' id='word_1_193' title='bbox 508 2062 545 2095; x_wconf 90' lang='lat' dir='ltr'>in</span> <span class='ocrx_word' id='word_1_194' title='bbox 571 2061 760 2094; x_wconf 81' lang='lat' dir='ltr'>Poetarum</span> <span class='ocrx_word' id='word_1_195' title='bbox 796 2060 871 2093; x_wconf 89' lang='lat' dir='ltr'>Lat.</span> 
     </span>
     <span class='ocr_line' id='line_1_33' title="bbox 154 2112 489 2158; baseline -0.012 -10"><span class='ocrx_word' id='word_1_196' title='bbox 154 2113 318 2158; x_wconf 86' lang='lat' dir='ltr'>reliqniis</span> <span class='ocrx_word' id='word_1_197' title='bbox 344 2122 379 2156; x_wconf 86' lang='lat' dir='ltr'>p.</span> <span class='ocrx_word' id='word_1_198' title='bbox 410 2112 489 2146; x_wconf 83' lang='grc'>112.</span> 
     </span>
    </p>

    <p class='ocr_par' dir='ltr' id='par_1_18' title="bbox 152 2157 875 3019">
     <span class='ocr_line' id='line_1_34' title="bbox 229 2157 874 2203; baseline -0.009 -8"><span class='ocrx_word' id='word_1_199' title='bbox 229 2161 473 2195; x_wconf 76' lang='lat' dir='ltr'>accusationes</span> <span class='ocrx_word' id='word_1_200' title='bbox 507 2169 595 2203; x_wconf 85' lang='lat' dir='ltr'>quae</span> <span class='ocrx_word' id='word_1_201' title='bbox 626 2158 665 2192; x_wconf 83' lang='lat' dir='ltr'>in</span> <span class='ocrx_word' id='word_1_202' title='bbox 698 2157 874 2191; x_wconf 76' lang='lat' dir='ltr'>Vatinium</span> 
     </span>
     <span class='ocr_line' id='line_1_35' title="bbox 152 2206 873 2251; baseline -0.01 -6"><span class='ocrx_word' id='word_1_203' title='bbox 152 2209 423 2251; x_wconf 73' lang='lat' dir='ltr'>inscribuntur:</span> <span class='ocrx_word' id='word_1_204' title='bbox 463 2207 642 2241; x_wconf 85' lang='lat' dir='ltr'>Vatinium</span> <span class='ocrx_word' id='word_1_205' title='bbox 676 2206 731 2239; x_wconf 90' lang='lat' dir='ltr'>bis</span> <span class='ocrx_word' id='word_1_206' title='bbox 763 2216 873 2239; x_wconf 89' lang='lat' dir='ltr'>accu-</span> 
     </span>
     <span class='ocr_line' id='line_1_36' title="bbox 153 2253 872 2294; baseline -0.01 -1"><span class='ocrx_word' id='word_1_207' title='bbox 153 2259 249 2294; x_wconf 87' lang='lat' dir='ltr'>savit</span> <span class='ocrx_word' id='word_1_208' title='bbox 273 2256 318 2291; x_wconf 92' lang='lat' dir='ltr'>de</span> <span class='ocrx_word' id='word_1_209' title='bbox 348 2257 537 2290; x_wconf 82' lang='lat' dir='ltr'>maiestate</span> <span class='ocrx_word' id='word_1_210' title='bbox 577 2259 613 2288; x_wconf 89' lang='lat' dir='ltr'>et</span> <span class='ocrx_word' id='word_1_211' title='bbox 646 2254 690 2288; x_wconf 90' lang='lat' dir='ltr'>de</span> <span class='ocrx_word' id='word_1_212' title='bbox 725 2253 872 2288; x_wconf 87' lang='lat' dir='ltr'>ambitu.</span> 
     </span>
     <span class='ocr_line' id='line_1_37' title="bbox 153 2302 872 2348; baseline -0.008 -7"><span class='ocrx_word' id='word_1_213' title='bbox 153 2306 318 2342; x_wconf 78' lang='lat' dir='ltr'>Ambitus</span> <span class='ocrx_word' id='word_1_214' title='bbox 346 2314 454 2338; x_wconf 85' lang='lat' dir='ltr'>causa</span> <span class='ocrx_word' id='word_1_215' title='bbox 490 2303 661 2348; x_wconf 84' lang='lat' dir='ltr'>pertinuit</span> <span class='ocrx_word' id='word_1_216' title='bbox 695 2302 739 2335; x_wconf 87' lang='lat' dir='ltr'>ad</span> <span class='ocrx_word' id='word_1_217' title='bbox 766 2312 872 2344; x_wconf 88' lang='lat' dir='ltr'>prae-</span> 
     </span>
     <span class='ocr_line' id='line_1_38' title="bbox 155 2349 872 2397; baseline -0.011 -8"><span class='ocrx_word' id='word_1_218' title='bbox 155 2360 295 2396; x_wconf 82' lang='lat' dir='ltr'>turam,</span> <span class='ocrx_word' id='word_1_219' title='bbox 332 2353 368 2386; x_wconf 91' lang='lat' dir='ltr'>in</span> <span class='ocrx_word' id='word_1_220' title='bbox 410 2362 479 2397; x_wconf 89' lang='lat' dir='ltr'>qua</span> <span class='ocrx_word' id='word_1_221' title='bbox 515 2349 671 2394; x_wconf 89' lang='lat' dir='ltr'>petenda</span> <span class='ocrx_word' id='word_1_222' title='bbox 709 2350 872 2382; x_wconf 85' lang='lat' dir='ltr'>Vatinius</span> 
     </span>
     <span class='ocr_line' id='line_1_39' title="bbox 156 2397 872 2445; baseline -0.013 -7"><span class='ocrx_word' id='word_1_223' title='bbox 156 2403 284 2438; x_wconf 91' lang='lat' dir='ltr'>Catoni</span> <span class='ocrx_word' id='word_1_224' title='bbox 310 2400 491 2445; x_wconf 84' lang='lat' dir='ltr'>praelatus</span> <span class='ocrx_word' id='word_1_225' title='bbox 519 2403 584 2432; x_wconf 87' lang='lat' dir='ltr'>est.</span> <span class='ocrx_word' id='word_1_226' title='bbox 614 2397 872 2431; x_wconf 80' lang='lat' dir='ltr'>Defensionem</span> 
     </span>
     <span class='ocr_line' id='line_1_40' title="bbox 158 2445 873 2490; baseline -0.013 -4"><span class='ocrx_word' id='word_1_227' title='bbox 158 2452 293 2486; x_wconf 83' lang='lat' dir='ltr'>Vatinii</span> <span class='ocrx_word' id='word_1_228' title='bbox 320 2448 464 2484; x_wconf 87' lang='lat' dir='ltr'>Caesari</span> <span class='ocrx_word' id='word_1_229' title='bbox 500 2452 535 2481; x_wconf 88' lang='lat' dir='ltr'>et</span> <span class='ocrx_word' id='word_1_230' title='bbox 564 2446 735 2490; x_wconf 91' lang='lat' dir='ltr'>Pompeio</span> <span class='ocrx_word' id='word_1_231' title='bbox 763 2445 873 2478; x_wconf 88' lang='lat' dir='ltr'>obse..</span> 
     </span>
     <span class='ocr_line' id='line_1_41' title="bbox 156 2493 872 2540; baseline -0.013 -5"><span class='ocrx_word' id='word_1_232' title='bbox 156 2505 260 2536; x_wconf 85' lang='lat' dir='ltr'>cutus</span> <span class='ocrx_word' id='word_1_233' title='bbox 287 2497 415 2533; x_wconf 88' lang='lat' dir='ltr'>Cicero</span> <span class='ocrx_word' id='word_1_234' title='bbox 442 2496 603 2540; x_wconf 89' lang='lat' dir='ltr'>suscepit</span> <span class='ocrx_word' id='word_1_235' title='bbox 627 2505 659 2528; x_wconf 91' lang='lat' dir='ltr'>a.</span> <span class='ocrx_word' id='word_1_236' title='bbox 688 2495 770 2530; x_wconf 82' lang='lat'>700.</span> <span class='ocrx_word' id='word_1_237' title='bbox 817 2493 872 2527; x_wconf 82' lang='lat' dir='ltr'>Cf.</span> 
     </span>
     <span class='ocr_line' id='line_1_42' title="bbox 157 2542 872 2588; baseline -0.013 -4"><span class='ocrx_word' id='word_1_238' title='bbox 157 2548 286 2584; x_wconf 85' lang='lat' dir='ltr'>Cicero</span> <span class='ocrx_word' id='word_1_239' title='bbox 312 2547 356 2581; x_wconf 88' lang='lat' dir='ltr'>ad</span> <span class='ocrx_word' id='word_1_240' title='bbox 383 2545 553 2588; x_wconf 85' lang='lat' dir='ltr'>Quintum</span> <span class='ocrx_word' id='word_1_241' title='bbox 591 2544 634 2578; x_wconf 77' lang='lat' dir='ltr'>ir.</span> <span class='ocrx_word' id='word_1_242' title='bbox 667 2542 698 2576; x_wconf 84' lang='grc' dir='ltr'>ΙΙ</span> <span class='ocrx_word' id='word_1_243' title='bbox 728 2542 794 2584; x_wconf 88' lang='grc'>16,</span> <span class='ocrx_word' id='word_1_244' title='bbox 830 2542 872 2576; x_wconf 90' lang='lat' dir='ltr'>ad</span> 
     </span>
     <span class='ocr_line' id='line_1_43' title="bbox 156 2591 871 2638; baseline -0.014 -5"><span class='ocrx_word' id='word_1_245' title='bbox 156 2597 253 2632; x_wconf 84' lang='lat' dir='ltr'>Fam.</span> <span class='ocrx_word' id='word_1_246' title='bbox 281 2595 297 2630; x_wconf 92' lang='lat' dir='ltr'>l</span> <span class='ocrx_word' id='word_1_247' title='bbox 325 2595 348 2630; x_wconf 88' lang='lat'><strong>9</strong></span> <span class='ocrx_word' id='word_1_248' title='bbox 374 2595 539 2638; x_wconf 80' lang='lat' dir='ltr'>§.4sqq.</span> <span class='ocrx_word' id='word_1_249' title='bbox 577 2591 738 2626; x_wconf 86' lang='lat' dir='ltr'>Catullus</span> <span class='ocrx_word' id='word_1_250' title='bbox 765 2601 871 2624; x_wconf 88' lang='lat' dir='ltr'>carm.</span> 
     </span>
     <span class='ocr_line' id='line_1_44' title="bbox 157 2638 874 2686; baseline -0.011 -6"><span class='ocrx_word' id='word_1_251' title='bbox 157 2646 217 2681; x_wconf 81' lang='lat'>54.</span> <span class='ocrx_word' id='word_1_252' title='bbox 271 2642 514 2686; x_wconf 85' lang='lat' dir='ltr'>Quintilianus</span> <span class='ocrx_word' id='word_1_253' title='bbox 542 2640 586 2674; x_wconf 80' lang='lat' dir='ltr'>vl</span> <span class='ocrx_word' id='word_1_254' title='bbox 615 2642 627 2672; x_wconf 89' lang='grc'>1</span> <span class='ocrx_word' id='word_1_255' title='bbox 665 2640 734 2681; x_wconf 87' lang='grc'>13,</span> <span class='ocrx_word' id='word_1_256' title='bbox 775 2638 822 2672; x_wconf 87' lang='lat' dir='ltr'>IX</span> <span class='ocrx_word' id='word_1_257' title='bbox 851 2640 874 2673; x_wconf 83' lang='lat'><strong>2</strong></span> 
     </span>
     <span class='ocr_line' id='line_1_45' title="bbox 157 2685 874 2730; baseline -0.015 0"><span class='ocrx_word' id='word_1_258' title='bbox 157 2695 204 2730; x_wconf 84' lang='lat'>25</span> <span class='ocrx_word' id='word_1_259' title='bbox 231 2696 267 2727; x_wconf 83' lang='lat' dir='ltr'>et</span> <span class='ocrx_word' id='word_1_260' title='bbox 296 2693 319 2726; x_wconf 88' lang='grc'>3</span> <span class='ocrx_word' id='word_1_261' title='bbox 345 2690 402 2725; x_wconf 88' lang='grc'>56.</span> <span class='ocrx_word' id='word_1_262' title='bbox 466 2690 603 2724; x_wconf 86' lang='lat' dir='ltr'>Seneca</span> <span class='ocrx_word' id='word_1_263' title='bbox 630 2686 799 2720; x_wconf 88' lang='lat' dir='ltr'>Controv.</span> <span class='ocrx_word' id='word_1_264' title='bbox 825 2685 874 2720; x_wconf 87' lang='grc' dir='ltr'>ΙΙΙ</span> 
     </span>
     <span class='ocr_line' id='line_1_46' title="bbox 161 2735 872 2783; baseline -0.013 -7"><span class='ocrx_word' id='word_1_265' title='bbox 161 2741 216 2776; x_wconf 87' lang='grc'>19.</span> <span class='ocrx_word' id='word_1_266' title='bbox 291 2739 475 2783; x_wconf 86' lang='lat' dir='ltr'>Reliquias</span> <span class='ocrx_word' id='word_1_267' title='bbox 524 2737 724 2770; x_wconf 87' lang='lat' dir='ltr'>orationum</span> <span class='ocrx_word' id='word_1_268' title='bbox 771 2735 872 2768; x_wconf 85' lang='lat' dir='ltr'>Calvi</span> 
     </span>
     <span class='ocr_line' id='line_1_47' title="bbox 160 2784 873 2834; baseline -0.011 -10"><span class='ocrx_word' id='word_1_269' title='bbox 160 2789 310 2834; x_wconf 87' lang='lat' dir='ltr'>collegit</span> <span class='ocrx_word' id='word_1_270' title='bbox 348 2786 574 2821; x_wconf 84' lang='lat' dir='ltr'>Weichertus</span> <span class='ocrx_word' id='word_1_271' title='bbox 610 2785 646 2818; x_wconf 90' lang='lat' dir='ltr'>in</span> <span class='ocrx_word' id='word_1_272' title='bbox 689 2784 873 2818; x_wconf 68' lang='lat' dir='ltr'>Poetarum</span> 
     </span>
     <span class='ocr_line' id='line_1_48' title="bbox 159 2833 875 2880; baseline -0.01 -8"><span class='ocrx_word' id='word_1_273' title='bbox 159 2838 235 2872; x_wconf 78' lang='lat' dir='ltr'>Lat.</span> <span class='ocrx_word' id='word_1_274' title='bbox 270 2836 336 2869; x_wconf 87' lang='lat' dir='ltr'>rel.</span> <span class='ocrx_word' id='word_1_275' title='bbox 364 2846 445 2880; x_wconf 88' lang='lat' dir='ltr'>pag.</span> <span class='ocrx_word' id='word_1_276' title='bbox 476 2834 665 2869; x_wconf 72' lang='lat'><strong>113-114</strong></span> <span class='ocrx_word' id='word_1_277' title='bbox 690 2838 725 2866; x_wconf 88' lang='lat' dir='ltr'>et</span> <span class='ocrx_word' id='word_1_278' title='bbox 754 2833 875 2876; x_wconf 80' lang='lat' dir='ltr'>Meyer</span> 
     </span>
     <span class='ocr_line' id='line_1_49' title="bbox 160 2882 874 2925; baseline -0.011 -4"><span class='ocrx_word' id='word_1_279' title='bbox 160 2888 196 2920; x_wconf 94' lang='lat' dir='ltr'>in</span> <span class='ocrx_word' id='word_1_280' title='bbox 244 2884 339 2920; x_wconf 88' lang='lat' dir='ltr'>Orat.</span> <span class='ocrx_word' id='word_1_281' title='bbox 383 2884 483 2918; x_wconf 82' lang='lat' dir='ltr'>nom.</span> <span class='ocrx_word' id='word_1_282' title='bbox 520 2882 739 2925; x_wconf 77' lang='lat' dir='ltr'>fragmentis.</span> <span class='ocrx_word' id='word_1_283' title='bbox 811 2882 874 2913; x_wconf 86' lang='lat' dir='ltr'>Vi-</span> 
     </span>
     <span class='ocr_line' id='line_1_50' title="bbox 159 2930 873 2969; baseline -0.01 0"><span class='ocrx_word' id='word_1_284' title='bbox 159 2937 246 2969; x_wconf 89' lang='lat' dir='ltr'>tium</span> <span class='ocrx_word' id='word_1_285' title='bbox 284 2933 419 2968; x_wconf 89' lang='lat' dir='ltr'>codicis</span> <span class='ocrx_word' id='word_1_286' title='bbox 451 2931 674 2966; x_wconf 84' lang='lat' dir='ltr'>Perizoniani</span> <span class='ocrx_word' id='word_1_287' title='bbox 714 2930 873 2963; x_wconf 87' lang='lat' dir='ltr'>conscri-</span> 
     </span>
     <span class='ocr_line' id='line_1_51' title="bbox 162 2979 874 3019; baseline -0.01 -1"><span class='ocrx_word' id='word_1_288' title='bbox 162 2984 289 3019; x_wconf 82' lang='lat' dir='ltr'>buntur</span> <span class='ocrx_word' id='word_1_289' title='bbox 311 2985 347 3017; x_wconf 88' lang='lat' dir='ltr'>et</span> <span class='ocrx_word' id='word_1_290' title='bbox 361 2981 569 3017; x_wconf 82' lang='lat' dir='ltr'>Farnesiani</span> <span class='ocrx_word' id='word_1_291' title='bbox 602 2979 802 3014; x_wconf 80' lang='lat' dir='ltr'>scribuntur</span> <span class='ocrx_word' id='word_1_292' title='bbox 831 2987 874 3011; x_wconf 75' lang='lat' dir='ltr'>ex</span> 
     </span>
    </p>
   </div>
   <div class='ocr_carea' id='block_1_17' title="bbox 530 1445 1429 1544">
    <p class='ocr_par' dir='ltr' id='par_1_19' title="bbox 530 1445 1429 1544">
     <span class='ocr_line' id='line_1_52' title="bbox 550 1445 1080 1490; baseline -0.006 -7"><span class='ocrx_word' id='word_1_293' title='bbox 550 1449 583 1483; x_wconf 89' lang='lat'>7.</span> <span class='ocrx_word' id='word_1_294' title='bbox 610 1447 729 1481; x_wconf 85' lang='lat' dir='ltr'>hercle</span> <span class='ocrx_word' id='word_1_295' title='bbox 755 1447 791 1490; x_wconf 87' lang='lat' dir='ltr'>P,</span> <span class='ocrx_word' id='word_1_296' title='bbox 819 1457 890 1480; x_wconf 90' lang='lat' dir='ltr'>non</span> <span class='ocrx_word' id='word_1_297' title='bbox 918 1445 1080 1480; x_wconf 81' lang='lat' dir='ltr'>Hercule.</span> 
     </span>
     <span class='ocr_line' id='line_1_53' title="bbox 530 1492 1429 1544; baseline -0.002 -14"><span class='ocrx_word' id='word_1_298' title='bbox 530 1498 584 1532; x_wconf 88' lang='lat'>11.</span> <span class='ocrx_word' id='word_1_299' title='bbox 612 1497 685 1544; x_wconf 68' lang='lat' dir='ltr'>ipis</span> <span class='ocrx_word' id='word_1_300' title='bbox 710 1496 747 1539; x_wconf 84' lang='lat' dir='ltr'>P,</span> <span class='ocrx_word' id='word_1_301' title='bbox 774 1495 938 1543; x_wconf 84' lang='lat' dir='ltr'>temporis</span> <span class='ocrx_word' id='word_1_302' title='bbox 964 1494 1015 1531; x_wconf 89' lang='lat' dir='ltr'>F:</span> <span class='ocrx_word' id='word_1_303' title='bbox 1043 1493 1247 1529; x_wconf 84' lang='lat' dir='ltr'>emendavit</span> <span class='ocrx_word' id='word_1_304' title='bbox 1274 1492 1429 1539; x_wconf 85' lang='lat' dir='ltr'>Lipsius.</span> 
     </span>
    </p>
   </div>
   <div class='ocr_carea' id='block_1_18' title="bbox 1191 1442 1651 1488">
    <p class='ocr_par' dir='ltr' id='par_1_20' title="bbox 1191 1442 1651 1488">
     <span class='ocr_line' id='line_1_54' title="bbox 1191 1442 1651 1488; baseline -0.009 -8"><span class='ocrx_word' id='word_1_305' title='bbox 1191 1444 1226 1481; x_wconf 87' lang='grc'>9.</span> <span class='ocrx_word' id='word_1_306' title='bbox 1250 1455 1317 1478; x_wconf 84' lang='lat' dir='ltr'>nec</span> <span class='ocrx_word' id='word_1_307' title='bbox 1339 1446 1417 1488; x_wconf 84' lang='lat' dir='ltr'>sere</span> <span class='ocrx_word' id='word_1_308' title='bbox 1445 1443 1599 1477; x_wconf 85' lang='lat' dir='ltr'>coniecit</span> <span class='ocrx_word' id='word_1_309' title='bbox 1623 1442 1651 1477; x_wconf 88' lang='grc' dir='ltr'>Ι.</span> 
     </span>
    </p>
   </div>
   <div class='ocr_carea' id='block_1_19' title="bbox 941 1620 1655 1765">
    <p class='ocr_par' dir='ltr' id='par_1_21' title="bbox 941 1620 1655 1765">
     <span class='ocr_line' id='line_1_55' title="bbox 941 1620 1653 1668; baseline -0.006 -12"><span class='ocrx_word' id='word_1_310' title='bbox 941 1622 1142 1668; x_wconf 85' lang='lat' dir='ltr'>antiquiore</span> <span class='ocrx_word' id='word_1_311' title='bbox 1158 1622 1333 1666; x_wconf 86' lang='lat' dir='ltr'>scriptura</span> <span class='ocrx_word' id='word_1_312' title='bbox 1361 1620 1577 1655; x_wconf 66' lang='lat' dir='ltr'>iscribuntur</span> <span class='ocrx_word' id='word_1_313' title='bbox 1592 1629 1653 1653; x_wconf 88' lang='lat' dir='ltr'>or-</span> 
     </span>
     <span class='ocr_line' id='line_1_56' title="bbox 942 1669 1655 1714; baseline -0.001 -10"><span class='ocrx_word' id='word_1_314' title='bbox 942 1676 1034 1704; x_wconf 91' lang='lat' dir='ltr'>tum:</span> <span class='ocrx_word' id='word_1_315' title='bbox 1065 1682 1145 1705; x_wconf 90' lang='lat' dir='ltr'>nam</span> <span class='ocrx_word' id='word_1_316' title='bbox 1162 1670 1253 1704; x_wconf 87' lang='lat' dir='ltr'>alter</span> <span class='ocrx_word' id='word_1_317' title='bbox 1270 1671 1409 1714; x_wconf 87' lang='lat' dir='ltr'>putavit</span> <span class='ocrx_word' id='word_1_318' title='bbox 1434 1680 1513 1704; x_wconf 84' lang='lat' dir='ltr'>esse</span> <span class='ocrx_word' id='word_1_319' title='bbox 1534 1669 1655 1703; x_wconf 60' lang='lat' dir='ltr'>ascri-</span> 
     </span>
     <span class='ocr_line' id='line_1_57' title="bbox 943 1718 1622 1765; baseline -0.004 -11"><span class='ocrx_word' id='word_1_320' title='bbox 943 1721 1081 1762; x_wconf 84' lang='lat' dir='ltr'>buntur,</span> <span class='ocrx_word' id='word_1_321' title='bbox 1109 1719 1202 1754; x_wconf 87' lang='lat' dir='ltr'>alter</span> <span class='ocrx_word' id='word_1_322' title='bbox 1227 1718 1420 1758; x_wconf 89' lang='lat' dir='ltr'>litterulam</span> <span class='ocrx_word' id='word_1_323' title='bbox 1448 1718 1622 1765; x_wconf 85' lang='lat' dir='ltr'>neglexit.</span> 
     </span>
    </p>
   </div>
   <div class='ocr_carea' id='block_1_20' title="bbox 942 1789 1660 2659">
    <p class='ocr_par' dir='ltr' id='par_1_22' title="bbox 943 1789 1660 2079">
     <span class='ocr_line' id='line_1_58' title="bbox 1016 1789 1652 1835; baseline -0.005 -10"><span class='ocrx_word' id='word_1_324' title='bbox 1016 1791 1098 1835; x_wconf 73' lang='lat' dir='ltr'>quid</span> <span class='ocrx_word' id='word_1_325' title='bbox 1127 1802 1171 1824; x_wconf 74' lang='lat' dir='ltr'>ex</span> <span class='ocrx_word' id='word_1_326' title='bbox 1198 1790 1379 1824; x_wconf 80' lang='lat' dir='ltr'>Caelianis</span> <span class='ocrx_word' id='word_1_327' title='bbox 1416 1789 1652 1823; x_wconf 78' lang='lat' dir='ltr'>orationibus:</span> 
     </span>
     <span class='ocr_line' id='line_1_59' title="bbox 944 1837 1659 1884; baseline -0.003 -11"><span class='ocrx_word' id='word_1_328' title='bbox 944 1841 1042 1873; x_wconf 82' lang='lat' dir='ltr'>notio</span> <span class='ocrx_word' id='word_1_329' title='bbox 1086 1840 1263 1884; x_wconf 77' lang='lat' dir='ltr'>satisfacit</span> <span class='ocrx_word' id='word_1_330' title='bbox 1303 1838 1363 1873; x_wconf 90' lang='lat' dir='ltr'>vel</span> <span class='ocrx_word' id='word_1_331' title='bbox 1404 1839 1442 1872; x_wconf 85' lang='lat' dir='ltr'>in</span> <span class='ocrx_word' id='word_1_332' title='bbox 1483 1837 1659 1872; x_wconf 73' lang='lat' dir='ltr'>hominum</span> 
     </span>
     <span class='ocr_line' id='line_1_60' title="bbox 943 1888 1660 1922; baseline -0.003 0"><span class='ocrx_word' id='word_1_333' title='bbox 943 1889 1174 1922; x_wconf 82' lang='lat' dir='ltr'>studiosorum</span> <span class='ocrx_word' id='word_1_334' title='bbox 1216 1888 1377 1922; x_wconf 81' lang='lat' dir='ltr'>manibus</span> <span class='ocrx_word' id='word_1_335' title='bbox 1418 1892 1580 1920; x_wconf 80' lang='lat' dir='ltr'>versatur</span> <span class='ocrx_word' id='word_1_336' title='bbox 1613 1897 1660 1920; x_wconf 79' lang='lat' dir='ltr'>ex</span> 
     </span>
     <span class='ocr_line' id='line_1_61' title="bbox 944 1934 1658 1982; baseline -0.004 -11"><span class='ocrx_word' id='word_1_337' title='bbox 944 1936 1121 1981; x_wconf 89' lang='lat' dir='ltr'>prioribus</span> <span class='ocrx_word' id='word_1_338' title='bbox 1146 1936 1312 1982; x_wconf 88' lang='lat' dir='ltr'>petenda,</span> <span class='ocrx_word' id='word_1_339' title='bbox 1338 1935 1432 1981; x_wconf 90' lang='lat' dir='ltr'>quod</span> <span class='ocrx_word' id='word_1_340' title='bbox 1453 1940 1491 1968; x_wconf 84' lang='lat' dir='ltr'>ut</span> <span class='ocrx_word' id='word_1_341' title='bbox 1517 1934 1658 1969; x_wconf 79' lang='lat' dir='ltr'>facilius</span> 
     </span>
     <span class='ocr_line' id='line_1_62' title="bbox 945 1985 1658 2030; baseline -0.004 -11"><span class='ocrx_word' id='word_1_342' title='bbox 945 1986 1022 2020; x_wconf 85' lang='lat' dir='ltr'>fieri</span> <span class='ocrx_word' id='word_1_343' title='bbox 1054 1990 1210 2030; x_wconf 74' lang='lat' dir='ltr'>posset,</span> <span class='ocrx_word' id='word_1_344' title='bbox 1256 1985 1492 2030; x_wconf 87' lang='lat' dir='ltr'>responsione</span> <span class='ocrx_word' id='word_1_345' title='bbox 1536 1994 1658 2030; x_wconf 84' lang='lat' dir='ltr'>nempe</span> 
     </span>
     <span class='ocr_line' id='line_1_63' title="bbox 944 2034 1474 2079; baseline -0.006 -11"><span class='ocrx_word' id='word_1_346' title='bbox 944 2046 1007 2069; x_wconf 85' lang='lat' dir='ltr'>cae</span> <span class='ocrx_word' id='word_1_347' title='bbox 1030 2034 1173 2079; x_wconf 78' lang='lat' dir='ltr'>placent</span> <span class='ocrx_word' id='word_1_348' title='bbox 1200 2034 1381 2079; x_wconf 88' lang='lat' dir='ltr'>provisum</span> <span class='ocrx_word' id='word_1_349' title='bbox 1409 2037 1474 2066; x_wconf 88' lang='lat' dir='ltr'>est.</span> 
     </span>
    </p>

    <p class='ocr_par' dir='ltr' id='par_1_23' title="bbox 944 2079 1659 2215">
     <span class='ocr_line' id='line_1_64' title="bbox 1010 2079 1659 2122; baseline -0.011 -5"><span class='ocrx_word' id='word_1_350' title='bbox 1010 2083 1099 2118; x_wconf 82' lang='lat' dir='ltr'>Gaio</span> <span class='ocrx_word' id='word_1_351' title='bbox 1118 2083 1290 2117; x_wconf 79' lang='lat' dir='ltr'>Caesari:</span> <span class='ocrx_word' id='word_1_352' title='bbox 1318 2082 1363 2116; x_wconf 85' lang='lat' dir='ltr'>cf.</span> <span class='ocrx_word' id='word_1_353' title='bbox 1382 2081 1461 2115; x_wconf 79' lang='lat' dir='ltr'>xlll</span> <span class='ocrx_word' id='word_1_354' title='bbox 1479 2082 1513 2116; x_wconf 82' lang='lat'>3.</span> <span class='ocrx_word' id='word_1_355' title='bbox 1543 2079 1659 2122; x_wconf 84' lang='lat' dir='ltr'>Quin..</span> 
     </span>
     <span class='ocr_line' id='line_1_65' title="bbox 944 2128 1658 2167; baseline -0.003 -3"><span class='ocrx_word' id='word_1_356' title='bbox 944 2131 999 2166; x_wconf 88' lang='lat' dir='ltr'>til.</span> <span class='ocrx_word' id='word_1_357' title='bbox 1026 2131 1057 2165; x_wconf 88' lang='lat' dir='ltr'>X</span> <span class='ocrx_word' id='word_1_358' title='bbox 1085 2133 1100 2166; x_wconf 94' lang='lat'><strong>1</strong></span> <span class='ocrx_word' id='word_1_359' title='bbox 1134 2131 1213 2167; x_wconf 79' lang='lat'>114.</span> <span class='ocrx_word' id='word_1_360' title='bbox 1254 2130 1465 2165; x_wconf 85' lang='lat' dir='ltr'>Plutarchus</span> <span class='ocrx_word' id='word_1_361' title='bbox 1492 2128 1595 2163; x_wconf 86' lang='lat' dir='ltr'>Caes.</span> <span class='ocrx_word' id='word_1_362' title='bbox 1623 2129 1658 2163; x_wconf 88' lang='grc'>3.</span> 
     </span>
     <span class='ocr_line' id='line_1_66' title="bbox 945 2180 1353 2215; baseline -0.002 -1"><span class='ocrx_word' id='word_1_363' title='bbox 945 2181 1137 2215; x_wconf 86' lang='lat' dir='ltr'>Suetonius</span> <span class='ocrx_word' id='word_1_364' title='bbox 1166 2180 1268 2214; x_wconf 85' lang='lat' dir='ltr'>Caes.</span> <span class='ocrx_word' id='word_1_365' title='bbox 1297 2181 1353 2214; x_wconf 82' lang='lat'>55.</span> 
     </span>
    </p>

    <p class='ocr_par' dir='ltr' id='par_1_24' title="bbox 942 2224 1659 2659">
     <span class='ocr_line' id='line_1_67' title="bbox 1004 2224 1659 2273; baseline -0.009 -10"><span class='ocrx_word' id='word_1_366' title='bbox 1004 2230 1149 2263; x_wconf 79' lang='lat' dir='ltr'>Brutum</span> <span class='ocrx_word' id='word_1_367' title='bbox 1171 2228 1412 2273; x_wconf 72' lang='lat' dir='ltr'>philosophiae</span> <span class='ocrx_word' id='word_1_368' title='bbox 1438 2237 1522 2260; x_wconf 83' lang='lat' dir='ltr'>suae</span> <span class='ocrx_word' id='word_1_369' title='bbox 1545 2224 1659 2259; x_wconf 77' lang='lat' dir='ltr'>relin-</span> 
     </span>
     <span class='ocr_line' id='line_1_68' title="bbox 944 2273 1658 2321; baseline -0.008 -10"><span class='ocrx_word' id='word_1_370' title='bbox 944 2287 1115 2321; x_wconf 82' lang='lat' dir='ltr'>quamus:</span> <span class='ocrx_word' id='word_1_371' title='bbox 1170 2275 1411 2317; x_wconf 87' lang='lat' dir='ltr'>Quintilianus</span> <span class='ocrx_word' id='word_1_372' title='bbox 1446 2274 1475 2307; x_wconf 80' lang='lat' dir='ltr'>X</span> <span class='ocrx_word' id='word_1_373' title='bbox 1515 2275 1530 2306; x_wconf 90' lang='lat'><em>1</em></span> <span class='ocrx_word' id='word_1_374' title='bbox 1573 2273 1658 2307; x_wconf 82' lang='lat'>123:</span> 
     </span>
     <span class='ocr_line' id='line_1_69' title="bbox 944 2320 1658 2369; baseline -0.006 -11"><span class='ocrx_word' id='word_1_375' title='bbox 944 2326 1104 2369; x_wconf 72' lang='lat' dir='ltr'>eyreqius</span> <span class='ocrx_word' id='word_1_376' title='bbox 1135 2334 1217 2357; x_wconf 81' lang='lat' dir='ltr'>cero</span> <span class='ocrx_word' id='word_1_377' title='bbox 1263 2322 1434 2366; x_wconf 79' lang='lat' dir='ltr'>multoque</span> <span class='ocrx_word' id='word_1_378' title='bbox 1479 2332 1581 2365; x_wconf 83' lang='lat' dir='ltr'>quam</span> <span class='ocrx_word' id='word_1_379' title='bbox 1620 2320 1658 2355; x_wconf 76' lang='lat' dir='ltr'>in</span> 
     </span>
     <span class='ocr_line' id='line_1_70' title="bbox 944 2370 1658 2416; baseline -0.006 -10"><span class='ocrx_word' id='word_1_380' title='bbox 944 2372 1160 2406; x_wconf 87' lang='lat' dir='ltr'>orationibus</span> <span class='ocrx_word' id='word_1_381' title='bbox 1171 2371 1412 2416; x_wconf 80' lang='lat' dir='ltr'>praestantior</span> <span class='ocrx_word' id='word_1_382' title='bbox 1430 2370 1555 2404; x_wconf 83' lang='lat' dir='ltr'>Brutus</span> <span class='ocrx_word' id='word_1_383' title='bbox 1578 2370 1658 2414; x_wconf 72' lang='lat' dir='ltr'>sus-</span> 
     </span>
     <span class='ocr_line' id='line_1_71' title="bbox 942 2419 1658 2466; baseline -0.004 -12"><span class='ocrx_word' id='word_1_384' title='bbox 942 2423 1028 2466; x_wconf 84' lang='lat' dir='ltr'>fecit</span> <span class='ocrx_word' id='word_1_385' title='bbox 1067 2420 1216 2466; x_wconf 80' lang='lat' dir='ltr'>ponderi</span> <span class='ocrx_word' id='word_1_386' title='bbox 1252 2430 1403 2460; x_wconf 79' lang='lat' dir='ltr'>rerum3</span> <span class='ocrx_word' id='word_1_387' title='bbox 1456 2419 1549 2452; x_wconf 85' lang='lat' dir='ltr'>scias</span> <span class='ocrx_word' id='word_1_388' title='bbox 1582 2429 1658 2452; x_wconf 80' lang='lat' dir='ltr'>cum</span> 
     </span>
     <span class='ocr_line' id='line_1_72' title="bbox 943 2466 1658 2513; baseline -0.004 -11"><span class='ocrx_word' id='word_1_389' title='bbox 943 2469 1073 2502; x_wconf 84' lang='lat' dir='ltr'>sentire</span> <span class='ocrx_word' id='word_1_390' title='bbox 1100 2479 1188 2513; x_wconf 84' lang='lat' dir='ltr'>quae</span> <span class='ocrx_word' id='word_1_391' title='bbox 1214 2468 1310 2502; x_wconf 82' lang='lat' dir='ltr'>dicit.</span> <span class='ocrx_word' id='word_1_392' title='bbox 1349 2467 1436 2501; x_wconf 88' lang='lat' dir='ltr'>Eius</span> <span class='ocrx_word' id='word_1_393' title='bbox 1463 2466 1590 2500; x_wconf 87' lang='lat' dir='ltr'>librum</span> <span class='ocrx_word' id='word_1_394' title='bbox 1617 2466 1658 2499; x_wconf 86' lang='lat' dir='ltr'>de</span> 
     </span>
     <span class='ocr_line' id='line_1_73' title="bbox 954 2513 1655 2551; baseline -0.004 -1"><span class='ocrx_word' id='word_1_395' title='bbox 954 2518 1082 2551; x_wconf 77' lang='lat' dir='ltr'>Virtute</span> <span class='ocrx_word' id='word_1_396' title='bbox 1108 2517 1321 2551; x_wconf 88' lang='lat' dir='ltr'>memoravit</span> <span class='ocrx_word' id='word_1_397' title='bbox 1347 2517 1483 2549; x_wconf 87' lang='lat' dir='ltr'>Seneca</span> <span class='ocrx_word' id='word_1_398' title='bbox 1510 2513 1655 2548; x_wconf 89' lang='lat' dir='ltr'>Consol.</span> 
     </span>
     <span class='ocr_line' id='line_1_74' title="bbox 943 2563 1655 2608; baseline -0.004 -9"><span class='ocrx_word' id='word_1_399' title='bbox 943 2565 986 2599; x_wconf 90' lang='lat' dir='ltr'>ad</span> <span class='ocrx_word' id='word_1_400' title='bbox 1015 2565 1178 2600; x_wconf 84' lang='lat' dir='ltr'>Helviam</span> <span class='ocrx_word' id='word_1_401' title='bbox 1206 2576 1236 2599; x_wconf 93' lang='lat' dir='ltr'>c.</span> <span class='ocrx_word' id='word_1_402' title='bbox 1262 2565 1285 2600; x_wconf 89' lang='lat'><strong>9</strong></span> <span class='ocrx_word' id='word_1_403' title='bbox 1311 2566 1347 2607; x_wconf 82' lang='lat'>§.</span> <span class='ocrx_word' id='word_1_404' title='bbox 1370 2565 1404 2605; x_wconf 85' lang='lat'>5,</span> <span class='ocrx_word' id='word_1_405' title='bbox 1430 2563 1538 2597; x_wconf 88' lang='lat' dir='ltr'>alium</span> <span class='ocrx_word' id='word_1_406' title='bbox 1568 2566 1655 2608; x_wconf 78' lang='grc' dir='ltr'><strong><em>περὶ</em></strong></span> 
     </span>
     <span class='ocr_line' id='line_1_75' title="bbox 943 2611 1654 2659; baseline -0.008 -10"><span class='ocrx_word' id='word_1_407' title='bbox 943 2613 1179 2659; x_wconf 69' lang='grc' dir='ltr'><em>καθήκοντος</em></span> <span class='ocrx_word' id='word_1_408' title='bbox 1204 2613 1296 2647; x_wconf 91' lang='lat' dir='ltr'>idem</span> <span class='ocrx_word' id='word_1_409' title='bbox 1323 2612 1436 2656; x_wconf 87' lang='lat' dir='ltr'>Epist.</span> <span class='ocrx_word' id='word_1_410' title='bbox 1464 2612 1510 2646; x_wconf 83' lang='lat'>95</span> <span class='ocrx_word' id='word_1_411' title='bbox 1536 2612 1573 2652; x_wconf 83' lang='lat'>§.</span> <span class='ocrx_word' id='word_1_412' title='bbox 1598 2611 1654 2644; x_wconf 76' lang='lat'>54.</span> 
     </span>
    </p>
   </div>
   <div class='ocr_carea' id='block_1_21' title="bbox 944 2680 1656 3019">
    <p class='ocr_par' dir='ltr' id='par_1_25' title="bbox 944 2680 1656 2962">
     <span class='ocr_line' id='line_1_76' title="bbox 1012 2680 1655 2732; baseline -0.012 -12"><span class='ocrx_word' id='word_1_413' title='bbox 1012 2697 1076 2732; x_wconf 88' lang='lat' dir='ltr'>pro</span> <span class='ocrx_word' id='word_1_414' title='bbox 1113 2686 1221 2719; x_wconf 81' lang='lat' dir='ltr'>Decio</span> <span class='ocrx_word' id='word_1_415' title='bbox 1248 2684 1426 2718; x_wconf 80' lang='lat' dir='ltr'>Samnite:</span> <span class='ocrx_word' id='word_1_416' title='bbox 1468 2680 1655 2725; x_wconf 84' lang='lat' dir='ltr'>proscripti</span> 
     </span>
     <span class='ocr_line' id='line_1_77' title="bbox 944 2728 1656 2769; baseline -0.011 -1"><span class='ocrx_word' id='word_1_417' title='bbox 944 2746 963 2768; x_wconf 91' lang='lat' dir='ltr'>a</span> <span class='ocrx_word' id='word_1_418' title='bbox 989 2734 1086 2769; x_wconf 81' lang='lat' dir='ltr'>Sulla</span> <span class='ocrx_word' id='word_1_419' title='bbox 1107 2734 1207 2768; x_wconf 89' lang='lat' dir='ltr'>Decii</span> <span class='ocrx_word' id='word_1_420' title='bbox 1237 2733 1396 2765; x_wconf 84' lang='lat' dir='ltr'>meminit</span> <span class='ocrx_word' id='word_1_421' title='bbox 1423 2729 1549 2763; x_wconf 76' lang='lat' dir='ltr'>Cicero</span> <span class='ocrx_word' id='word_1_422' title='bbox 1566 2728 1656 2763; x_wconf 89' lang='lat' dir='ltr'>Clu-</span> 
     </span>
     <span class='ocr_line' id='line_1_78' title="bbox 944 2778 1656 2822; baseline -0.01 -5"><span class='ocrx_word' id='word_1_423' title='bbox 944 2788 1015 2817; x_wconf 84' lang='lat' dir='ltr'>ent.</span> <span class='ocrx_word' id='word_1_424' title='bbox 1048 2783 1105 2818; x_wconf 81' lang='lat'>59.</span> <span class='ocrx_word' id='word_1_425' title='bbox 1231 2781 1329 2814; x_wconf 81' lang='lat' dir='ltr'>Bruti</span> <span class='ocrx_word' id='word_1_426' title='bbox 1359 2790 1423 2822; x_wconf 80' lang='lat' dir='ltr'>pro</span> <span class='ocrx_word' id='word_1_427' title='bbox 1463 2778 1656 2811; x_wconf 82' lang='lat' dir='ltr'>Deiotaro:</span> 
     </span>
     <span class='ocr_line' id='line_1_79' title="bbox 946 2825 1654 2872; baseline -0.008 -7"><span class='ocrx_word' id='word_1_428' title='bbox 946 2832 1036 2865; x_wconf 86' lang='lat' dir='ltr'>hanc</span> <span class='ocrx_word' id='word_1_429' title='bbox 1061 2830 1306 2864; x_wconf 81' lang='lat' dir='ltr'>defensionem</span> <span class='ocrx_word' id='word_1_430' title='bbox 1323 2827 1476 2861; x_wconf 66' lang='lat' dir='ltr'>Nicaeae</span> <span class='ocrx_word' id='word_1_431' title='bbox 1497 2830 1546 2872; x_wconf 81' lang='lat' dir='ltr'>(a.</span> <span class='ocrx_word' id='word_1_432' title='bbox 1565 2825 1654 2870; x_wconf 86' lang='lat'><strong>707)</strong></span> 
     </span>
     <span class='ocr_line' id='line_1_80' title="bbox 946 2873 1652 2914; baseline -0.008 -2"><span class='ocrx_word' id='word_1_433' title='bbox 946 2879 1098 2914; x_wconf 81' lang='lat' dir='ltr'>habitam</span> <span class='ocrx_word' id='word_1_434' title='bbox 1135 2877 1262 2911; x_wconf 88' lang='lat' dir='ltr'>Cicero</span> <span class='ocrx_word' id='word_1_435' title='bbox 1304 2879 1474 2909; x_wconf 83' lang='lat' dir='ltr'>memorat</span> <span class='ocrx_word' id='word_1_436' title='bbox 1506 2873 1550 2907; x_wconf 87' lang='lat' dir='ltr'>ad</span> <span class='ocrx_word' id='word_1_437' title='bbox 1580 2873 1652 2908; x_wconf 83' lang='lat' dir='ltr'>Att.</span> 
     </span>
     <span class='ocr_line' id='line_1_81' title="bbox 944 2928 1086 2962; baseline -0.021 0"><span class='ocrx_word' id='word_1_438' title='bbox 944 2928 1023 2962; x_wconf 76' lang='lat' dir='ltr'>xlv</span> <span class='ocrx_word' id='word_1_439' title='bbox 1058 2930 1086 2959; x_wconf 85' lang='lat'>1.</span> 
     </span>
    </p>

    <p class='ocr_par' dir='ltr' id='par_1_26' title="bbox 1015 2970 1653 3019">
     <span class='ocr_line' id='line_1_82' title="bbox 1015 2970 1653 3019; baseline -0.009 -9"><span class='ocrx_word' id='word_1_440' title='bbox 1015 2976 1084 3010; x_wconf 81' lang='lat' dir='ltr'>nisi</span> <span class='ocrx_word' id='word_1_441' title='bbox 1108 2974 1215 3019; x_wconf 81' lang='lat' dir='ltr'>qui-</span> <span class='ocrx_word' id='word_1_442' title='bbox 1236 2973 1406 3007; x_wconf 78' lang='lat' dir='ltr'>miratur:</span> <span class='ocrx_word' id='word_1_443' title='bbox 1433 2970 1526 3017; x_wconf 88' lang='lat' dir='ltr'>quod</span> <span class='ocrx_word' id='word_1_444' title='bbox 1546 2980 1653 3016; x_wconf 86' lang='lat' dir='ltr'>prae-</span> 
     </span>
    </p>
   </div>
  </div>
 </body>
</html>
