1768 3216
119 211 296 253 ιαᾶο.

679 212 819 250 LIBER
842 213 883 250 12·
926 212 1018 250 Gn.
1047 215 1081 250 1.
1613 217 1639 250 3

120 317 271 389 viginti
302 332 461 388 prioris
490 332 586 376 aevi
618 344 754 375 annos
786 333 904 376 multi
929 337 1126 376 auctores
1151 331 1414 387 rettulerunt,
1449 332 1546 375 dum
1566 344 1638 376 res

119 408 264 464 populi
315 409 494 452 Romani
532 408 897 463 memorabantur,
939 409 1032 465 pari
1073 408 1311 464 eloquentia
1342 422 1393 451 ac
1421 408 1639 452 libertate:

118 488 340 540 postquam
371 482 568 528 bellatum
599 484 708 539 apud
741 483 910 528 Actium
943 488 1067 540 atque
1113 498 1278 528 omnem
1315 485 1544 540 potentiam
1585 485 1640 528 ad

119 556 475 609 uuumflconi'erri
514 559 632 615 pacis
673 559 885 615 interfuit,
927 572 1081 618 magna
1124 560 1194 603 illa
1234 560 1406 617 ingenia
1446 573 1641 614 cessere3

258 718 294 756 3.
317 718 513 767 potentiam
538 717 614 754 Mat
636 723 846 767 potestatem
870 717 943 755 BG.

122 893 181 921 res
206 883 333 932 populi
367 883 518 920 Romani
555 885 672 921 libera
698 885 848 922 civitate

123 939 426 981 composuerunt,
470 939 723 982 comparantur
767 946 847 971 cum

122 984 169 1019 iis
193 984 256 1032 qui
281 988 364 1030 post
389 994 546 1030 pugnam
573 984 669 1030 apud
701 985 848 1020 Actium

123 1034 350 1068 commissam
376 1033 473 1068 tacta
497 1043 691 1081 moresque
710 1033 848 1070 Gaesa-

123 1088 202 1118 rum
222 1081 448 1118 tradiderunt
465 1084 518 1128 (c.
536 1085 590 1131 1),
617 1089 690 1118 tum
711 1095 849 1118 summa

122 1141 244 1217 353:
266 1132 848 1218 fflssssssss-ff’d’ssfblssb‘ssssnssssffifi

123 1240 240 1278 usque
265 1229 310 1266 ad
336 1230 483 1266 caedem
518 1230 718 1267 Domitiani
746 1235 799 1279 (c.
827 1234 850 1268 2

126 1280 231 1328 -31,
255 1284 438 1326 postremo
465 1281 591 1326 paucis
615 1292 723 1327 supra
738 1292 848 1328 repe-

125 1328 225 1372 titur,
237 1327 356 1376 qualis
369 1334 484 1364 statue
502 1330 615 1374 urbis,
634 1341 727 1378 qnae
747 1341 848 1366 mens

125 1379 372 1422 exercituum,
410 1381 492 1425 quis
526 1379 670 1415 habitus
696 1381 847 1426 provin-

126 1427 276 1472 ciarum,
302 1427 390 1475 quid
406 1429 444 1463 in
466 1432 543 1463 toto
562 1433 737 1464 terrarum
760 1431 849 1465 orbe

124 1476 305 1522 ulidnm,
346 1477 432 1523 quid
471 1488 621 1525 aegrum
656 1479 768 1514 fuerit
795 1482 848 1526 (c.

124 1525 280 1574 4-11).
332 1525 390 1561 cf.
416 1526 596 1563 Prooemii
628 1530 742 1564 nostri
769 1540 848 1575 cap.

124 1574 149 1611 8
175 1580 212 1610 et
239 1575 264 1611 9
290 1580 327 1610 et
355 1576 412 1611 14.

190 1625 338 1660 Ser-vim
362 1624 478 1660 Galba
502 1627 630 1662 iterum
659 1627 751 1662 Titus
786 1627 850 1663 Vn·-

124 1674 206 1709 niae
256 1673 422 1709 consules*
455 1682 579 1710 erunt.-
620 1677 846 1711 consulatum

127 1723 392 1758 inchoaverunt
428 1722 575 1759 kalend.
614 1725 791 1759 ianuariis
815 1735 848 1759 a.

125 1771 199 1809 822
212 1771 257 1806 ab
272 1771 362 1806 urbe
375 1772 456 1807 sive
478 1772 526 1808 69
542 1783 562 1807 ιι
581 1771 726 1808 Christo
743 1778 849 1816 nat03

128 1832 159 1856 c.
191 1822 232 1856 11
263 1826 354 1856 extr.
382 1821 523 1856 Gruteri
550 1822 714 1868 inscript.
731 1833 765 1868 p.
782 1822 851 1858 189

126 1870 162 1914 3,
188 1869 374 1905 Muratorii
401 1874 427 1904 t.
455 1869 470 1905 1
495 1881 530 1916 p.
560 1871 631 1907 307
659 1873 693 1907 5.
738 1871 849 1906 Cete-

62 1953 67 1956 .
125 1929 204 1953 rum
215 1917 358 1954 Tacitus
371 1929 503 1954 nomen
520 1919 736 1956 abstractum
754 1920 851 1967 quod

126 1978 298 2003 vocamus
340 1969 541 2004 evitatus-us
586 1981 659 2005 non
706 1971 852 2015 scripsit

126 2017 220 2052 alter
252 2018 372 2052 Ser-vii
405 2018 540 2053 Galbae
578 2026 610 2054 et
649 2020 715 2055 Tin·
757 2019 852 2054 Vinii
881 2035 883 2037 ·

126 2066 342 2111 consutam,
371 2067 435 2102 sed
452 2068 540 2113 ipsis
561 2068 766 2103 hominibus
785 2079 849 2114 pro

127 2116 305 2163 dignitate
332 2125 457 2151 eorum
484 2118 613 2162 positis
636 2118 735 2153 dedit
760 2119 850 2152 Ser-

125 2166 204 2200 vius
254 2165 369 2201 Galba
406 2167 533 2201 iterum
582 2167 674 2202 Titus
729 2166 851 2202 Vinius

127 2214 299 2250 consules.
351 2214 477 2250 Simile
514 2215 584 2251 hoc
621 2221 676 2251 est
718 2217 751 2250 ei
791 2216 850 2251 lo-

127 2263 261 2310 quendi
289 2265 415 2311 generi
450 2265 546 2310 quod
581 2267 703 2300 notavi
730 2265 774 2299 ad
801 2265 850 2300 ΙΙΙ

131 2313 188 2348 13.
239 2313 334 2347 Ante
361 2313 488 2347 consul
515 2314 627 2349 Galba
662 2315 782 2349 fuerat
816 2326 849 2350 a.

126 2360 312 2397 786=33
339 2362 505 2408 principe
531 2362 695 2398 Tiberio:
725 2363 772 2398 vl
808 2365 851 2399 15

128 2414 165 2444 et
191 2410 252 2446 20.
303 2411 452 2446 Sueton.
480 2411 580 2450 Galb,
607 2413 642 2448 6.

212 2459 300 2505 pari
339 2459 541 2506 eloquentia
581 2473 626 2496 ac
669 2461 852 2497 libertate:

129 2506 221 2542 haec
245 2519 319 2543 non
347 2509 516 2544 dicuntur
548 2510 592 2546 de
627 2516 704 2546 toto
730 2512 852 2546 octin-

129 2561 320 2602 gentorum
346 2560 480 2605 viginti
515 2570 690 2595 annorum
717 2562 847 2606 spatio,

127 2604 194 2639 sed
228 2605 274 2641 de
309 2617 352 2642 eo
392 2613 555 2654 tempore
594 2609 689 2655 quod
729 2610 852 2645 vei-bis

131 2653 212 2688 dam
235 2667 294 2690 res
329 2656 451 2703 populi
483 2659 639 2694 Romam·
672 2671 850 2694 memora-

129 2702 259 2738 tantm·
295 2703 482 2740 definitum
522 2712 589 2742 est.
645 2708 759 2743 Rebus
781 2720 850 2755 po-

125 2751 203 2797 puli
227 2753 383 2788 Romani
417 2757 606 2800 oppositae
645 2759 852 2803 cogitantur

128 2811 187 2835 ree
210 2803 337 2847 unius,
376 2803 420 2838 ad
455 2815 561 2850 quem
587 2810 669 2850 post
693 2817 851 2853 pugnam

129 2848 312 2885 Actiacam
342 2862 483 2887 omnem
505 2857 702 2899 potentiam
717 2855 851 2890 deferri

129 2899 229 2941 pacis
259 2900 437 2936 interfuit.

202 2958 338 2983 omnem
347 2951 541 2996 potentiam
558 2951 607 2985 ad
629 2962 739 2987 unum
762 2963 851 2986 con-

131 2995 224 3041 ferri
244 2999 348 3044 pacis
360 3000 544 3046 interfuit:
569 3002 733 3046 potentia
759 3011 851 3048 quae

914 884 1100 919 nominata
1126 887 1182 919 est
1207 894 1229 918 a
1258 888 1400 931 potente
1436 886 1567 918 statum
1605 887 1642 918 et

916 933 1162 969 conditionem
1190 934 1350 979 potentis
1371 932 1518 978 indicat,
1548 943 1641 980 quae

916 983 961 1018 ab
1002 983 1081 1018 eius
1120 993 1276 1028 persona
1311 982 1470 1029 disiungi
1515 983 1642 1029 nequit

916 1043 1084 1079 quaeque
1110 1043 1191 1067 cum
1226 1037 1376 1078 potente
1411 1033 1490 1077 ipsa
1517 1033 1642 1067 extin-

917 1082 1052 1130 guitur.
1095 1082 1258 1117 Potestas
1285 1087 1405 1117 autem
1435 1092 1528 1128 quae
1546 1081 1642 1116 dicta

917 1136 972 1166 est
995 1142 1016 1166 a
1035 1137 1172 1179 potesse
1187 1131 1371 1179 siguificat
1389 1131 1641 1166 auctoritatem

917 1185 1129 1224 externam,
1167 1191 1238 1228 qua
1277 1182 1339 1228 qui
1379 1186 1526 1215 ornatus
1572 1185 1640 1225 est,

917 1231 1081 1277 quamvis
1106 1235 1232 1265 natura
1249 1241 1315 1265 sua
1338 1229 1558 1274 imbecillus,
1576 1241 1642 1265 ce-

917 1281 1004 1315 teris
1025 1280 1227 1326 praecellit.
1274 1279 1328 1314 Ea
1356 1279 1512 1313 hominis
1533 1290 1642 1324 prae-

916 1330 1047 1364 stantia
1074 1329 1258 1364 mutabilis
1286 1334 1342 1364 est
1371 1333 1408 1363 et
1432 1328 1476 1363 ad
1499 1333 1642 1373 tempus

916 1379 1097 1423 duratura,
1124 1379 1203 1424 ipsa
1231 1383 1351 1414 autem
1380 1389 1460 1412 cum
1488 1389 1644 1424 persona

916 1430 1076 1474 potentis
1102 1438 1175 1462 non
1201 1429 1307 1463 simul
1339 1428 1473 1462 desinit
1500 1433 1642 1463 cessat-

917 1489 1000 1524 que,
1027 1477 1091 1513 sed
1118 1477 1262 1524 legibus
1284 1477 1432 1512 definita
1450 1477 1494 1512 ad
1512 1488 1643 1524 quem-

917 1539 1071 1574 cumque
1097 1526 1208 1561 alium
1226 1526 1360 1562 deferri
1379 1531 1510 1572 potest.
1542 1527 1643 1570 Qua-

916 1582 1065 1622 propter
1098 1576 1328 1611 tribuniciam
1361 1582 1569 1623 potestatem
1600 1587 1643 1610 ac

916 1628 1133 1672 praetoriam
1150 1626 1451 1671 consularemque
1475 1625 1643 1668 dicimus,

917 1675 1113 1710 tribunicia
1145 1680 1266 1709 autem
1289 1675 1450 1721 potentia
1482 1684 1555 1707 non
1582 1673 1642 1707 di-

917 1725 1011 1758 citur
1037 1733 1157 1769 neque
1175 1725 1357 1768 praetoria
1375 1723 1639 1766 consularisve,

917 1772 1013 1818 quod
1029 1783 1096 1807 eae
1113 1772 1310 1819 dignitates
1330 1772 1534 1818 potentium
1553 1782 1642 1818 per-
1679 1794 1683 1799 -

917 1822 1016 1855 sonis
1067 1831 1139 1855 non
1190 1821 1371 1856 obnoxiae
1418 1826 1514 1857 sunt.
1567 1820 1641 1855 lam

917 1870 1093 1916 principis
1118 1870 1269 1906 Romani
1293 1871 1483 1916 imperium
1510 1875 1641 1918 quate-

916 1930 984 1954 nus
1019 1930 1039 1954 a
1074 1924 1203 1954 senatu
1236 1920 1442 1964 confertur,
1485 1926 1642 1967 potestas

918 1974 992 2012 est,
1041 1969 1106 2004 sed
1142 1969 1237 2004 idem
1280 1969 1363 2004 dum
1414 1969 1642 2013 nascebatur,

919 2029 999 2052 cum
1026 2028 1098 2052 non
1125 2029 1196 2052 una
1222 2019 1344 2065 aliqua
1370 2023 1551 2064 potestas,
1579 2018 1643 2054 sed

918 2067 1041 2112 plures
1068 2069 1214 2102 iunctae
1242 2074 1278 2103 et
1304 2068 1554 2103 accumulatae
1580 2078 1643 2103 es-

917 2122 1010 2161 sent,
1039 2127 1127 2162 quas
1154 2128 1247 2151 unus
1276 2118 1320 2152 ad
1347 2128 1388 2152 se
1415 2119 1522 2152 traxit
1544 2117 1644 2164 legi-

918 2166 984 2200 bus
1022 2171 1058 2200 et
1091 2167 1266 2201 institutis
1292 2167 1467 2202 maiorum
1501 2168 1644 2201 omissis

917 2216 978 2250 vel
1006 2217 1249 2261 contemptis,
1286 2217 1446 2262 potentia
1479 2216 1645 2263 (Hacht-

917 2265 1025 2310 saetlle,
1076 2265 1301 2310 qebietender
1336 2266 1513 2312 Einfluss)
1560 2265 1642 2300 fuit.

919 2314 1010 2348 Hinc
1045 2312 1188 2348 Tacitus
1230 2315 1274 2349 de
1307 2315 1494 2358 Arminio,
1542 2315 1645 2348 cuius

918 2364 1081 2408 potentia
1120 2363 1248 2398 saltem
1287 2364 1324 2397 in
1360 2363 1467 2397 rebus
1499 2362 1645 2397 bellicis

920 2411 1049 2446 similis
1080 2418 1158 2447 erat
1182 2413 1374 2458 principali
1390 2413 1644 2456 Romanorum,

919 2460 951 2495 11
983 2461 1053 2497 88:
1094 2468 1226 2508 septem
1266 2467 1298 2496 et
1335 2462 1485 2508 triqinta
1530 2472 1646 2496 annos

920 2511 1036 2554 vitae,
1070 2510 1253 2545 duodecim
1275 2512 1455 2557 potentiae
1480 2510 1644 2557 explevit.

920 2559 1018 2594 Idem
1047 2559 1095 2594 vl
1121 2562 1187 2596 20:
1216 2571 1315 2605 quem
1343 2559 1510 2606 (Galbam
1535 2559 1644 2594 Tibe-

921 2610 1015 2656 rius)
1043 2630 1089 2636 —
1113 2610 1153 2643 in
1183 2609 1278 2644 hanc
1303 2610 1514 2644 sententiam
1540 2608 1645 2643 adlo-

922 2664 1021 2693 cutus
1048 2664 1109 2700 est,
1135 2658 1181 2692 ‘et
1207 2664 1255 2701 tu,
1280 2658 1406 2702 Galba,
1438 2658 1646 2702 quandoque

921 2707 1119 2753 dequstaln's
1132 2707 1340 2754 imperimn’,
1357 2718 1474 2742 seram
1496 2717 1541 2739 ac
1562 2705 1645 2739 bre-

921 2767 996 2790 vem
1019 2758 1214 2803 potentiam
1237 2757 1454 2802 siqnificans.
1502 2753 1551 2788 ΙΙΙ
1575 2754 1644 2789 69:

922 2806 1009 2840 satis
1020 2817 1166 2840 onerum
1182 2806 1412 2851 principibus,
1428 2803 1516 2837 sacis
1540 2803 1647 2837 etiam

918 2855 1110 2900 potentiae.
1153 2854 1194 2887 H.
1225 2853 1239 2886 1
1271 2854 1335 2887 13:
1358 2853 1518 2898 potentia
1538 2853 1646 2899 prin-

922 2905 1060 2949 cipatus
1080 2903 1193 2936 divisa
1211 2902 1250 2934 in
1272 2901 1381 2935 Titum
1399 2900 1539 2936 Vinium
1556 2904 1647 2936 con-T

921 2952 1032 2986 sulem
1046 2963 1091 2985 ac
1111 2949 1314 2986 cornelium
1330 2951 1510 2986 Laconem
1529 2962 1644 2998 prae-

923 3001 1007 3036 corii
1028 3001 1263 3046 praesectum.
