1768 3216
166 211 236 245 192
748 203 1055 240 HISTORIARVM
1088 231 1090 233 -
1442 217 1474 242 a.
1503 216 1540 242 ιι.
1568 206 1653 245 822.

165 325 382 367 adsecutus
415 320 695 363 centurionum
727 319 979 373 militumque
1013 320 1172 361 animos
1204 319 1437 362 obstinatos
1468 333 1544 376 pro
1575 322 1653 364 vi-

162 399 272 440 tellio
305 396 428 438 variis
461 394 614 435 artibus
646 393 892 436 subruebat:
936 394 1066 437 Basso
1106 395 1252 436 eadem
1284 394 1472 437 molienti
1516 396 1654 438 minor

162 472 375 514 difficultas
407 473 508 521 erat,
541 468 699 510 lubrica
731 468 782 510 ad
815 469 1050 510 mutandam
1080 469 1203 512 fidem
1236 469 1373 512 classe
1405 469 1459 512 ob
1486 481 1653 513 memo-

158 544 471 587 fianirecenfis
502 556 576 598 pro
608 543 770 586 (Hhone
800 543 984 586 nfihfiae.

290 671 348 751 {ia
369 668 513 703 Corneli
537 668 637 703 taciti
661 667 749 702 liber
777 669 1096 709 octavusdecimus
1123 669 1266 716 explicit
1292 669 1422 716 Incipit
1446 680 1562 705 nonus
1585 669 1649 705 de-

155 730 261 753 cimus
353 745 359 752 .

154 836 215 871 sed
241 834 388 870 eandem
414 836 459 870 ob
485 846 625 870 causam
649 836 757 871 verba
770 847 859 882 pro-
1013 836 1165 871 recentis
1197 847 1261 881 pro
1301 835 1437 871 Othone
1471 836 1620 872 militiae
1636 848 1648 871 .·

155 886 223 920 dito
255 884 365 920 Galba
392 890 631 920 accesserunt.
930 895 962 919 ν.
993 884 1034 920 Η.
1063 885 1076 919 1
1103 885 1163 929 87,
1189 884 1220 919 11
1249 884 1293 920 14
1319 889 1355 920 et
1381 885 1442 922 28.

658 1291 831 1340 LIBER
868 1289 1132 1339 TERTIVS.

579 1517 984 1560 BREVIARIVM
1032 1516 1219 1560 LIBRI.

287 1637 374 1683 Cap.
406 1637 547 1672 1—35:
588 1637 731 1682 Illyrici
756 1639 930 1672 exercitus
954 1638 992 1671 in
1019 1636 1164 1672 Italiam
1189 1637 1412 1683 irrumpunt,
1445 1634 1652 1671 Vitellianos

150 1697 346 1732 devincunt.
410 1697 526 1731 Duces
547 1698 703 1743 partium
732 1698 985 1732 Flavianarum
1012 1697 1254 1732 Poetovionem
1281 1696 1489 1731 Pannoniae
1516 1707 1646 1731 conoe-

149 1758 273 1800 niune,
301 1756 425 1791 bellum
449 1758 663 1801 decernunt,
694 1759 807 1792 socios
834 1757 1018 1801 alliciunt,
1052 1759 1258 1792 instinctore
1286 1757 1442 1792 Antonio
1469 1756 1586 1793 Primo
1612 1757 1648 1804 (1

186 1817 359 1861 ——5).cm·
383 1817 589 1851 vexillarios
629 1829 646 1850 e
676 1817 875 1851 cohortibus
918 1824 949 1851 et
974 1823 1113 1863 partem
1150 1819 1301 1862 equitum
1334 1819 1374 1851 in
1409 1816 1553 1852 Italiam
1578 1828 1645 1853 ra-

148 1877 260 1921 pienti
284 1887 395 1910 comes
421 1876 549 1910 Arrius
585 1876 710 1919 Varus,
736 1882 896 1910 strenuus
922 1876 1023 1911 bello.
1086 1877 1206 1911 Laetis
1232 1878 1360 1911 animis
1383 1878 1422 1910 in
1449 1877 1559 1913 Italia
1584 1889 1650 1912 ac-

153 1936 353 1981 cipiuntur,
393 1942 462 1970 tres
490 1936 648 1970 cohortes
684 1936 893 1970 Vitellianas
928 1938 1137 1983 opprimunt.
1212 1936 1358 1982 Vulqata
1383 1938 1534 1976 victoria
1559 1937 1650 1984 legio

150 1996 294 2040 septima
328 1994 505 2030 Galbiana
550 2002 580 2029 et
624 1996 868 2030 tertiadecima
904 1996 1051 2031 Gemina
1093 1997 1277 2031 Patavium
1311 1996 1452 2032 alacres
1490 1998 1644 2032 veniunt.

158 2054 298 2090 Verona
323 2056 420 2091 sedes
447 2056 528 2090 belli
564 2056 738 2090 destinata
776 2057 914 2103 (6-8).
979 2057 1125 2091 Interim
1152 2057 1310 2091 Caecina
1348 2058 1457 2104 copiis
1496 2057 1650 2092 validior

150 2126 216 2161 per
241 2117 362 2150 varias
387 2127 505 2150 moras
529 2117 646 2161 prima
673 2115 824 2150 hostibus
847 2123 1004 2163 tempora
1026 2117 1147 2163 prodit
1171 2118 1236 2162 (9).
1279 2117 1434 2151 Antonio
1460 2117 1651 2152 adveniunt

144 2181 292 2221 praeter
316 2177 495 2222 septimam
517 2175 753 2210 claudianam
772 2165 979 2222 tertialeqio
999 2182 1030 2210 et
1047 2183 1185 2212 octava.
1228 2177 1360 2211 Seditio
1383 2177 1530 2212 militum
1542 2171 1649 2224 aegre

150 2236 305 2269 coercita
330 2236 373 2269 ab
390 2235 556 2279 Antonio,
582 2237 680 2270 cuius
697 2238 892 2271 auctoritas
908 2238 1069 2280 increvit,
1094 2237 1204 2284 pulsis
1220 2237 1427 2272 Pannoniae
1448 2243 1480 2272 et
1493 2238 1651 2273 Moesiae

149 2295 273 2339 leyatis
301 2295 544 2330 consularibus
571 2297 755 2343 (10-11).
825 2298 868 2331 In
889 2298 1051 2344 partibus
1087 2297 1282 2332 Vitellianis
1317 2298 1497 2332 discordia
1521 2298 1650 2332 exitio-

150 2357 233 2389 sior.
285 2355 416 2390 Classis
447 2356 570 2400 deficit,
593 2357 750 2410 Caecina
775 2369 858 2392 suas
886 2359 1005 2404 copias
1032 2359 1227 2393 traditurus
1252 2360 1427 2403 vincitur,
1455 2359 1554 2406 ipsae
1587 2358 1650 2394 Vn·-

150 2414 243 2448 tellio
269 2416 360 2458 fidae
383 2416 577 2459 Hostiliam,
606 2417 687 2451 inde
706 2417 916 2452 Cremonam
941 2424 1103 2464 perqunt,
1130 2424 1167 2452 ut
1195 2418 1390 2464 leyionibus
1411 2419 1551 2465 primae
1570 2418 1649 2453 Ita-

149 2473 239 2507 licae
267 2480 298 2508 et
326 2476 607 2510 unietvicesimae
645 2477 876 2523 iungerentur
910 2469 1100 2526 (12-145.
1163 2479 1243 2512 Iam
1269 2478 1444 2513 Antonius
1473 2478 1651 2521 discordes

149 2536 287 2578 animis,
319 2535 485 2570 discretos
508 2537 638 2571 viribus
664 2538 812 2583 a99redi
839 2540 970 2573 statuit.
1036 2539 1202 2573 Unioerso
1230 2549 1309 2573 cam
1333 2539 1492 2572 exercitu
1517 2549 1646 2572 secun-

150 2595 201 2629 dis
228 2606 251 2628 a
284 2595 422 2630 Verona
449 2597 574 2630 castris
601 2597 813 2632 Bedriacum
838 2600 943 2633 venit.
990 2598 1045 2632 lbi
1067 2598 1241 2645 proelium
1265 2598 1402 2633 avidius
1427 2609 1530 2643 quam
1556 2609 1646 2632 caa-

148 2655 214 2689 tius
241 2662 422 2702 coeptum,
461 2669 541 2691 mox
567 2657 758 2691 Flavianis
792 2659 947 2702 iniquum
972 2659 1180 2704 fortitudine
1217 2664 1249 2693 et
1277 2658 1477 2693 constantia
1498 2648 1650 2693 {intonit

149 2717 365 2760 restituitur,·
398 2717 578 2752 Vitelliani
605 2719 814 2752 Cremonam
840 2719 971 2765 repulsi
997 2720 1184 2768 (15-18).
1253 2720 1326 2762 Quo
1353 2731 1515 2762 successu
1541 2719 1646 2765 ferox

151 2777 322 2810 exercitus
349 2775 541 2811 Flavianus
569 2778 802 2822 Cremonam,
835 2781 991 2823 quamvis
1014 2781 1167 2814 instante
1194 2785 1314 2823 nocte,
1353 2789 1558 2824 expugnare
1580 2777 1647 2812 de-

147 2830 279 2878 poscit,
319 2837 379 2869 sed
403 2839 525 2871 nuntio
555 2839 733 2872 cohibetur
770 2851 832 2872 sea:
865 2839 1072 2874 Vitellianas
1099 2840 1252 2886 leyiones
1278 2850 1478 2883 omnemque
1506 2838 1646 2872 exerci—

153 2898 220 2926 tum
249 2895 305 2938 qui
332 2896 501 2930 Hostiliae
532 2892 662 2943 eyerat,
691 2899 791 2933 modo
819 2899 1010 2942 advenissc,
1038 2906 1281 2946 compertaque
1307 2894 1448 2933 suorum
1474 2897 1582 2938 clade>
1600 2897 1648 2931 ad

148 2963 302 2999 pugnam
330 2956 469 3002 accingi
504 2967 547 2990 ac
581 2959 653 2992 iam
681 2959 804 3006 affore.
870 2959 1029 2995 Alterum
1062 2960 1238 3007 proelium
1270 2964 1377 3001 nocta
1409 2958 1642 3005 comminuta·
