1768 3216
172 249 242 285 106
741 242 802 277 DE
835 241 1123 278 ORATORIBVS

171 365 295 407 modo
327 365 439 405 circa
469 361 672 413 Medeam,
718 372 821 402 ecce
858 372 968 401 nunc
1010 359 1123 401 eirca
1165 359 1383 414 Thyestem
1426 369 1663 411 consumas,

170 453 261 481 cum
288 443 328 479 te
357 442 418 479 tot
446 437 675 479 amicorum
709 448 876 489 causae,
908 439 969 476 tot
1000 434 1257 477 coloniarum
1289 438 1329 476 et
1349 433 1664 487 municipiorum

169 512 385 554 clientelae
416 513 458 552 in
490 512 625 553 forum
656 515 823 563 vocent,
859 510 1006 564 quibus
1033 510 1102 551 vix
1123 508 1357 561 suffeceris,
1390 507 1552 550 etiamsi
1580 519 1665 549 non

166 599 319 628 novum
350 586 425 628 tibi
455 587 543 639 ipse
573 586 786 640 negotium
818 585 1104 639 importasses‚
1133 584 1355 625 Domitium
1385 586 1426 624 et
1444 582 1658 634 Catonem,

134 662 207 703 sid
240 666 316 714 est,
348 665 513 702 nostras
547 672 711 714 quoque
741 659 936 701 historias
969 663 1009 700 et
1040 660 1226 701 Romana
1257 658 1440 710 nomina,
1473 657 1664 700 Graeco—

165 748 254 777 rum
284 735 432 777 fabulis
463 735 713 789 adgregare.

301 810 351 850 Et
369 809 591 860 Maternus,
625 807 896 849 Perturbarer
915 807 995 848 hac
1015 810 1082 848 tua
1099 806 1338 859 severitate,
1363 806 1446 848 nisi
1468 806 1664 860 frequens
1682 814 1709 852 «ι

165 888 206 925 et
236 883 410 925 adsidua
442 883 562 924 nobis
600 882 812 923 contentio
844 882 928 923 iam
959 894 1089 936 prope
1120 882 1162 923 in
1193 881 1538 923 consuetudinem
1559 893 1661 922 ver-

165 958 294 999 tisset.
353 957 455 998 Nam
487 969 565 998 nec
596 961 639 998 tu
669 957 830 1011 agitare
861 961 902 998 et
932 957 1094 1010 insequi
1137 959 1281 1010 poetas
1320 956 1578 1007 intermittis,
1621 960 1662 997 et

114 1043 152 1073 10
166 1044 262 1086 ego,
295 1031 362 1072 cui
393 1031 595 1073 desidiam
625 1031 945 1072 advocationum
975 1031 1124 1083 obicis,
1157 1030 1441 1084 quotidianum
1469 1030 1551 1072 hoc
1581 1023 1665 1083 pa-'

165 1105 385 1146 trocinium
418 1104 709 1146 defendendae
752 1105 954 1146 adversus
993 1109 1032 1146 te
1070 1105 1264 1158 poeticae
1306 1115 1502 1146 exerceo.
1573 1105 1664 1154 Quo

165 1179 298 1221 laetor
327 1179 459 1233 magis
491 1178 672 1220 oblatum
704 1179 825 1219 nobis
857 1178 1066 1230 iudicem,
1120 1178 1189 1231 qui
1218 1191 1283 1219 me
1315 1177 1381 1219 vel
1413 1178 1454 1218 in
1484 1177 1663 1219 futurum

166 1257 276 1294 vetet
306 1264 452 1294 versus
485 1253 642 1305 facere,
674 1253 756 1304 vel,
790 1253 900 1306 quod
932 1253 1013 1294 iam
1046 1252 1206 1306 pridem
1242 1257 1365 1306 opto,
1394 1265 1467 1294 sua
1501 1264 1666 1306 quoque

167 1327 411 1368 auctoritate
437 1326 655 1380 compellat
683 1331 727 1367 ut
757 1327 925 1368 omissis
954 1327 1184 1369 sorensium
1205 1339 1425 1369 causarum
1441 1327 1662 1382 angustiis,

264 1480 293 1513 1.
323 1479 478 1513 thiestem
506 1479 540 1513 Ρ.
1357 1480 1391 1516 4.
1419 1481 1602 1527 neqocium
1626 1481 1662 1516 P.

165 1527 197 1560 5.
224 1535 310 1563 nola
329 1527 365 1562 P.
485 1538 695 1573 qraecorum
720 1528 761 1562 P:
790 1528 817 1562 F
844 1533 879 1563 et
905 1529 966 1563 alii
995 1529 1260 1564 Graeculorum.
1373 1529 1420 1566 ,6.
1449 1541 1665 1576 aqqreyares

162 1585 240 1608 cum
268 1577 397 1610 ceteris
424 1576 468 1609 P:
497 1587 686 1611 correxere
713 1578 868 1612 Muretus
897 1583 932 1611 et
960 1577 1141 1612 Pithoeus.
1237 1579 1271 1613 8.
1303 1578 1447 1612 assidua
1472 1578 1508 1612 P.
1605 1579 1660 1615 10.

161 1623 280 1658 obiicis
308 1624 344 1657 P.
431 1627 483 1660 13.
511 1626 717 1670 iampridem
748 1626 783 1660 P.
861 1627 915 1661 14.
946 1627 1136 1661 autoritate
1161 1625 1197 1660 P.
1262 1638 1451 1661 causarum
1476 1626 1556 1661 FP:
1585 1639 1660 1662 mu-

162 1683 282 1706 sarum
309 1673 485 1708 editiones
512 1679 667 1708 veteres.

618 1481 651 1515 3.
679 1480 859 1526 suffeceris
885 1480 965 1514 FP:
994 1480 1054 1514 alii
1081 1481 1270 1526 sufficeres.

231 1817 310 1839 ecce
337 1817 430 1839 nmtc
457 1807 555 1841 circa
582 1807 774 1853 Thyestem:
804 1820 875 1843 non

159 1855 236 1887 sine
271 1856 459 1888 miratione
493 1866 573 1890 sese
612 1857 752 1891 audisse
778 1858 875 1902 Aper

161 1902 291 1936 fatetur
325 1903 518 1938 Maternum
556 1906 590 1937 in
632 1915 675 1939 eo
718 1917 797 1941 esse
837 1911 874 1939 ut

159 1960 286 1984 novam
313 1951 470 1985 fabulam
498 1958 699 1996 componat.

231 2020 419 2054 Domitium
448 2028 479 2055 et
508 2023 700 2057 Catonem:
746 2025 872 2059 Domi-

157 2067 227 2101 tius
257 2074 309 2101 est
337 2071 391 2102 cui
426 2075 504 2113 post
541 2071 770 2115 adoptionem
798 2074 871 2108 Ne-

156 2116 252 2148 ronis
286 2123 562 2162 cog-nomentum
598 2119 753 2154 additum
790 2123 870 2167 qui-

156 2174 225 2208 que
263 2171 399 2199 mortuo
439 2165 588 2200 Claudio
629 2167 781 2203 Caesare
828 2170 870 2203 ad

155 2212 342 2255 imperium
368 2217 531 2249 acce'ssit.
572 2216 624 2250 De
650 2216 717 2251 hoc
745 2223 780 2251 et
807 2229 870 2251 ee-

155 2261 239 2293 teris
268 2262 413 2295 Materni
441 2263 573 2297 fabulis
601 2266 694 2299 conf.
720 2266 870 2300 Addita-

154 2313 311 2342 mentum
334 2315 413 2354 post
434 2311 538 2345 {inem
559 2312 662 2346 huius
681 2316 867 2348 sermonis.

224 2380 451 2425 adqreqare:
494 2382 656 2417 codicum
694 2386 868 2428 scriptura

153 2429 398 2476 (aym-egara)
434 2436 514 2474 post
561 2433 757 2475 proximum
799 2435 867 2468 im-

148 2481 326 2518 portasses
372 2479 592 2512 assimilandi
641 2481 866 2516 aberratione

153 2525 308 2557 emersit.

232 2593 316 2639 Cap.
342 2596 376 2630 4.

150 2643 325 2687 principio
354 2646 528 2678 enuntiati
565 2648 719 2689 positum
748 2649 864 2680 inser-

149 2692 201 2724 vit
226 2693 451 2736 responsioni
478 2694 767 2729 introducendae.
805 2697 862 2729 Sic

150 2750 179 2771 e.
212 2740 254 2774 16
281 2746 312 2774 et
330 2741 507 2786 Messala-⁸,
548 2753 578 2776 e.
605 2744 652 2777 33
677 2745 803 2777 iterum
832 2751 862 2777 et

150 2786 343 2823 Maternus.
379 2789 431 2823 Cf.
464 2801 492 2824 c.
518 2790 563 2824 28
596 2797 665 2825 tum
692 2791 859 2826 Messala.

439 2602 470 2630 et
500 2597 708 2632 Maternus:
756 2606 787 2633 et
828 2601 863 2633 in

199 2860 437 2901 patrocinium
463 2861 703 2906 defendendae
729 2864 858 2898 adver-

145 2916 200 2938 sus
229 2912 259 2939 te
282 2909 462 2952 poeticae.-
498 2921 567 2944 una
603 2911 639 2944 in
674 2922 732 2955 re,
772 2912 858 2946 dicit

144 2952 340 2999 Maternus,
375 2956 546 2992 desidiam
582 2958 856 2996 advocationum

946 1810 1075 1843 iniuria
1104 1815 1139 1843 tu
1171 1810 1256 1843 milii
1285 1809 1439 1844 obiicis:
1468 1822 1547 1846 nam
1574 1816 1663 1856 poe-

945 1859 1051 1892 ticam
1079 1858 1240 1904 quotidie
1266 1863 1434 1902 patronus
1462 1860 1521 1894 vel
1548 1860 1662 1895 advo-

945 1911 1044 1940 catus
1072 1908 1150 1941 eius
1176 1906 1347 1941 adversus
1374 1912 1409 1941 te
1435 1907 1603 1949 defend0.

1014 2001 1207 2044 sorensium
1236 2013 1424 2036 causarum
1463 2004 1659 2049 anqustiis:

943 2050 1104 2093 angustis
1131 2049 1260 2083 finibus
1288 2061 1413 2085 causas
1440 2053 1658 2095 privatorum

942 2096 1254 2141 circumscriptas,
1298 2103 1425 2142 poetae
1464 2101 1658 2144 spatiosum

942 2149 977 2177 et
1006 2145 1160 2190 amplum
1186 2146 1316 2192 agendi
1338 2157 1500 2192 campum
1523 2158 1658 2194 propo-

940 2193 1046 2227 situm
1076 2204 1157 2228 esse
1185 2194 1377 2241 significat.

989 2286 1121 2331 Cap.5.
1149 2293 1185 2322 ut
1210 2289 1248 2322 in
1273 2289 1316 2322 iis
1343 2289 1597 2335 cognitionibus
1620 2304 1657 2334 se

940 2342 1125 2370 eoecusent:
1159 2338 1377 2381 pronominis
1401 2349 1470 2372 una
1490 2338 1610 2374 littera
1637 2352 1656 2375 a

938 2394 1150 2429 praegresso
1171 2386 1314 2419 nomine
1329 2387 1583 2432 cognitionibus
1599 2389 1655 2423 al-

937 2437 1047 2466 teraa
1065 2435 1227 2477 proximo
1258 2434 1366 2468 verbo
1396 2442 1564 2470 excusent
1587 2438 1654 2471 ab-

936 2486 1057 2524 sorpta
1070 2486 1135 2515 est.
1151 2481 1242 2516 Novi
1259 2482 1426 2524 editores,
1444 2485 1653 2520 nominatim

935 2528 1189 2563 Doederlinius
1229 2535 1264 2564 et
1295 2530 1474 2575 Orellius,
1518 2543 1654 2577 prouo-

935 2577 1031 2611 mine
1063 2588 1102 2611 se
1136 2589 1260 2612 carere
1307 2589 1414 2623 posse
1449 2582 1650 2625 opinantur,

935 2630 1171 2668 provocantes
1196 2627 1238 2661 ad
1265 2628 1306 2660 A.
1329 2629 1376 2662 42
1395 2629 1507 2663 audiit
1526 2641 1650 2676 preces

935 2675 1147 2708 excusantis.
1171 2675 1240 2708 Sed
1255 2677 1480 2720 participium
1496 2679 1649 2713 nominis

933 2722 1144 2756 substantivi
1186 2725 1300 2757 vicem
1330 2724 1454 2768 implet
1480 2726 1517 2766 (ὁ
1546 2741 1647 2774 παρ-

934 2771 1174 2818 αιτούμενος)
1191 2798 1199 2813 ‚
1241 2777 1278 2805 ut
1323 2775 1477 2807 evitetur
1517 2784 1645 2809 nomen

931 2818 1112 2852 insolitum
1159 2825 1193 2853 et
1231 2831 1250 2853 a
1291 2821 1392 2854 bonis
1443 2824 1647 2858 auctoribus

929 2877 999 2900 non
1028 2873 1234 2912 usurpatum
1261 2871 1496 2913 excusator-is,
1539 2877 1646 2918 atque

929 2914 1012 2949 hinc
1038 2927 1101 2960 pro
1130 2918 1259 2952 ceteris
1287 2918 1363 2951 eius
1394 2919 1493 2953 verbi
1520 2919 1644 2954 formis

926 2964 1075 3007 perinde
1108 2964 1283 3010 ponendis
1328 2965 1419 3003 nihil
1473 2968 1642 3014 praesidii
