1768 3216
716 175 804 211 Cu.
832 177 973 213 30—31
981 203 990 212 .
1551 179 1621 221 221

125 289 195 343 qui
224 290 305 332 scit
332 291 430 345 quid
461 292 515 333 sit
544 292 835 335 misericordia
867 298 907 335 et
933 294 1081 347 quibus
1113 293 1239 335 animi
1267 293 1446 335 motibus
1470 294 1621 335 conci-

124 366 246 405 tetur.
291 365 337 406 ln
368 365 432 407 his
465 366 620 408 artibus
652 367 1104 422 exercitationibusque
1132 371 1320 409 versatus
1340 372 1496 420 orator,
1529 368 1620 409 sive

124 439 232 492 apud
263 439 439 482 infestos
470 441 562 482 sive
600 441 706 495 apud
753 442 926 495 cupidos
970 442 1061 483 sive
1106 442 1212 496 apud
1253 442 1488 484 invidentes
1528 443 1619 483 sive

123 512 231 567 apud
262 514 402 556 tristes
432 515 524 556 sive
555 515 661 568 apud
706 516 897 557 timentes
939 516 1161 558 dicendum
1201 516 1413 568 habuerit,
1462 515 1620 557 tenebit

122 599 252 629 venas
283 588 528 641 animorum,
562 593 603 629 et
620 593 739 643 prout
757 591 956 643 cuiusque
978 594 1123 631 natura
1140 590 1376 643 postulabit,
1409 590 1651 634 adhibebits

125 673 294 703 manum
319 667 360 703 et
390 663 632 717 temperabit
665 665 923 717 orationem,
957 669 1101 718 parato
1134 665 1246 706 omni
1276 665 1547 706 instrumento
1580 643 1641 706 et·

123 735 176 777 ad
197 747 362 778 omnem
380 749 499 779 usum
518 738 717 791 reposito.
755 738 856 780 Sunt
885 738 990 791 apud
1014 750 1117 792 quos
1148 739 1388 780 adstrictum
1414 742 1455 780 et
1486 738 1620 780 colle-

124 814 234 853 ctum
265 816 306 854 et
332 812 497 867 singula
528 813 663 854 statim
701 817 943 867 argumenta
982 813 1237 855 concludens
1279 813 1448 855 dicendi
1485 825 1619 868 genus

122 885 214 940 plus
230 886 327 928 fidei
354 891 560 929 merctur:
592 888 699 941 apud
732 888 811 929 hos
843 887 1011 929 dedisse
1042 899 1210 942 operam
1240 888 1487 930 dialecticae
1517 900 1620 942 pro-

121 959 245 1002 ficiet.
303 961 424 1003 Alios
456 961 546 1003 susa
578 965 619 1002 et
647 961 833 1015 aequalis
866 965 907 1002 et
938 973 991 1003 ex
1027 961 1313 1002 communibus
1355 961 1479 1003 ducta
1519 971 1672 1014 sen-io

123 1035 238 1078 sibus
269 1037 404 1078 oratio
435 1036 569 1090 magis
601 1035 803 1078 delectat:
836 1035 887 1076 ad
920 1035 997 1076 hos
1018 1035 1325 1088 permovendos
1346 1035 1620 1076 mutuabimur

122 1122 147 1151 a
176 1110 462 1165 Peripateticis
493 1114 611 1164 aptos
642 1115 685 1167 et
718 1111 760 1151 in
789 1122 953 1152 omnem
980 1109 1301 1163 disputationem
1329 1113 1498 1163 paratos
1538 1110 1619 1151 iam

122 1183 256 1226 locos.
324 1184 488 1227 Dabunt
526 1177 773 1226 Academici
799 1183 1143 1238 -pugnacitatem,
1189 1183 1302 1225 Plato
1344 1183 1617 1236 altitudinem,

122 1259 358 1314 Xenophon
407 1259 726 1300 iucunditatem:
775 1270 829 1299 ne
871 1257 1040 1311 Epicuri
1087 1257 1253 1310 quidem
1300 1261 1341 1298 et
1388 1257 1618 1299 Metrodori

120 1334 319 1376 honestas
353 1333 553 1388 quasdam
584 1332 910 1374 exclamationes
941 1331 1188 1383 adsumere,
1231 1331 1366 1384 iisque
1396 1335 1516 1385 prout
1547 1343 1669 1373 rests

242 1512 277 1546 2.
306 1515 472 1544 uersatur
498 1508 523 1543 P
549 1514 584 1543 et
613 1508 749 1543 ceteri:
789 1508 897 1541 tacite
929 1505 1085 1540 correxit
1108 1504 1312 1539 Rhenanus.
1448 1506 1482 1539 5.
1507 1516 1618 1540 uenas

122 1558 197 1592 FP:
221 1558 378 1593 habenas
402 1557 631 1592 Puteolanus.
692 1555 880 1603 postulabit
905 1555 955 1588 P:
977 1554 1204 1600 postulaverit
1229 1552 1269 1587 F.
1342 1552 1375 1587 6.
1400 1553 1506 1586 οιῆεηι
1530 1565 1618 1587 ora-

122 1607 251 1641 tionem
275 1611 407 1652 puncto
435 1607 552 1651 posito
577 1605 671 1640 infra
694 1605 726 1638 ni
748 1604 784 1638 P.
861 1605 894 1639 7.
927 1603 1107 1637 astrictum
1126 1601 1162 1635 P.
1237 1601 1271 1637 9.
1295 1600 1398 1645 fidem
1427 1599 1507 1635 FP:
1535 1612 1617 1636 cor-

126 1657 219 1690 rexit
248 1655 477 1690 Puteolanus.
579 1656 633 1689 11.
658 1653 850 1700 pmoue‘dos
877 1663 956 1686 cum
979 1663 1003 1697 p
1029 1651 1178 1685 caudato
1205 1650 1241 1683 P.
1334 1651 1387 1684 12.
1415 1656 1555 1696 apertos
1577 1649 1616 1693 F,

126 1715 199 1738 non
226 1705 262 1739 P.
371 1705 427 1740 13.
453 1703 674 1738 achademici
699 1703 735 1736 P.
818 1702 873 1735 15.
900 1701 1009 1745 iisque
1038 1698 1105 1742 FP,
1135 1709 1206 1732 non
1231 1698 1362 1743 hisque.

123 1841 267 1894 μεταξὺ
293 1844 430 1890 ἀρετῆς
453 1845 517 1878 καὶ
542 1846 691 1882 κακίας.
736 1839 838 1874 conf.

126 1893 254 1928 Cicero
294 1892 338 1926 de
369 1891 446 1926 Fin.
481 1890 530 1925 m
564 1891 632 1934 16,
669 1889 839 1924 Academ.

125 1941 158 1976 11
183 1943 244 1985 42,
271 1940 315 1976 ad
340 1942 413 1975 Ait.
443 1940 475 1974 11
505 1940 559 1975 17.

197 2025 242 2047 ea:
269 2013 324 2047 Itis
347 2012 501 2058 fontibus
527 2012 632 2045 etiam
656 2009 723 2045 illa
751 2021 840 2055 pro-

124 2063 235 2146 guugt
273 2072 360 2108 sqq:
413 2060 460 2094 cf.
512 2059 698 2094 Ciceronis
745 2057 839 2093 Orat.

198 2181 325 2215 tenebit
344 2192 451 2214 venas
469 2181 686 2214 animorum:
714 2177 841 2211 Cicero

127 2229 171 2264 de
199 2229 294 2264 Orat.
322 2228 336 2261 1
364 2230 435 2263 52:
475 2233 591 2262 teneat
624 2231 758 2272 oportet
780 2237 843 2258 ve-

124 2289 191 2312 nas
220 2278 383 2321 cuiusque
402 2277 553 2321 ρεπεν-ῖς,
578 2276 715 2315 aetatis,
743 2273 840 2305 ordi-

124 2328 203 2368 nis,
238 2331 271 2359 et
304 2335 422 2359 eorum
462 2324 556 2369 apud
592 2334 675 2367 quos
709 2320 844 2364 aliquid

125 2376 199 2420 agit
227 2379 288 2408 aut
313 2375 381 2407 erit
404 2379 569 2413 acturus,
602 2375 733 2404 mentes
758 2379 841 2402 sen-

124 2434 246 2468 susque
275 2422 441 2468 degustet.

200 2494 291 2528 alios
315 2495 421 2538 susa:
452 2490 579 2525 Cicero
608 2489 652 2523 de
683 2488 778 2522 Orat.
811 2486 840 2519 ll

129 2544 194 2578 15:
232 2554 342 2588 genus
381 2540 552 2574 orationis
590 2540 704 2582 susum
740 2541 842 2578 atque

126 2596 276 2625 tractum
316 2595 348 2623 et
385 2601 462 2622 cum
506 2586 648 2620 lenitate
693 2583 841 2628 quadam

126 2638 302 2684 aequabili
330 2637 506 2683 profluens
546 2655 587 2660 —-
626 2642 841 2679 persequen-

126 2688 206 2722 dum
234 2691 293 2720 est.

208 2761 357 2803 paratos
396 2755 468 2788 iam
506 2752 628 2786 locos:
674 2749 746 2783 loci
784 2749 838 2783 illi

128 2815 333 2840 communes
382 2813 452 2836 non
499 2800 639 2834 demum
680 2797 839 2832 discendi

126 2859 220 2896 sunt,
254 2863 332 2887 cum
360 2861 466 2885 causa
494 2848 659 2882 inciderit
685 2847 742 2881 cui
768 2846 839 2890 apti

125 2903 327 2945 videantur,
342 2899 405 2935 sed
420 2900 634 2946 quicumque
649 2894 839 2941 aliquando

907 1838 985 1871 usui
1015 1841 1163 1882 possunt
1191 1845 1291 1877 esse,
1318 1844 1380 1868 eos
1408 1845 1451 1867 ex
1476 1833 1618 1878 Topicis

906 1885 1112 1920 Aristotelis
1146 1889 1181 1918 et
1207 1888 1405 1918 ceterorum
1433 1882 1619 1926 Peripate-

907 1936 1056 1969 ticorum
1095 1938 1216 1967 orator
1250 1936 1417 1976 acceptos
1450 1931 1619 1964 memoria

907 1989 1031 2017 tenere
1070 1981 1189 2016 debet.
1250 1979 1376 2014 Cicero
1416 1979 1511 2013 Orat.
1556 1979 1618 2013 ¹5:

906 2032 1014 2076 facile
1032 2031 1141 2075 iyitur
1164 2030 1222 2064 hic
1235 2034 1354 2062 noster
1373 2049 1430 2070 —‚
1458 2027 1621 2072 quoniam

909 2080 979 2114 loci
1028 2080 1117 2113 certi
1169 2078 1356 2113 traduntur
1373 2103 1382 2119 ‚
1436 2081 1620 2122 percurret

908 2140 1037 2170 omnes,
1064 2132 1179 2160 utetur
1204 2127 1307 2172 aptis.

981 2198 1109 2231 dabunt
1123 2196 1327 2230 Academici
1336 2194 1597 2239 pugnacitatem
1607 2202 1619 2224 .·

909 2246 951 2279 ab
987 2245 1213 2278 Academicis
1245 2244 1402 2276 discetur
1441 2239 1617 2285 quomodo

908 2292 1101 2326 adversarii
1132 2293 1224 2324 iuste
1254 2295 1290 2323 et
1324 2290 1464 2323 fortiter
1499 2298 1617 2332 oppu-

909 2340 1040 2385 gnandi
1068 2341 1150 2372 sint.
1182 2338 1308 2373 Cicero
1336 2337 1380 2371 de
1405 2335 1501 2371 Orat.
1523 2335 1616 2369 118:

907 2388 966 2422 laic
991 2389 1082 2422 enim
1107 2399 1179 2421 mos
1206 2393 1282 2421 erat
1312 2387 1450 2431 patrius
1476 2384 1618 2418 Acade-

906 2439 1009 2479 miae,
1035 2436 1219 2470 adversari
1242 2446 1375 2480 semper
1400 2432 1556 2467 omnibus
1580 2433 1619 2464 iu

908 2485 1126 2531 disputando.
1155 2483 1396 2526 Quintilianus
1424 2480 1487 2515 Xll
1514 2481 1617 2515 225:

907 2534 1133 2567 Academiam
1149 2532 1288 2577 quidam
1302 2530 1519 2564 utilissimam
1538 2540 1617 2561 cre-

907 2582 1002 2624 dunt,
1031 2581 1122 2626 quod
1145 2592 1218 2614 mos
1243 2582 1280 2614 in
1292 2585 1470 2621 utramque
1482 2582 1617 2621 partem

907 2630 1101 2664 disserendi
1124 2629 1171 2662 ad
1195 2628 1478 2661 eset-citationem
1491 2626 1616 2668 soren-

904 2679 993 2713 sium
1018 2689 1205 2711 causarum
1225 2676 1382 2721 proxime
1410 2671 1568 2706 accedat.

982 2760 1026 2782 ne
1054 2747 1204 2792 Epicuri
1224 2744 1358 2789 quictem
1373 2748 1405 2777 et
1422 2740 1618 2777 Metrodori

905 2796 1068 2830 honestas
1079 2815 1123 2821 —-
1134 2793 1404 2827 exclamationes
1414 2802 1426 2824 .·
1438 2789 1616 2824 Metrodo-

907 2855 965 2877 rus
992 2849 1045 2878 est
1064 2843 1338 2886 Lampsacenus,
1359 2838 1554 2883 discipulus
1582 2841 1617 2870 ct

908 2894 1040 2928 amicus
1077 2890 1244 2936 Epicuri3
1282 2888 1465 2935 Diogenes
1499 2885 1614 2922 Laert.
