1768 3216
712 211 1018 250 HISTORIARVM
1409 218 1443 242 a.
1469 217 1506 242 u.
1532 206 1621 244 822.

133 345 172 384 et
201 339 391 382 militibus
421 341 463 378 ut
492 334 590 376 nihil
620 333 661 374 in
693 342 911 374 commune
942 327 1225 379 turbantibus,
1267 325 1324 367 ita
1355 324 1513 380 sparsis
1543 336 1620 380 per

134 415 276 456 domos
309 412 468 454 occulto
501 409 655 460 habitu,
688 412 728 449 et
757 407 938 461 maligna
971 417 1070 446 cura
1102 403 1143 443 in
1177 411 1322 443 omnes
1355 411 1460 454 quos
1490 399 1620 442 nobi-

132 489 223 531 litas
254 491 320 528 aut
350 497 448 539 opes
481 488 549 525 aut
579 483 715 536 aliqua
746 464 923 536 insignis
956 478 1159 521 claritudo
1177 474 1413 519 rumoribus
1442 473 1621 516 obiece-

263 559 502 602 Vitellianos
545 570 708 612 quoque
751 556 901 598 milites
941 554 1109 596 venisse
1150 552 1193 593 in
1222 550 1367 593 urbem
1398 548 1451 591 ad
1482 547 1620 591 studia

99 635 301 690 spartium
349 634 562 675 noscenda
610 633 795 687 plerique
843 615 1082 672 credebant.
1142 626 1262 668 Unde
1312 625 1435 679 plena
1479 622 1620 666 omnia

135 711 436 766 suspicionum,
487 713 526 750 et
555 709 626 749 vix
656 711 819 749 secreta
852 706 1045 747 domuum
1095 704 1186 745 sine
1237 700 1475 743 formidine.
1536 698 1619 742 Sed

127 786 341 840 plurimum
372 782 657 837 trepidationis
689 782 729 822 in
760 780 951 835 publico,
981 783 1025 820 ut
1055 789 1261 832 quemque
1291 775 1479 817 nuntium
1511 773 1620 817 sama

129 861 350 911 attulisset,
397 859 575 901 animum
613 858 848 910 vultumque
889 855 1129 907 conversis,
1171 866 1224 894 ne
1256 851 1452 894 diffidere
1483 848 1620 892 dubiis
1652 883 1656 889 .

136 947 185 975 ac
213 946 355 988 parum
380 917 568 988 vgaudere
597 932 808 986 prosperis
840 930 1093 971 viderentur.
1155 928 1312 970 Coacto
1343 937 1445 968 vero
1477 924 1520 966 in
1541 936 1622 967 cu-
1659 988 1661 991 ι

18 980 112 1047 --2'10
130 1008 232 1049 riam
262 1011 406 1049 senatu
437 1006 586 1047 arduus
616 1018 752 1047 rerum
785 1005 963 1046 omnium
995 1003 1168 1055 modus,
1211 1014 1265 1043 ne
1305 1004 1529 1043 contumax
1557 998 1622 1041 si-

41 1086 43 1088 ’
77 1103 87 1113 ·
129 1083 311 1134 lentium,
344 1094 397 1122 ne
428 1086 616 1135 suspecta
647 1080 752 1121 l1be1
757 1085 829 1121 tas
892 1080 941 1120 Et
969 1079 1131 1133 privato
1153 1076 1306 1119 Othoni
1336 1087 1469 1130 nuper
1499 1078 1621 1128 atque
1653 1071 1660 1080 '

132 1156 275 1198 eadem
308 1156 460 1197 dicenti
490 1159 586 1204 nota
617 1155 810 1196 adulatio.
854 1155 984 1209 Igitur
1012 1140 1183 1196 versare
1213 1151 1443 1195 sententias
1473 1153 1516 1192 et
1540 1148 1622 1191 huc

130 1235 249 1284 atque
280 1230 373 1271 illue
403 1216 611 1283 torquere,
644 1230 803 1271 hostem
835 1233 874 1270 et
891 1228 1144 1282 parricidam
1161 1226 1370 1269 Vitellium
1394 1228 1618 1276 vocantes,

129 1304 516 1359 providentissimus
549 1304 719 1357 quisque
759 1303 1000 1359 vulgaribus
1042 1302 1246 1344 conviciis
1258 1315 1270 1352 3
1313 1299 1481 1355 quidam
1519 1310 1623 1340 vera

130 566 203 604 rat.

270 1442 298 1474 1.
326 1440 434 1474 nichil
462 1439 525 1474 Ma.

134 1487 199 1523 Ma.
288 1488 322 1523 8.
351 1489 420 1523 adt.
449 1487 512 1523 Ma.

131 1537 245 1571 arduii
273 1537 336 1572 Ma.

129 1666 252 1711 quies;
286 1666 380 1699 urbis
417 1667 590 1711 scriptura
614 1667 831 1701 assimilandi

130 1713 341 1748 aberrationi
381 1716 554 1761 originem
589 1715 728 1749 videtur
767 1715 833 1749 de-

129 1762 226 1797 bere.
320 1768 351 1795 et
376 1764 558 1797 militibus:
585 1763 653 1797 duo
681 1764 835 1797 membra

130 1811 301 1844 sermonis
327 1820 389 1854 per
416 1812 605 1855 particulas
632 1812 833 1846 distributi-

131 1869 192 1892 vas
219 1869 303 1903 quas
339 1865 467 1893 vocant
504 1866 534 1893 et
565 1882 604 1886 -—
633 1867 663 1894 et
700 1870 835 1894 conne-

134 1911 284 1948 ctuntur,
310 1907 455 1941 alterum
483 1914 514 1941 et
535 1908 697 1942 militibus
714 1930 757 1935 --
774 1920 837 1942 oc-

134 1954 223 1989 culto
256 1954 392 1997 habitu,
430 1956 578 1990 alterum
612 1963 642 1990 et
677 1957 838 2001 maligna

135 2013 222 2036 cura
242 2023 284 2029 —-
306 2005 498 2038 rumoribus
527 2004 712 2039 obiecerat.
742 2005 839 2039 Haec

134 2055 310 2095 postrema
353 2061 422 2084 non
462 2052 505 2086 de
542 2052 627 2086 solis
668 2053 839 2087 militibus

136 2099 317 2141 dicuntur,
350 2100 412 2133 sed
438 2101 649 2134 denotantur
676 2102 840 2146 quicum-

137 2158 205 2192 que
251 2146 398 2181 Othonis
437 2149 594 2183 favorem
645 2155 679 2183 et
721 2161 839 2184 curam

136 2195 393 2239 praeferebant.
484 2198 613 2243 sparsis
636 2210 700 2243 per·
725 2199 841 2233 domos

137 2243 268 2277 occulto
316 2244 459 2278 habitu.-
501 2246 658 2279 habitum
709 2248 840 2281 civium

137 2293 262 2336 stipem
298 2303 317 2325 a
344 2293 522 2327 nobilibus
563 2294 704 2340 (horum
746 2297 840 2330 enim

138 2341 267 2382 domus)
316 2343 508 2385 petentium
558 2343 614 2376 vel
657 2355 839 2377 servorum

137 2387 270 2432 aliquid
297 2390 433 2434 negotii
463 2393 681 2425 causantium
712 2393 841 2426 indue..

137 2441 226 2477 rant,
254 2437 281 2468 si
304 2447 409 2471 voces
430 2438 558 2472 Othoni
586 2440 749 2474 adversas
776 2452 840 2475 ex..

140 2485 258 2529 cipere
283 2491 438 2528 possent.

209 2538 268 2565 aut
306 2533 423 2577 aliqua
463 2536 609 2581 insignis
644 2537 839 2570 claritudo:

138 2580 183 2614 cf.
217 2586 335 2615 annot.
362 2582 405 2616 ad
434 2582 447 2615 1
474 2584 508 2618 4.

217 2630 370 2663 animum
412 2630 603 2676 vultumque
643 2634 842 2667 conversis.-

138 2679 310 2711 conversis
350 2680 472 2712 tertius
509 2685 562 2714 est
598 2691 719 2722 casus,
762 2692 843 2715 sus-

138 2725 266 2769 pensus
293 2738 337 2759 ox
363 2727 481 2761 verbis
513 2728 698 2773 plurimum
733 2732 841 2775 trepi-

139 2774 299 2816 dationis,
327 2780 364 2808 ut
392 2776 480 2809 vidit
506 2776 533 2810 1.
551 2776 606 2811 Fr.
628 2778 839 2812 Gronovius.

139 2821 169 2854 A
203 2825 375 2857 conversis
409 2824 502 2869 quod
536 2835 672 2859 rursum
710 2826 841 2870 pendet

140 2871 360 2904 accusativus
386 2872 568 2906 relationis
594 2875 747 2909 animum
762 2874 841 2909 vul-

141 2921 284 2960 tumque,
311 2923 483 2954 structura
511 2921 736 2957 subdifficilis
753 2934 842 2958 eva-

141 2961 192 2997 dit
223 2968 258 2997 et
295 2965 398 3009 paulo
433 2968 666 3004 artificiosior.
725 2970 843 3006 Theo-

611 1441 645 1475 3.
672 1440 808 1484 aliquas
832 1438 896 1474 Ma.

1001 1441 1035 1475 7.
1064 1445 1102 1474 ue
1129 1438 1180 1474 G:
1207 1436 1262 1473 Ma
1283 1437 1367 1472 πίνη.
1468 1446 1623 1482 querique

611 1488 800 1533 voltumque
826 1488 884 1523 Or.
914 1489 1091 1524 conversis
1120 1485 1215 1531 GM³‚
1244 1487 1406 1522 conversi
1431 1484 1472 1520 B.
1566 1485 1620 1521 10.

414 1537 466 1573 14.
492 1537 582 1583 vulg.
612 1536 676 1580 Ma,
704 1547 775 1571 non
800 1537 890 1584 νοις.

903 1666 1022 1701 disce:
1069 1665 1156 1699 aber
1190 1675 1249 1698 am
1284 1663 1429 1701 meisten
1467 1662 1623 1710 Λοκρι-

903 1715 1045 1749 lichlteit
1079 1715 1126 1747 im
1154 1714 1281 1755 Freien
1294 1739 1304 1755 ,
1346 1712 1412 1746 wie
1443 1710 1621 1755 jedesmal

904 1765 966 1798 das
995 1762 1148 1798 Gerucht
1186 1763 1264 1796 eine
1290 1760 1417 1796 Kunde
1451 1759 1623 1806 gebracht

904 1813 1018 1855 hatte,
1056 1812 1109 1845 bei
1134 1810 1278 1845 solcken
1312 1808 1443 1844 welche
1472 1809 1549 1844 sich
1574 1820 1623 1843 an

906 1860 1051 1895 Gemuth
1076 1861 1149 1894 und
1178 1857 1515 1906 Gesiclitsausdruck
1538 1869 1623 1893 ver-

904 1909 1113 1943 wandelten.

977 1956 1062 2002 Cap.
1090 1956 1148 1992 86.
1184 1956 1349 2002 prodigia
1379 1975 1416 1982 —
1445 1956 1620 2003 vulgatae

904 2005 1115 2040 Plutarchus
1144 2005 1226 2040 Oth.
1241 2006 1277 2040 4.
1377 2005 1524 2040 omina:
1549 2005 1620 2040 lm-

906 2054 1012 2088 benas
1042 2075 1086 2081 —-
1114 2055 1313 2088 institerat:
1354 2055 1396 2091 ἐν
1423 2053 1464 2091 δὲ
1490 2056 1624 2091 Καπι-

908 2106 1026 2150 τωλίω
1060 2106 1177 2147 Νίκης
1213 2102 1436 2149 ἐφεστώσης
1470 2101 1624 2164 ἅρματι

907 2147 975 2192 τὰς
1006 2152 1112 2196 ηνίας
1139 2151 1280 2191 πάντες
1323 2151 1430 2188 εἶδον
1457 2150 1625 2200 ἀφειμέ-

908 2214 974 2239 νας
1001 2202 1039 2237 ἐκ
1064 2203 1139 2236 τῶν
1163 2213 1275 2249 χειρω
1265 2199 1450 2248 νῶσπερ
1468 2205 1625 2248 κρατεῖν

906 2245 956 2297 μὴ
998 2248 1222 2296 δυναιιένης.
1357 2247 1402 2284 ab
1436 2247 1625 2284 occidente

907 2299 945 2331 in
965 2297 1140 2331 Orientem
1167 2309 1398 2333 conversam.
1426 2302 1528 2333 erant
1553 2299 1624 2332 iam

909 2348 968 2392 qui
996 2347 1249 2391 Vespasianum
1278 2351 1313 2381 et
1341 2357 1438 2381 arma
1466 2345 1625 2382 Orientis

910 2395 969 2441 (H.
990 2396 1001 2428 l
1023 2395 1085 2440 50)
1115 2400 1388 2442 augurarentur.
1418 2395 1530 2442 Signo
1557 2394 1623 2429 illo
1670 2416 1672 2430 t

908 2444 1126 2487 principatus
1151 2445 1193 2478 ad
1224 2444 1379 2490 aliquem
1408 2455 1453 2478 ex
1477 2442 1625 2478 Oriente

909 2491 1151 2535 profecturum
1178 2493 1310 2533 deferri
1338 2491 1539 2527 videbatur.

980 2541 1197 2585 prolocutum
1235 2541 1273 2574 in
1300 2540 1455 2575 Etruria
1481 2540 1624 2575 bovem.-

908 2589 1068 2632 proloqui
1113 2589 1156 2623 de
1202 2590 1296 2624 bove
1333 2599 1461 2624 vocem
1505 2588 1624 2623 subito

912 2636 1100 2671 humanum
1159 2638 1194 2670 in
1236 2638 1378 2672 modum
1422 2642 1624 2682 rumpente,

910 2687 1175 2729 praepositione
1201 2696 1264 2730 pro
1293 2697 1372 2720 cum
1397 2686 1510 2721 verbo
1531 2685 1626 2731 toqui

913 2738 994 2777 apte
1022 2736 1151 2777 iuncta,
1179 2734 1311 2768 dictum
1339 2739 1405 2769 est.

983 2794 1058 2815 cum
1087 2784 1267 2827 praesenti
1293 2783 1399 2816 eaeitio
1429 2783 1536 2817 etiam
1562 2784 1625 2828 sa-

911 2830 979 2862 turi
1002 2841 1136 2875 pavor:
1166 2831 1254 2864 Plin.
1282 2831 1323 2864 N.
1345 2830 1387 2864 H.
1418 2830 1465 2865 ΙΙΙ
1491 2831 1514 2866 9
1541 2831 1626 2876 (5)·

911 2879 993 2920 quin
1017 2879 1116 2912 immo
1142 2885 1238 2913 vates
1273 2878 1480 2925 intelliqilur
1514 2880 1629 2925 potius

912 2936 956 2958 ac
984 2928 1153 2970 monitor,
1190 2933 1295 2962 auctu
1319 2938 1455 2974 semper
1478 2927 1630 2973 religio-

911 2984 967 3007 sus
997 2976 1113 3009 verius
1139 2985 1241 3020 quam
1267 2986 1400 3010 saevus.
