1768 3216
170 251 217 286 12
539 290 542 291 ⁷
781 247 1047 283 GERMANIAE

168 379 256 409 ram
285 370 324 407 et
354 356 507 406 tantum
538 364 602 406 sui
633 364 809 406 similem
840 369 1006 420 gentem
1025 364 1213 407 extitisse
1233 365 1497 408 arbitrantur.
1539 365 1659 409 Unde

168 440 327 482 habitus
359 450 523 492 quoque
555 451 777 492 corporum
796 471 808 492 ,
841 452 1087 494 quamquam
1118 441 1161 481 in
1192 444 1306 482 tanto
1337 440 1661 483 hominumnu-

167 526 296 565 mero,
329 512 438 554 idem
472 514 690 556 omnibus:
721 519 862 557 truces
894 519 935 556 et
965 515 1150 557 caerulei
1176 515 1300 568 oculi,
1329 514 1478 557 rutilae
1497 525 1660 568 comae,

166 599 317 641 magna
352 598 531 641 corpora
563 592 604 629 et
631 593 788 631 tantum
820 590 871 631 ad
902 590 1097 644 impetum
1127 589 1279 632 valida.
1335 588 1509 649 Laboris
1539 592 1662 642 atque

135 670 338 715 soperum
379 673 464 704 non
506 663 653 705 eadem
695 664 917 717 patientia:
964 664 1216 718 minimeque
1265 663 1376 706 sitim
1421 667 1662 717 aestumque

168 735 365 788 tolerare,
399 736 559 791 frigora
589 741 723 791 atque,
740 738 923 780 inediam
955 738 1074 781 caelo
1103 737 1250 780 solove
1280 737 1518 779 adsuerunt.

300 809 429 851 Terra
461 810 539 852 etsi
571 811 780 865 aliquanto
815 812 957 866 specie
989 811 1142 864 differt,
1175 812 1218 853 in
1247 811 1489 854 universum
1519 814 1702 856 tamen5

309 980 342 1014 2.
371 978 516 1025 quaqua
539 980 565 1014 Ρ
592 985 627 1015 et
652 981 705 1015 sic
730 979 956 1033 plerumque.

167 1033 351 1061 assuerunt
376 1027 413 1062 Ρ.

169 1169 234 1200 est.
289 1166 434 1199 Scilicet
462 1166 661 1200 Ruodolfus
690 1166 879 1201 Fuldensis

168 1223 262 1247 nono
290 1214 413 1248 seculo
440 1225 484 1248 ex
511 1225 553 1249 eo
582 1215 707 1249 codice
725 1241 734 1257 ,
774 1226 880 1260 quem

170 1263 205 1296 in
231 1262 368 1296 ltaliam
402 1262 558 1297 delatum
586 1265 756 1307 excripsit
783 1263 880 1297 Pon-

168 1315 288 1354 tanus,
323 1310 433 1345 'l‘aciti
461 1312 570 1346 verba
609 1312 702 1346 inter
728 1322 792 1346 sua
819 1323 880 1346 re-

169 1360 305 1404 cipiens
349 1363 401 1403 (v.
430 1359 603 1405 l'raefat.)
644 1359 773 1394 dedit:
815 1372 882 1394 nec

166 1408 276 1451 facile
302 1407 382 1441 ullis
409 1407 563 1442 aliarum
585 1410 740 1453 gentium
759 1429 803 1435 -
819 1420 881 1442 co-

169 1455 282 1489 nubiis
316 1456 440 1499 infecti
472 1457 656 1501 propriam
691 1462 723 1489 et
757 1457 877 1490 since-

168 1515 246 1537 ram
270 1509 302 1537 et
327 1509 460 1537 tantum
485 1505 540 1538 sui
572 1504 717 1538 similem
745 1511 881 1549 qentem

168 1554 290 1596 facere
317 1553 436 1586 conati
459 1558 549 1586 sunt.
579 1552 702 1597 ltaque
719 1552 882 1587 Ruodol-

171 1600 227 1634 fus
256 1600 338 1633 dum
358 1599 469 1634 Taciti
499 1601 608 1634 verba
635 1602 707 1634 suis
735 1611 881 1634 accom-

170 1647 301 1692 modat,
328 1659 394 1682 nec
419 1649 500 1682 ullis
519 1648 673 1682 aliarum
697 1650 798 1693 ponit
818 1659 881 1694 pro

168 1696 274 1730 nullis
304 1696 469 1730 aliarum.
511 1697 546 1731 Si
573 1698 773 1731 invenisset
798 1696 882 1730 nul-

169 1745 213 1778 lis
239 1744 321 1778 aliis
342 1745 497 1779 aliarum
523 1746 696 1791 ⁸aetitiam,
724 1747 882 1790 scriptu-

169 1803 227 1827 rus
246 1793 314 1826 fuit
339 1805 405 1827 nec
422 1793 503 1827 ullis
528 1793 609 1828 aliis
623 1793 777 1828 aliarum
794 1805 883 1839 qen-

170 1842 264 1875 tium.
318 1841 542 1886 Quapropter
579 1853 598 1876 a
628 1842 786 1876 Pontano
814 1843 883 1876 im-

170 1889 363 1934 prudenter
388 1890 471 1923 aliis
500 1890 656 1924 additum
692 1895 728 1924 et
754 1891 788 1923 in
819 1902 883 1924 ce-

171 1939 256 1971 teris
293 1938 478 1972 codicibus
518 1950 561 1972 ex
590 1949 633 1972 eo
669 1938 768 1972 fonte
803 1949 884 1972 ser-

172 1991 292 2019 vatum
321 1996 400 2019 esse
425 1986 544 2028 credo,
572 1986 607 2019 id
634 1987 728 2032 quod
756 1997 798 2020 eo
826 1987 883 2020 fa-

173 2034 278 2067 cilius
333 2033 409 2067 fieri
458 2035 601 2077 potuit,
650 2036 733 2079 quia
788 2035 884 2068 idem

173 2081 352 2114 Pontanus
390 2082 502 2126 primo
546 2082 746 2115 nationibus
786 2084 884 2127 (ipse

177 2129 388 2173 compendio
415 2130 578 2164 natotbus
605 2131 730 2176 utitur)
774 2130 883 2172 dedit,

176 2187 259 2210 mox
286 2189 368 2211 num
395 2178 429 2210 in
459 2179 557 2211 exitu
585 2179 824 2222 superposuit.

243 2248 335 2281 idem
361 2249 539 2282 omnibus.-
582 2250 759 2282 contraria
800 2249 883 2281 iuu-

174 2306 261 2341 gere
286 2296 426 2329 Tacitus
468 2302 572 2330 amat.
632 2296 718 2330 Inde
751 2297 883 2329 rectius

172 2344 263 2377 idem
300 2345 482 2386 omnibus,
534 2350 572 2377 ut
620 2345 729 2378 verba
769 2345 886 2389 iungit

175 2393 288 2426 codex
314 2392 596 2435 Perizonianus‚
633 2403 737 2438 quam
771 2393 885 2426 idem.-

175 2441 329 2474 omnibus
350 2445 432 2483 cet„
459 2441 552 2486 quod
580 2452 624 2475 ex
647 2441 885 2475 deterioribus

176 2488 275 2522 libris
301 2491 586 2533 repraesentavit
605 2490 860 2523 Massmannus.

241 2591 355 2619 truces
369 2606 411 2611 ——
424 2584 544 2619 valida
554 2596 566 2618 .·
591 2585 635 2618 A.
666 2586 705 2618 11
719 2596 727 2617 :
759 2585 889 2618 rutilae

164 2674 166 2677 ι
178 2633 408 2667 Caledoniam
423 2633 654 2667 habitantium
669 2644 800 2675 comae,
809 2642 891 2665 ‘rna-v

176 2683 237 2725 9122?
283 2687 380 2715 artus
421 2682 668 2716 Germanicam
715 2681 887 2726 originem

177 2729 396 2763 adseverant.
450 2729 478 2763 ll
507 2731 569 2772 14:
600 2740 725 2774 corpus
751 2734 788 2762 ut
811 2730 887 2762 visu

177 2783 310 2811 toruum
349 2784 380 2811 et
403 2778 450 2810 act
474 2778 609 2811 brevem
634 2779 795 2822 impetum
820 2788 886 2810 va-

177 2825 304 2868 lidum,
338 2828 389 2860 sic
414 2825 514 2859 nulla
537 2826 720 2860 vulnerum
741 2826 886 2871 patien-

176 2874 237 2906 tia.
292 2874 471 2908 luvenalis
498 2874 579 2908 Xlll
607 2874 701 2909 164:
743 2873 888 2907 caerula

177 2923 250 2965 quis
275 2923 404 2966 stupuit
432 2923 601 2957 Germani
633 2922 784 2964 lumina,
818 2922 887 2967 lla-

178 2980 255 3003 vam
282 2971 475 3006 caesariem
501 2977 532 3005 et
558 2971 697 3006 madido
721 2976 887 3016 torquen-

1028 982 1062 1017 3.
1094 980 1206 1015 ceruli
1230 981 1265 1023 P,
1293 979 1355 1014 alii
1382 979 1547 1014 coerulei.
1622 977 1658 1014 6.

945 1174 1012 1202 tem
1048 1178 1184 1202 cornua
1219 1166 1350 1201 cirre?
1402 1166 1532 1212 Nempe
1573 1165 1664 1211 quod

945 1216 1033 1250 haec
1058 1215 1128 1249 illis
1155 1221 1288 1249 natura
1318 1220 1368 1249 est
1393 1214 1549 1248 omnibus
1573 1225 1660 1248 una.

945 1265 1111 1298 Horatius
1143 1263 1257 1308 Epod.
1299 1263 1342 1298 16
1379 1264 1425 1299 7:
1478 1273 1545 1296 nec
1581 1264 1663 1308 fera

946 1313 1113 1346 caerulea
1140 1313 1271 1346 domuit
1297 1311 1484 1357 (Romam)
1510 1310 1662 1346 Germa-

944 1362 1008 1395 nia
1030 1362 1132 1406 pube.
1165 1359 1296 1394 Caesar
1321 1359 1361 1393 B.
1375 1360 1415 1394 G.
1445 1358 1550 1395 139:
1578 1369 1662 1393 sae-

941 1420 1133 1455 penumero
1159 1420 1234 1443 sese
1261 1419 1338 1442 cum
1363 1409 1412 1442 eis
1440 1407 1660 1454 (Germanis)

947 1468 1150 1503 congressos
1177 1468 1220 1490 ne
1246 1455 1376 1490 vultum
1401 1455 1536 1501 quidem
1560 1461 1663 1500 atque

947 1507 1059 1539 aciem
1087 1504 1268 1539 oculorum
1293 1506 1391 1549 ferre
1413 1504 1578 1550 potuisse.

1020 1575 1152 1609 laboris
1188 1581 1290 1619 atque
1328 1585 1471 1620 operum
1495 1584 1569 1608 non
1594 1583 1658 1613 ea-

948 1624 1025 1657 dem
1047 1624 1242 1669 patientia:
1271 1623 1359 1657 mire
1381 1619 1657 1657 Doederlinius:
1708 1633 1717 1641 ·

946 1672 1122 1706 ‘neutrum
1148 1671 1319 1705 adiectivi
1351 1676 1386 1705 et
1414 1670 1553 1715 plurale
1580 1668 1658 1714 est',

949 1720 1091 1757 -—-.‘n0n
1109 1719 1391 1762 substantivum3
1418 1719 1575 1764 ideoque
1597 1729 1662 1752 ea-

950 1769 1024 1802 dem
1051 1779 1122 1802 non
1147 1779 1270 1814 parem
1295 1767 1495 1814 significat,
1534 1766 1599 1801 sed
1625 1770 1663 1800 ut

948 1827 1069 1862 saepe,
1097 1815 1223 1850 simul'.
1268 1815 1368 1850 Haud
1394 1815 1659 1850 dubienomen

948 1865 1207 1899 substantivum
1235 1868 1309 1906 est,
1346 1869 1385 1897 ut
1409 1865 1446 1898 in
1465 1863 1662 1898 Annalium

949 1911 1069 1947 verbis
1103 1913 1207 1947 modo
1244 1913 1407 1957 ascriptis
1438 1911 1540 1946 nulla
1565 1912 1663 1957 pati-

950 1963 1056 1995 entia.
1086 1962 1225 1996 Eadem
1255 1971 1318 2005 pro
1344 1961 1447 1994 simul
1472 1959 1567 2004 apud
1591 1958 1660 1993 Ta-

950 2011 1059 2044 citum
1085 2020 1157 2043 non
1184 2010 1377 2044 invenitur.

1022 2081 1229 2124 minimeque
1262 2079 1356 2112 sitim
1381 2084 1580 2122 aestumque
1606 2083 1662 2111 to-

950 2129 1087 2162 lerare:
1116 2127 1162 2162 cf.
1190 2127 1230 2161 H.
1251 2126 1283 2160 11
1309 2127 1377 2162 93:
1405 2126 1662 2161 Germanorum

952 2176 1201 2220 Gallorumque
1235 2174 1387 2208 obnoxia
1411 2173 1540 2208 morbis
1580 2184 1662 2208 cor-

947 2236 1040 2270 pora
1066 2225 1217 2270 {luminis
1247 2222 1421 2269 (Tiberis)
1453 2221 1605 2256 aviditas
1631 2227 1664 2256 et

953 2279 1068 2307 aestus
1098 2271 1320 2316 impatientia
1359 2266 1548 2316 labefecit3
1590 2269 1665 2303 ibi-

953 2321 1033 2355 dem
1061 2332 1091 2355 c.
1109 2321 1177 2355 32:
1206 2321 1278 2353 iam
1304 2319 1498 2353 Germanos
1522 2337 1569 2345 —-
1586 2323 1666 2352 tra-

953 2375 1006 2403 cto
1033 2370 1072 2403 in
1101 2374 1269 2402 aestatem
1294 2367 1382 2402 bello
1407 2367 1511 2413 nuxis
1537 2377 1665 2412 cerpo-

953 2418 1048 2451 ribus
1065 2418 1289 2450 mutationem
1310 2415 1377 2450 soli
1403 2415 1560 2460 caelique
1573 2413 1668 2448 haud

955 2466 1181 2499 toleraturos.

1031 2534 1116 2578 Cap.
1145 2536 1178 2568 5.
1231 2535 1295 2568 etsi
1336 2533 1516 2578 aliquanto
1553 2533 1667 2578 specie

959 2582 1076 2628 differt
1121 2582 1293 2628 (obyleiclu
1337 2582 1394 2616 ein
1434 2587 1534 2627 ⁸quter
1574 2580 1669 2617 Thoit

959 2632 1062 2664 einen
1101 2630 1239 2664 andern
1272 2628 1422 2664 Anblick
1467 2628 1640 2675 gemam-t)
1656 2640 1668 2662 .-

958 2679 1138 2724 aliquanto
1169 2684 1223 2713 est
1247 2679 1343 2713 idem
1370 2677 1466 2723 quod
1492 2677 1583 2711 bona
1610 2677 1668 2712 wi

954 2734 1082 2773 parte3
1111 2726 1446 2773 speciemintelligit
1463 2736 1566 2771 quam
1592 2729 1668 2759 sta-

955 2778 1015 2809 tim
1045 2777 1172 2821 pingit.
1280 2775 1455 2808 humidior
1485 2784 1554 2818 qua
1580 2773 1668 2807 Gat-

957 2824 1025 2858 tias
1054 2846 1096 2851 -—
1125 2824 1272 2869 aspicit.-
1310 2824 1444 2868 cogitat
1473 2822 1669 2866 praecipue

958 2872 1001 2906 dc
1028 2872 1172 2906 sedibus
1198 2871 1392 2905 Frisiorum
1422 2875 1457 2904 et
1473 2870 1669 2904 Bructero-

957 2931 1044 2954 rum.
1108 2919 1162 2954 Cf.
1190 2919 1405 2964 Pomponius
1431 2918 1523 2952 Mela
1547 2917 1597 2952 111
1622 2919 1668 2953 3:

957 2975 1057 3003 terra
1084 2969 1162 3015 ipsa
1186 2967 1301 3003 multis
1325 2967 1491 3013 impedita
1513 2966 1668 3011 flumini-
