1768 3216
120 244 193 286 uz

789 237 929 275 INDEX

123 371 206 402 ante
244 363 380 410 aquilas
419 359 594 406 praefecti
637 362 846 400 castrorum,
897 355 1059 391 ardorem
1087 352 1311 399 compescuit
1337 362 1383 387 ne
1401 351 1620 390 incresceret

170 436 242 460 non
271 428 353 458 ante
379 421 534 468 aquilam
561 420 589 453 H
617 419 640 454 2
666 419 727 455 89.

124 486 302 522 anteferre
341 483 363 516 i.
392 493 423 516 e.
463 479 735 515 ante-ferendum
765 479 846 514 exi-

170 546 314 580 stimare
338 542 369 577 A
394 542 452 578 21.

127 607 242 642 antire
270 602 471 639 auctoritati
500 601 658 646 parentis
684 599 705 634 5
731 599 766 633 3.

124 667 303 703 Antonius
330 664 432 698 Felix
459 662 612 696 Iudaeae
639 662 849 705 procurator

176 726 294 761 affinis
322 724 471 758 Claudio
505 723 529 756 ll
560 723 581 757 5
608 721 642 756 9.

943 416 1035 451 Α8.

896 476 1089 512 Arduenna
1117 474 1209 510 silva
1237 475 1260 510 3
1287 475 1348 511 42.

898 538 1099 572 Arenacum
1127 540 1163 570 et
1189 535 1453 570 Batavodurum
1489 543 1560 570 non
1586 537 1622 570 in

947 597 1163 631 Batavorum
1190 595 1322 639 insula,
1349 595 1411 631 sed
1437 596 1473 630 in
1499 595 1623 631 dextra

947 658 1062 692 Rheni
1089 659 1167 702 ripa
1194 658 1263 691 sita
1289 661 1391 692 erant
1411 658 1437 691 Η
1466 658 1487 692 5
1514 658 1562 694 20
1588 661 1624 692 et

949 719 1007 752 21.

126 787 304 825 Antonius
331 784 468 819 Primus
494 781 690 817 Domitiani
717 780 852 814 amicus
903 789 999 813 arma
1032 778 1195 823 incipere
1228 776 1253 812 4
1282 777 1337 813 16.
1376 781 1546 823 coeptare
1584 778 1628 815 12

178 848 207 882 H
235 846 258 879 4
292 845 351 881 80.

129 907 257 942 anulus
285 905 423 940 ferreus
455 904 623 939 Romanis
652 906 851 949 gestamen,

178 967 364 1003 vinculum
391 966 574 1001 Germanis
604 965 632 999 G
660 965 719 999 31.

949 838 1008 873 32.
1063 837 1188 883 Lepidi
1233 842 1342 884 atque
1370 837 1519 872 Antonii
1550 837 1564 872 1
1596 839 1626 874 1.

951 898 1103 933 militurn
1133 898 1333 933 Germanici
1367 901 1529 943 tempore
1553 897 1627 931 usi-

953 965 1026 995 tata
1054 961 1070 994 1
1097 959 1145 995 60
1171 963 1208 993 et
1232 959 1292 994 64.

130 1029 326 1063 Aorsorum
358 1027 511 1061 nominis
561 1034 646 1059 vera
682 1023 858 1067 scriptura
907 1023 1125 1055 armamenta
1150 1019 1293 1052 navium
1321 1017 1350 1052 Η
1376 1018 1398 1053 5
1424 1018 1483 1054 23.

182 1089 227 1124 12
260 1088 314 1122 15.

133 1150 231 1194 Aper
258 1158 302 1181 ex
333 1145 449 1180 Gallia
478 1148 576 1178 ortus
611 1142 638 1177 0
671 1142 724 1177 10.
771 1142 857 1186 Apri

182 1208 295 1242 nostri
323 1216 410 1239 vere
439 1209 639 1239 correctum
670 1212 715 1238 ex
741 1214 761 1236 a
782 1203 857 1247 pri-

181 1278 239 1301 ma
267 1265 294 1300 0
323 1266 382 1299 27.

134 1326 284 1371 Apicius
323 1329 492 1369 nepotum
532 1322 689 1357 omnium
727 1321 865 1356 altissi-

184 1395 261 1420 mus
290 1395 423 1431 gurges
449 1383 473 1419 4
504 1386 533 1418 1.

138 1448 250 1493 apisci
289 1445 434 1480 solitum
470 1445 593 1479 Tacito
632 1443 781 1478 verbum
825 1443 868 1476 12

185 1507 245 1543 30.

139 1567 256 1613 aptior
279 1574 445 1600 sermone
476 1564 502 1597 ll
534 1565 557 1598 2
583 1563 616 1598 5.

138 1628 265 1672 Aquae
291 1625 504 1660 Helveticae
535 1624 561 1657 Η
596 1625 610 1657 1
640 1622 699 1657 67.

141 1687 312 1733 aquariae
355 1685 565 1730 provinciae
607 1683 783 1718 Ostiensis
833 1686 870 1716 ct

144 1770 146 1772 >
193 1747 330 1781 Gallica
358 1745 377 1778 4
401 1746 459 1780 27.

145 1807 288 1854 aquilae
333 1807 367 1840 in
412 1805 653 1840 architectura
695 1805 724 1839 H
762 1805 785 1839 3
813 1805 870 1839 71.

196 1867 429 1901 Varianarum
459 1866 644 1912 legionum
678 1875 874 1910 recupera-

193 1932 251 1961 tae
277 1927 299 1960 2
327 1927 384 1961 25.
424 1925 580 1971 aquilam
615 1925 724 1960 robur
748 1925 872 1971 legio-

193 1988 249 2021 nis
274 1988 438 2032 sequitur
464 1986 507 2020 13
530 1986 590 2021 38.
623 1987 654 2020 H
684 1987 698 2019 1
727 1985 787 2020 61.

146 2047 364 2092 Aquitaniae
394 2045 624 2090 praeposuit,
663 2044 874 2090 splendidae

194 2105 354 2149 inprimis
374 2104 543 2150 dignitati
562 2103 874 2138 administratione

195 2176 237 2200 ac
263 2175 326 2209 spe
352 2163 558 2198 consulatus
587 2163 725 2198 emend.
753 2164 784 2198 A
810 2163 844 2198 9.

149 2232 209 2260 ara
223 2225 332 2260 Consi
350 2224 411 2258 ubi
437 2225 506 2258 sita
532 2224 575 2259 12
598 2223 658 2258 24.
686 2233 747 2257 ara
762 2223 877 2258 Ubio..

199 2295 277 2319 rum
306 2284 366 2319 ubi
393 2284 504 2319 fuerit
532 2286 548 2318 1
577 2283 636 2319 39.

150 2355 318 2391 aramque
338 2346 459 2390 posuit
487 2355 590 2379 casus
616 2354 699 2378 suos
726 2345 761 2378 in
778 2355 874 2378 mar-

198 2417 298 2441 more
327 2415 532 2450 expressam
557 2405 587 2439 H
618 2405 641 2439 3
668 2405 725 2440 74.

150 2466 313 2501 Aravisci
341 2476 384 2499 an
412 2465 666 2500 Germanorum
700 2465 747 2499 sit
778 2464 875 2498 natio

201 2528 376 2560 incertum
393 2553 402 2569 ‚
431 2525 521 2560 Osos
548 2535 620 2559 non
646 2535 727 2560 esse
755 2525 877 2560 Tacito

205 2591 340 2621 certum
369 2590 422 2620 est
448 2585 475 2619 G
502 2586 559 2621 28.

154 2645 320 2682 arborum
347 2647 500 2691 patiens,
527 2646 670 2692 frugum
689 2646 879 2681 fecundum

203 2708 235 2741 A
264 2707 319 2742 12.

156 2767 270 2801 arceri
297 2775 389 2812 aqua
417 2771 452 2801 et
481 2767 555 2813 igni
583 2763 606 2802 3
631 2766 690 2801 23.

157 2827 283 2862 ardere
312 2828 335 2861 i.
365 2839 396 2862 e.
426 2826 609 2861 collucere
639 2828 681 2862 15
710 2827 728 2861 7
761 2829 795 2861 et
820 2827 877 2862 50.

205 2885 331 2921 ardere
354 2887 563 2921 nominatim
589 2887 626 2922 in
645 2886 792 2924 caedem
812 2884 882 2921 ali-

210 2948 311 2982 cuius
340 2947 367 2983 H
399 2948 413 2982 1
441 2946 499 2982 43.

911 1081 1035 1115 armati
1070 1089 1133 1124 pro
1172 1077 1346 1112 militibus
1382 1078 1423 1112 12
1449 1077 1508 1114 33.
1555 1078 1581 1113 Η
1612 1079 1633 1114 2

956 1140 1014 1175 87.
1042 1144 1256 1174 armatorum
1284 1141 1488 1183 corruptum
1508 1139 1546 1172 in
1558 1138 1634 1172 Ro-

957 1209 1140 1234 manorum
1170 1199 1213 1233 13
1242 1199 1301 1233 35.

910 1261 1079 1295 Armenia
1105 1258 1234 1304 plurali
1260 1267 1409 1293 numero
1449 1257 1542 1303 apud
1569 1257 1638 1292 Ta-

964 1321 1072 1354 citum
1095 1330 1166 1353 non
1195 1318 1330 1365 legitur
1361 1318 1403 1352 12
1427 1317 1487 1354 45.

915 1384 1074 1415 armenta
1103 1380 1128 1414 i.
1157 1390 1189 1413 e.
1224 1379 1307 1424 equi
1337 1380 1372 1412 et
1397 1378 1511 1414 boves
1538 1377 1565 1413 G
1591 1379 1624 1413 5.

919 1442 1006 1476 armi
1032 1451 1095 1485 pro
1123 1439 1282 1474 humeris
1309 1434 1338 1473 H
1364 1434 1380 1474 1
1408 1439 1468 1475 36.

917 1501 1067 1535 Arminii
1092 1501 1192 1534 fratri
1211 1509 1283 1534 non
1298 1499 1423 1534 Flavio
1447 1499 1511 1534 sed
1529 1498 1641 1534 Flavo

962 1571 1091 1595 nomen
1118 1560 1186 1594 fuit
1212 1561 1234 1594 2
1262 1558 1297 1595 9.

915 1621 1043 1656 Arriae
1064 1620 1163 1655 Paeti
1203 1619 1324 1653 uxoris
1365 1618 1469 1654 fortis
1504 1619 1643 1653 animus

969 1682 1012 1717 16
1040 1681 1098 1716 34.
1149 1681 1254 1715 Arria
1291 1680 1469 1715 Thraseae
1514 1681 1644 1714 coniux

971 1746 1125 1789 cognata
1140 1741 1252 1776 Persii
1281 1741 1368 1775 ibid.

922 1803 1103 1850 arrogatio
1136 1807 1172 1837 et
1201 1802 1377 1836 curiarum
1396 1802 1432 1836 in
1459 1811 1503 1836 ea
1528 1810 1646 1848 nego-

972 1865 1060 1898 tium
1089 1863 1114 1897 ll
1147 1866 1162 1896 1
1196 1863 1252 1897 15.

922 1924 1082 1958 Arruntii
1108 1933 1239 1958 nomen
1277 1927 1361 1957 ante
1393 1922 1601 1957 Arruntium
1627 1932 1649 1956 a

965 1984 1122 2018 librariis
1148 1985 1319 2017 omissum
1344 1982 1373 2017 H
1399 1983 1421 2018 2
1446 1981 1506 2018 65.

925 2045 1234 2078 Arsamosatorum
1264 2041 1405 2077 castelli
1434 2041 1545 2085 situs,
1580 2049 1650 2074 no-

974 2102 1081 2136 minis
1108 2113 1194 2136 vera
1220 2101 1334 2136 forma
1363 2102 1405 2135 15
1435 2101 1492 2136 10.

928 2163 964 2196 in
993 2168 1069 2196 arto
1096 2172 1217 2208 pugna
1242 2161 1274 2196 A
1299 2160 1358 2196 36.

926 2227 1022 2257 artus
1049 2222 1198 2257 tendere
1214 2247 1224 2265 ,
1250 2231 1321 2255 non
1352 2230 1456 2255 arcus
1482 2221 1512 2255 Η
1541 2221 1566 2256 4
1591 2220 1650 2256 29.

933 2294 993 2318 arx
1023 2282 1228 2328 Capitolina
1265 2282 1308 2328 (i.
1346 2293 1378 2316 e.
1414 2279 1652 2328 Capitolium)

973 2348 1008 2377 et
1034 2354 1095 2378 arx
1124 2344 1283 2378 Romana
1313 2342 1340 2376 H
1368 2342 1391 2377 3
1419 2341 1476 2376 71.
1512 2339 1652 2376 Albana

977 2403 1174 2438 Domitiani
1199 2403 1232 2437 A
1257 2402 1317 2437 45.

928 2465 1062 2499 ascitus
1082 2465 1119 2498 in
1145 2463 1364 2498 senatorium
1380 2461 1554 2506 ordinem,
1580 2471 1653 2496 non

977 2525 1118 2559 additus
1144 2524 1174 2558 H
1204 2524 1226 2558 3
1254 2524 1312 2559 52.

932 2585 1019 2620 Asia
1045 2589 1081 2620 et
1106 2584 1232 2619 Oriens
1263 2584 1290 2618 H
1321 2584 1343 2619 2
1369 2582 1428 2618 81.

931 2646 1048 2679 Asinii
1076 2644 1167 2679 Galli
1206 2655 1226 2679 a
1251 2644 1393 2678 'l'iberio
1420 2642 1583 2678 subversi
1610 2643 1655 2676 fi..

980 2705 1019 2739 lii
1045 2705 1068 2740 6
1096 2706 1155 2740 23.

928 2765 1155 2810 Asphaltitae
1181 2765 1280 2800 lacus
1306 2767 1433 2798 natura
1458 2763 1486 2797 H
1514 2764 1535 2798 5
1565 2763 1598 2798 6.

930 2826 1175 2872 Astiburgium
1224 2826 1260 2859 in
1299 2824 1505 2866 Germania,
1548 2822 1655 2858 Asci-

979 2885 1145 2932 burgium
1171 2886 1209 2921 in
1237 2883 1404 2921 Historiis
1430 2881 1657 2920 scribendum

984 2950 1038 2984 cst
1064 2945 1092 2982 G
1118 2946 1152 2981 3.
