1768 3216
152 348 325 393 Tbyestes
351 348 500 382 Materni
527 347 555 384 Ο
582 348 616 383 3.
645 349 744 384 Varii
764 348 792 384 Ο
820 350 876 384 12.

152 409 337 443 Tiberiana
362 408 486 442 domus
505 408 535 442 H
565 410 580 442 1
610 410 668 444 27.

152 468 319 503 Tiberina
346 470 439 503 ostia
470 470 510 504 15
536 469 596 505 42.

150 527 350 563 Tiberiolus
377 539 477 562 meus
503 529 525 564 6
551 529 584 563 5.

151 588 287 623 Tiberis
327 588 520 623 exundatio
558 590 571 622 1
603 588 659 624 76.
717 588 743 622 Η
774 590 790 623 1
817 589 877 625 86.

205 647 249 682 de
277 649 445 683 remediis
477 649 679 694 disputatur
707 652 724 682 1
755 649 812 684 79.
850 650 886 683 in

200 708 353 742 Tiberim
389 709 576 745 trabuntur
619 719 770 755 corpora
809 709 874 743 da-

205 775 405 804 mnatorum
433 771 454 805 6
487 771 543 813 19,
575 771 617 806 15
644 773 677 806 2.
716 770 880 804 frumen-

200 835 273 864 tum
295 835 498 875 corruptum
523 831 560 864 in
575 830 729 864 Tiberim
748 831 879 864 iactum

203 891 245 925 15
276 890 331 924 18.

151 950 225 986 Tib.
264 950 358 986 Nero
393 951 436 985 ab
473 951 637 998 Augusto
684 952 878 996 imperator

205 1011 408 1056 appellatur
439 1014 452 1046 1
485 1012 518 1047 3.
571 1012 760 1057 adoptatur
795 1011 880 1046 ibid.

202 1071 390 1116 imperium
430 1072 642 1117 adipiscitur
669 1075 681 1106 1
713 1074 746 1108 5.
791 1072 881 1107 Ger-

200 1132 375 1165 manicum
413 1133 516 1167 timet
552 1133 699 1178 oditque
739 1134 755 1166 1
793 1133 811 1167 7
845 1138 881 1167 et

200 1191 259 1226 52.
315 1201 433 1226 mores
483 1193 559 1226 eius
595 1192 676 1227 14.
735 1193 887 1226 obscura
933 1218 945 1226 .

199 1250 309 1285 verba
338 1253 353 1285 1
386 1253 439 1285 11.
469 1251 512 1285 ad
540 1253 720 1286 exercitus
742 1262 781 1286 se
804 1253 879 1285 itu-

197 1320 273 1343 rum
301 1311 445 1345 simulat
474 1313 490 1344 1
518 1312 578 1347 47.
636 1311 761 1346 Iuliam
791 1312 877 1346 olim

201 1380 348 1405 uxorem
378 1376 483 1406 necat
514 1373 528 1405 1
559 1372 617 1407 53.
646 1372 781 1406 sodalis
802 1372 880 1406 Au—

204 1430 356 1476 gustalis
387 1433 401 1464 l
432 1431 490 1466 54.
518 1430 752 1478 Agrippinam
769 1431 843 1466 odit
862 1433 878 1465 1

200 1490 259 1524 69.
314 1492 349 1525 in
379 1496 457 1526 acta
483 1502 547 1526 sua
573 1493 681 1526 iurari
710 1492 878 1537 prohibet

206 1553 221 1584 1
257 1552 312 1587 72.
358 1554 466 1596 patris
494 1553 631 1597 patriae
657 1563 788 1587 nomen
816 1563 875 1587 re-

201 1615 301 1645 cusat
330 1614 345 1645 1
376 1613 432 1646 72.
463 1612 582 1658 legem
602 1613 801 1647 maiestatis
817 1623 877 1647 re-

199 1670 297 1706 ducit
336 1674 349 1706 1
387 1673 443 1707 72.
500 1674 652 1718 imperia
688 1674 731 1708 ad
768 1673 875 1708 finem

197 1733 294 1766 vitae
321 1734 506 1768 continuat
537 1736 548 1767 1
582 1735 641 1770 80.
678 1735 872 1779 imperator

198 1793 373 1827 salutatur
399 1804 418 1827 a
450 1793 625 1828 militibus
652 1795 673 1829 2
705 1794 759 1829 18.
806 1793 876 1828 Ur-

200 1853 371 1901 gulaniae
410 1853 511 1888 adest
541 1854 635 1899 apud
669 1859 871 1899 praetorem

198 1915 220 1948 2
237 1913 296 1948 34.
324 1913 556 1957 hereditates,
583 1915 650 1948 nisi
669 1915 877 1958 amicorum,

198 1983 270 2006 non
288 1973 362 2007 adit
375 1975 395 2008 2
414 1973 472 2008 48.
501 1975 629 2009 novies
645 1974 688 2009 ab
708 1975 872 2021 Augusto

199 2033 235 2066 in
264 2032 486 2067 Germaniam
513 2035 642 2068 missus
668 2035 690 2069 2
717 2035 774 2069 56.
813 2035 880 2069 do-

199 2093 316 2126 minus
343 2092 413 2126 dici
440 2104 510 2126 non
537 2094 616 2128 vult
642 2096 664 2128 2
690 2094 751 2129 87.
783 2094 874 2129 Ger-

201 2153 331 2186 manici
357 2157 471 2187 morte
496 2153 650 2188 laetatur
667 2155 689 2188 3
707 2156 742 2188 2.
771 2165 876 2199 sper-

204 2213 331 2247 nendis
366 2214 570 2248 rumoribus
600 2215 741 2248 vatidus
773 2216 795 2250 3
826 2214 881 2249 10.

199 2273 319 2307 firmus
346 2272 517 2308 adversus
544 2275 732 2319 pecuniam
762 2275 784 2309 3
818 2274 872 2309 18.

198 2335 235 2368 in
263 2333 492 2378 Campaniam
518 2334 793 2379 proficisciturS
813 2335 873 2377 31,

197 2396 221 2428 4
247 2396 305 2430 57.
362 2395 505 2430 litterae
541 2397 618 2429 eius
652 2407 760 2441 super
787 2395 873 2429 luxu

199 2456 355 2489 civitatis
383 2456 405 2490 3
433 2456 491 2491 53.
522 2457 629 2490 animi
660 2456 811 2490 altitudo
841 2461 877 2490 et

196 2514 379 2549 simulatio
409 2516 423 2547 1
454 2516 472 2549 7
503 2520 538 2549 et
563 2515 630 2558 69,
667 2515 690 2550 4
722 2518 736 2549 1
764 2520 799 2549 et
825 2516 871 2552 29

200 2580 236 2610 et
277 2575 323 2609 52
363 2579 398 2609 et
439 2576 496 2610 71.
548 2575 727 2610 calliditas
768 2578 807 2609 11
843 2577 877 2610 3.

205 2636 407 2670 constantia
432 2635 455 2669 4
481 2635 504 2669 8
532 2639 567 2668 et
591 2636 645 2670 12.
674 2637 710 2669 in
728 2635 884 2670 deterius

198 2700 354 2729 mutatur
379 2695 402 2728 4
426 2695 458 2730 6.
489 2695 651 2729 liberalis
668 2696 688 2729 2
706 2697 764 2730 48.
793 2707 877 2740 par-

204 2766 267 2790 cus
294 2757 316 2790 3
344 2756 401 2791 52.
453 2755 606 2790 Drusum
644 2755 754 2790 filium
783 2766 880 2789 mor..

200 2821 299 2850 tuum
342 2816 462 2850 laudat
498 2820 522 2852 4
555 2818 609 2852 12.
665 2817 877 2862 spernendis

200 2877 396 2911 honoribus
415 2877 553 2912 validus
570 2878 592 2910 4
616 2878 673 2913 37.
703 2877 875 2922 templum

198 2938 277 2975 cius
302 2937 326 2971 4
356 2938 410 2973 15.
447 2938 483 2972 in
510 2937 684 2973 ulteriore
710 2937 881 2982 Hispania

829 229 972 266 INDEX

975 349 999 383 4
1025 347 1082 382 37.
1111 347 1286 392 Smyrnae
1310 345 1336 382 4
1360 345 1421 383 56.
1448 346 1568 382 omnin
1597 346 1655 383 Ila-

974 413 1031 443 cta
1058 407 1225 454 dictaque
1251 407 1406 455 Augusti
1441 406 1609 443 observat
1630 409 1657 444 4

975 469 1032 503 37.
1061 470 1090 502 Α
1121 468 1176 503 13.
1219 467 1362 515 effigies
1389 468 1469 503 eius
1494 466 1519 502 4
1546 466 1592 502 64
1618 472 1656 504 et

976 527 1033 564 74.
1074 527 1216 562 habitus
1245 528 1405 573 corporis
1430 527 1456 562 4
1481 528 1540 563 57.
1574 537 1656 562 mu..

978 589 1163 623 nilicentia
1189 589 1212 623 2
1237 587 1296 632 48,
1326 587 1350 623 4
1373 587 1432 631 64,
1459 587 1482 623 6
1506 586 1568 624 45.
1618 587 1656 622 in

985 648 1138 683 insulam
1165 647 1322 694 Capreas
1357 657 1398 683 se
1423 647 1522 683 abdit
1547 648 1571 682 4
1595 647 1655 684 67.

974 710 1011 743 in
1045 720 1157 754 specu
1192 708 1394 754 periculum
1428 708 1502 743 adit
1534 709 1558 742 4
1594 707 1652 744 59.

980 770 1182 804 dominatur
1207 769 1404 804 violentius
1419 774 1559 805 mortua
1578 779 1657 805 ma-

979 835 1032 864 tre
1058 829 1078 863 5
1106 830 1140 864 3.
1199 830 1317 864 saevit
1341 829 1379 864 in
1410 827 1565 864 Drusum
1588 839 1657 865 ue-

977 894 1095 935 potem
1122 890 1145 925 6
1171 890 1218 924 23
1245 894 1281 924 et
1308 889 1367 925 24.
1394 888 1605 926 libidineso
1623 890 1654 924 1.

977 951 1120 985 litterae
1145 950 1168 986 6
1194 950 1229 986 6.
1257 948 1396 985 scelera
1422 950 1445 986 6
1475 950 1510 986 6.
1549 949 1655 985 debi-

982 1011 1118 1045 toribus
1160 1011 1328 1045 subvenit
1360 1011 1384 1046 6
1414 1009 1470 1046 17.
1521 1009 1656 1046 Galbae

982 1072 1164 1118 praesagit
1189 1071 1378 1116 imperium
1402 1071 1426 1107 6
1453 1071 1511 1107 20.
1541 1071 1654 1107 Chal-

978 1133 1076 1167 daeis
1104 1132 1163 1166 dat
1189 1142 1334 1177 operam
1372 1131 1459 1166 ibid.
1499 1133 1655 1167 vestium

987 1193 1121 1226 iniectu
1147 1197 1299 1226 necatur
1325 1192 1348 1228 6
1374 1191 1434 1228 50.
1479 1193 1555 1227 vita
1579 1194 1657 1228 eius

977 1256 1013 1285 et
1043 1262 1159 1286 mores
1186 1251 1208 1286 6
1237 1252 1294 1286 51.
1324 1251 1599 1298 eloquentia,l3
1620 1252 1654 1287 3.

926 1319 929 1321 “
975 1313 1126 1356 imperat
1152 1312 1254 1346 annis
1281 1311 1392 1346 XXIII
1419 1311 1448 1347 0
1478 1312 1534 1348 17.

931 1372 1093 1406 Tiberius
1118 1372 1223 1406 Drusi
1249 1371 1273 1407 f.
1302 1373 1324 1407 6
1349 1372 1407 1407 46.

930 1430 1055 1465 Tiburs
1081 1430 1104 1465 6
1131 1432 1189 1466 27.

928 1491 1108 1527 Tiburtum
1135 1491 1223 1526 fines
1254 1491 1298 1527 14
1322 1493 1380 1528 22.
1553 1520 1555 1522 .

926 1553 1085 1587 Ticinum
1124 1552 1266 1600 (Pavia)
1305 1552 1328 1587 3
1362 1553 1395 1588 5.
1436 1551 1465 1587 Η
1495 1554 1519 1589 2
1549 1551 1590 1588 17
1619 1557 1655 1588 et

977 1613 1021 1648 27
1053 1617 1089 1646 et
1110 1612 1158 1648 30
1185 1616 1220 1646 et
1248 1612 1296 1647 68
1322 1616 1358 1646 et
1384 1610 1445 1647 88.

926 1673 1126 1719 Tigellinus
1152 1683 1186 1707 v.
1215 1673 1385 1708 sofonias
1412 1670 1625 1720 Tigellinus.

922 1733 1092 1780 Tigranes
1117 1733 1310 1768 Armeniae
1337 1743 1400 1768 rex
1427 1733 1450 1767 2
1476 1734 1510 1768 3.
1579 1733 1657 1768 Ro-

975 1804 1054 1828 mae
1082 1793 1261 1842 supplicio
1289 1792 1456 1827 adficitur
1481 1792 1504 1828 6
1528 1792 1589 1828 40.

922 1854 1092 1901 Tigranes
1127 1852 1321 1898 Cappadox
1356 1853 1548 1889 Armeniae
1591 1863 1657 1888 rex

979 1912 1023 1948 14
1055 1914 1112 1949 26.
1146 1913 1355 1960 alienigena
1381 1924 1402 1948 a
1429 1912 1568 1948 Parthis
1589 1923 1660 1948 vo-

974 1979 1074 2008 catur
1117 1975 1159 2009 15
1199 1975 1229 2009 1.
1289 1973 1496 2009 Adiabenos
1533 1978 1651 2009 vastat

981 2034 1066 2068 ibid.

924 2095 1181 2141 Tigranocerta
1205 2093 1334 2140 (Sereni
1352 2098 1414 2128 aut
1431 2093 1653 2141 Schikarcm)

976 2155 1168 2189 Armeniae
1195 2154 1278 2188 urbs
1299 2154 1343 2189 12
1369 2154 1428 2189 50.
1456 2152 1656 2190 Corbuloni

982 2214 1123 2249 deditur
1153 2215 1196 2250 14
1219 2215 1268 2250 23
1295 2219 1331 2249 et
1355 2214 1414 2249 24.
1455 2225 1476 2248 a
1501 2214 1658 2262 Tigrane

974 2279 1170 2319 occupatur
1198 2275 1240 2308 15
1262 2274 1297 2309 4.
1323 2274 1509 2309 obsidetur
1528 2285 1549 2309 a
1570 2274 1658 2310 Pur..

973 2334 1043 2368 this
1083 2336 1124 2369 15
1161 2335 1197 2369 4.
1258 2334 1448 2369 obsidione
1483 2334 1657 2370 liberatur

976 2396 1019 2430 15
1044 2397 1065 2430 5
1094 2400 1129 2429 et
1153 2395 1187 2430 6.
1233 2395 1363 2430 Paetus
1389 2397 1657 2441 reciperaturus

978 2460 1031 2490 est
1062 2457 1104 2490 15
1133 2455 1187 2491 18.

921 2515 1035 2561 Tigris
1074 2515 1108 2550 ss.
1146 2513 1294 2562 (thyla,
1336 2514 1511 2564 Dida-fele)
1537 2514 1560 2551 6
1586 2515 1649 2559 37,

981 2576 1023 2609 12
1055 2575 1110 2609 13.

935 2635 1140 2670 Timarchus
1175 2636 1217 2670 15
1243 2635 1301 2670 20.

927 2695 1132 2730 Timotheus
1157 2695 1391 2730 Atheniensis
1420 2696 1447 2729 Η
1476 2693 1502 2730 4
1526 2695 1586 2730 83.

931 2756 1118 2802 Tingitana
1148 2756 1392 2790 Mauretaniae
1417 2754 1605 2800 provincia
1629 2756 1659 2791 H

977 2818 998 2851 2
1026 2817 1083 2851 58.

926 2877 1098 2911 Tiridates
1129 2886 1279 2923 regnum
1307 2875 1514 2911 Parthorum
1542 2883 1657 2910 oecu-

980 2941 1041 2982 pnt
1067 2938 1088 2972 G
1115 2937 1159 2972 32
1187 2941 1223 2972 et
1248 2937 1293 2973 37
1321 2940 1357 2972 et
1382 2936 1440 2971 41.
1467 2936 1570 2983 regio
1596 2936 1655 2971 in-
