1768 3216
766 246 853 282 Cn.
884 248 989 283 1-2.
1589 251 1639 287 85

145 359 294 414 quibus
323 360 521 403 facillime
560 363 798 418 gignuntur.

873 363 928 405 At
963 376 1073 406 nunc
1110 369 1330 407 narraturo
1352 366 1472 408 -mihi
1510 367 1637 409 vitam

145 433 329 477 defuncti
357 436 537 479 homims
566 438 688 479 venia
721 450 823 492 opus
854 438 950 490 fuit3
981 451 1101 492 quam
1132 451 1217 480 non
1246 440 1460 494 petissem,
1491 441 1638 484 incur-

102 511 308 552 2saturus
337 514 419 552 tam
452 524 579 554 saeva
620 517 674 554 et⁴
698 513 848 555 infesta
893 513 1113 555 virtutibus
1151 518 1353 568 tempora.

1505 496 1626 517 *Ν-

1426 516 1635 570 Legimus,

144 593 238 625 cum
278 583 465 626 Aruleno'
509 585 678 627 Rustico
715 587 861 629 Paetus
901 587 1112 640 Thrasea,
1157 588 1370 630 Herennio
1412 589 1637 632 Senecioni

140 658 306 700 Priscus
324 659 539 702 Helvidius
568 661 722 703 laudati
752 667 906 715 essent,
940 662 1115 716 capitale
1133 662 1276 716 fuisse,
1308 675 1444 717 neque
1464 664 1667 718 inipsoss

122 731 267 774 'modo
297 737 491 776 auctores
521 735 596 776 sed
627 735 668 775 in
689 735 820 777 libros
839 747 1003 790 quoque
1024 748 1165 777 eorum
1189 737 1407 790 saevitum,
1441 737 1635 792 delegato

139 805 367 848 triumviris
409 807 640 849 ministerio
681 813 726 850 ut
761 813 1025 852 monumenta
1063 810 1387 852 clarissimorum
1436 811 1637 865 ingenio-

267 921 298 953 1.
335 931 430 954 nunc
454 927 648 955 narraturo
680 923 767 956 mihi
792 925 824 957 Γ
821 925 874 958 A
918 923 1005 957 mila·
1042 934 1138 957 nuvae
1171 930 1365 958 narraturo
1403 924 1634 959 Puteolanus.

138 967 174 1002 2
195 966 375 1012 petissem,
411 969 658 1004 incursalnrus
696 970 836 1004 editor:
858 972 1017 1014 petissem
1038 972 1263 1005 incusaturus
1287 974 1360 1014 ΓΔ,
1385 974 1569 1018 petissem:
1597 973 1636 1006 m‘

139 1020 343 1050 maturus
364 1008 592 1051 Puteolanus.

145 1062 276 1097 Trana
301 1065 338 1099 Γ.

139 1197 315 1241 particula
346 1198 453 1242 paulo
486 1203 568 1243 post
608 1201 660 1244 (c.
697 1200 720 1234 3
749 1210 844 1233 num:

139 1245 274 1279 demam
298 1246 390 1280 redit
414 1248 570 1293 animus)
587 1251 727 1291 tempus
751 1248 847 1292 quod

139 1303 219 1327 cum
258 1295 412 1329 maxime
447 1295 604 1341 agebant
634 1294 775 1329 Tacitus
812 1300 848 1329 et

138 1341 323 1387 aequales,
369 1342 525 1386 indicat..
566 1342 666 1377 Bene
710 1345 847 1376 monuit

135 1389 425 1436 Bezzenberger.
490 1389 587 1425 idem
627 1390 716 1424 vidit
742 1392 848 1425 venia

137 1448 222 1483 opus
244 1438 312 1483 ficit
335 1438 459 1473 valere
485 1440 589 1472 venia
605 1451 689 1484 opus
701 1441 847 1484 fuisset,-

135 1496 172 1520 ν.
199 1490 321 1520 annot.
348 1486 392 1520 ad
419 1487 434 1521 l
458 1488 518 1522 42.
553 1487 629 1521 Hoc
653 1487 741 1521 dicit
763 1499 847 1521 nar-

136 1537 254 1577 rator,
295 1535 326 1568 si
367 1540 447 1578 post
474 1540 623 1569 mortem
653 1536 847 1581 Agricolae

136 1583 246 1616 vitam
272 1583 349 1616 eius
378 1583 536 1617 scribere
563 1583 780 1626 voluissem,
812 1584 848 1617 id

136 1630 215 1664 siue
241 1630 403 1674 periculo
425 1631 546 1665 facere
561 1642 632 1665 non
651 1634 847 1675 potuissem

136 1678 206 1711 nisi
244 1679 353 1712 venia
383 1679 579 1713 Domitiani
615 1685 698 1713 ante
730 1681 848 1723 impe-

137 1731 239 1760 trata.
279 1725 446 1770 Ordinem
473 1734 511 1761 at
530 1739 625 1761 nunc
652 1734 846 1760 narraturo

137 1774 242 1817 milti,
277 1779 316 1807 ut
343 1772 407 1808 est'
427 1776 462 1808 in
493 1777 564 1818 ΓΔ,
605 1775 849 1819 imprudenter

138 1821 354 1856 Puteolanus
388 1824 538 1857 mutavit
572 1830 609 1857 αι
643 1824 730 1857 ηηἹιί
754 1834 849 1857 nunc

138 1876 345 1904 narraturo.

193 1951 296 1985 quam
315 1952 387 1974 non
401 1941 573 1986 petissem,
599 1942 845 1974 incursatumcs

138 1994 210 2021 tam
233 2000 340 2023 saeva
371 1993 403 2022 et
419 1990 550 2032 infesta
563 1990 745 2023 virtutibus
760 1995 849 2022 lem-

134 2048 250 2082 pora:
278 2036 373 2083 quod
398 2037 492 2070 inest
510 2037 648 2070 duobus
670 2038 848 2071 Vaticanis

136 2085 379 2127 incusatur-us,
424 2084 494 2118 hoc
537 2085 705 2130 neglecta
747 2095 848 2118 com-

137 2139 258 2183 pendii
299 2144 460 2173 notassex
487 2140 711 2174 accusaturus
740 2140 782 2186 (i.
815 2150 846 2172 e.

135 2188 404 2230 incensaturus)
440 2187 617 2221 detortum
659 2192 724 2221 est.
776 2187 848 2220 Pu-

136 2235 302 2269 teolanus
329 2236 387 2280 qui
417 2235 541 2268 scribit
579 2237 617 2268 πῖ
643 2241 848 2268 cursatur-us

136 2284 307 2317 maiorem
333 2282 433 2316 verbi
461 2288 596 2326 partem
614 2285 846 2327 (cursatur-us)

137 2331 173 2364 in
201 2329 327 2364 codice
352 2340 415 2362 suo
442 2333 503 2363 aut
533 2331 693 2374 repperit
725 2331 848 2363 incor-

137 2381 274 2422 ruptam
314 2383 374 2412 aut
413 2379 555 2421 proprio
594 2377 727 2411 iudicio
765 2387 850 2410 vere

136 2426 316 2468 restituit3
358 2425 552 2459 sed-idem
595 2426 733 2459 initium
775 2426 851 2458 eius

135 2485 175 2508 m
214 2473 426 2520 pervulgato
454 2483 586 2507 'errore
621 2472 774 2508 reddidit
798 2474 849 2514 ni,

136 2527 176 2556 ut
207 2523 414 2567 proveniret
443 2523 487 2555 'ni
519 2528 722 2556 cursatur-us
742 2548 752 2564 ‚
793 2521 850 2555 la-

136 2570 244 2605 bante
290 2570 349 2604 vel
382 2571 502 2614 potius
548 2570 719 2604 subversa
764 2579 849 2603 ver-

135 2618 260 2653 borum
291 2622 467 2652 structura
508 2623 543 2652 et
583 2628 667 2651 sana
699 2622 850 2651 senten-

136 2667 185 2700 tia
208 2666 245 2699 in
271 2676 418 2710 pravum
445 2671 623 2710 corrupta.
686 2665 848 2709 Amplius

137 2726 157 2749 a
193 2723 280 2748 vero
326 2713 533 2747 aberrarunt
575 2714 635 2758 qui
669 2723 713 2747 ex
748 2712 848 2747 fonte

138 2764 205 2796 iam
232 2761 372 2795 turbato
393 2760 616 2795 deduxerunt
638 2762 677 2794 m·
700 2761 847 2794 inteuta-

137 2817 254 2853 turus‚
300 2809 408 2854 idque
445 2819 509 2854 pro
542 2812 582 2842 m*
623 2810 847 2842 incusatur-us

137 2869 243 2893 essem
281 2862 510 2901 acceperunt.
569 2856 844 2902 Bezzenberger

138 2911 173 2941 et
199 2910 279 2950 post
305 2915 387 2939 eum
421 2905 549 2951 Hoegg
581 2905 616 2938 in
657 2914 842 2950 program-

136 2958 231 2988 mate
269 2952 529 2999 Arnsbergensi
564 2963 601 2986 a
639 2951 730 2987 1846
763 2962 842 2986 cum

700 1019 735 1052 3.
762 1018 883 1052 suevia
909 1024 941 1052 et
965 1019 1126 1064 infelicia
1151 1022 1195 1062 A,
1221 1029 1294 1052 non
1321 1022 1355 1054 Γ.

1469 1020 1635 1055 4.Pe1us

916 1199 1097 1233 Vaticanis
1116 1203 1240 1233 tenent
1264 1210 1366 1244 quam
1381 1211 1454 1234 mm
1474 1202 1635 1246 petissem

916 1249 1140 1287 incusaturus
1166 1269 1212 1275 --
1238 1254 1407 1293 tempora,
1437 1249 1502 1282 sed
1526 1249 1633 1284 Taci-

916 1299 972 1328 tus
1010 1305 1129 1340 neque
1171 1300 1257 1329 tuuc
1292 1297 1518 1330 incusaturus
1558 1302 1634 1331 erat

919 1353 1028 1376 saeva
1055 1343 1247 1377 virtutibus
1274 1348 1446 1388 tempora,
1474 1345 1537 1379 sed
1566 1355 1629 1379 so-

919 1393 991 1424 ceri
1019 1392 1128 1425 vitam
1154 1396 1359 1426 narraturus
1387 1396 1486 1435 erat,
1512 1404 1631 1438 neque

918 1450 1013 1473 nunc
1058 1439 1130 1473 tale
1169 1441 1351 1484 inceptum
1391 1442 1630 1487 persequitur,

916 1487 980 1521 sed
1006 1488 1150 1520 nonnisi
1176 1488 1295 1522 oblata
1317 1491 1510 1524 occasione
1537 1494 1572 1523 et
1596 1491 1632 1523 iu

917 1540 1122 1569 transcursu
1147 1546 1260 1579 pauca
1289 1536 1333 1569 de
1359 1537 1515 1571 saevitia
1536 1542 1632 1571 tem-

916 1584 1013 1627 poris
1031 1585 1187 1617 anteacti
1212 1583 1322 1625 addit,
1350 1595 1442 1629 quae
1459 1587 1489 1619 si
1511 1587 1631 1619 statim

916 1635 995 1674 post
1021 1636 1170 1664 mortem
1196 1632 1391 1677 Agricolae
1426 1634 1632 1677 scripsisset

920 1678 1015 1712 hunc
1041 1679 1182 1721 librum,
1213 1681 1405 1722 omisisset,
1436 1682 1519 1725 quia
1544 1687 1631 1714 tunc

916 1727 1071 1760 nondum
1100 1733 1308 1762 evenerant.
1363 1728 1452 1762 Item
1480 1729 1627 1762 Wexius

917 1772 1043 1817 verba,
1086 1781 1123 1808 ut
1158 1775 1328 1820 leguntur
1357 1777 1393 1808 in
1435 1777 1630 1820 Vaticanis,

916 1833 1002 1855 sana
1035 1833 1116 1857 esse
1148 1828 1249 1866 putat
1286 1828 1322 1857 et
1352 1825 1630 1868 interpretatur:

915 1869 1085 1904 ‘laudanti
1113 1871 1222 1905 hodie
1249 1873 1355 1905 venia
1385 1882 1474 1916 opus
1494 1899 1503 1915 ‚
1532 1872 1631 1906 nulla

917 1928 1005 1961 opus
1034 1925 1129 1953 esset
1150 1921 1369 1963 incusatum,
1392 1921 1482 1954 adeo
1499 1921 1631 1954 infesta

919 1966 1111 2000 virtutibus
1157 1973 1238 2001 sunt
1283 1973 1465 2011 tempora,
1509 1973 1632 2002 contra

913 2015 1037 2059 pronis
1072 2015 1215 2049 auribus
1251 2017 1475 2060 accipiuntur
1514 2016 1632 2050 obtre-

917 2063 1024 2095 ctatio
1050 2074 1095 2096 ac
1121 2062 1221 2097 livor.
1273 2063 1364 2097 Hist.
1411 2066 1428 2098 1
1470 2063 1510 2097 1’.
1563 2063 1633 2098 Sed

916 2110 1069 2144 obscure
1095 2110 1183 2145 haec
1213 2111 1308 2146 dicta
1336 2116 1418 2145 sunt
1445 2116 1481 2144 et
1507 2112 1631 2156 inique

917 2157 961 2191 de
1003 2168 1097 2192 novo
1147 2164 1182 2193 et
1222 2159 1435 2194 felicissimo
1482 2159 1630 2201 secu103

916 2216 1034 2250 neque
1083 2208 1245 2250 proxima
1296 2207 1527 2240 conveniunt.
1584 2206 1629 2239 Ut

918 2262 988 2298 ego
1017 2254 1225 2296 emendavi,
1253 2254 1337 2288 dicit
1365 2254 1528 2287 Tacitus:
1559 2263 1630 2286 non

917 2300 986 2334 fuit
1019 2303 1156 2334 animus
1185 2301 1292 2334 talem
1321 2303 1460 2334 veniam
1492 2305 1629 2343 petere,

918 2357 988 2391 quo
1028 2349 1106 2403 ipso
1138 2359 1284 2382 saevum
1321 2348 1514 2381 Domitiani
1549 2349 1631 2381 ani-

922 2405 1014 2427 mum
1042 2397 1077 2428 iu
1107 2406 1163 2430 me
1187 2397 1379 2430 irritassem
1398 2401 1433 2429 et
1452 2395 1631 2429 hominem

922 2443 1112 2478 virtutibus
1140 2444 1308 2478 infestum
1339 2445 1497 2490 graviter
1514 2444 1631 2478 offen-

920 2490 1061 2525 dissem.
1089 2492 1165 2526 Hoc
1194 2497 1249 2526 est
1274 2491 1363 2526 illud
1388 2492 1632 2525 incursaturus

920 2545 986 2587 (τ.
1006 2541 1138 2585 quippe
1172 2541 1231 2586 qui
1279 2542 1516 2574 incursassem
1553 2541 1631 2572 sive

919 2589 1165 2634 offendissem)
1203 2594 1274 2622 tam
1300 2599 1408 2622 saeva
1446 2593 1477 2621 et
1503 2588 1632 2630 infesta

917 2637 1099 2672 virtutibus
1125 2642 1291 2680 tempora.
1346 2635 1444 2676 Quae
1469 2635 1630 2678 proximo

919 2687 1035 2730 capite
1053 2689 1261 2729 sequuntur,
1290 2684 1332 2716 iis
1359 2683 1463 2715 huius
1481 2686 1631 2715 senten-

918 2735 988 2768 tiae
1020 2734 1208 2767 veritatem
1235 2730 1419 2775 probatum
1447 2730 1524 2762 ivit.

994 2807 1080 2851 Cap.
1124 2810 1157 2841 2.
1210 2807 1355 2851 legimus
1394 2825 1438 2830 —
1478 2804 1630 2850 capitale

914 2857 1046 2900 fuisse:
1083 2865 1159 2888 cum
1187 2854 1366 2887 Arulenus
1396 2852 1564 2885 Rusticus
1591 2856 1627 2885 et

914 2904 1112 2937 Herennius
1140 2902 1292 2935 Senecio
1309 2901 1443 2934 Romae
1470 2901 1627 2934 accusati

912 2955 993 2984 sunt
1021 2954 1055 2984 et
1081 2950 1254 2991 damnati,
1294 2948 1433 2982 Tacitus
1468 2947 1515 2981 ibi
1557 2956 1627 2981 non
