1768 3216
731 217 819 256 Gir.
846 220 1002 259 35...37,
1558 217 1634 257 m

143 337 389 393 quintiorum
414 335 678 379 bibliothecis
707 338 842 379 adhuc
872 342 1059 391 manent,
1101 342 1143 380 et
1172 349 1266 379 cum
1298 337 1477 379 maxime
1505 348 1530 380 a
1549 334 1642 381 Mu·
1692 359 1695 361 ·

149 413 271 455 cinno
305 412 627 464 contrahuntur,
676 422 725 454 ac
756 413 837 455 iam
877 414 1097 467 undecim,
1143 418 1187 455 ut
1219 409 1392 467 opinor,
1441 411 1640 457 Actorum

149 486 270 529 libris
300 491 341 529 et
370 487 501 529 tribus
530 487 803 542 Epistularum
837 489 1065 543 composita
1096 492 1137 530 et
1166 487 1275 529 edita
1304 493 1411 530 sunt.
1485 489 1548 530 Ex
1576 489 1641 530 his

142 558 333 617 intellegi
361 566 497 616 potest
528 560 736 623 Gnaeum*
751 563 987 621 Pompeium
1029 567 1070 605 et
1098 563 1281 605 Marcum
1324 563 1518 618 Crassum
1556 574 1640 605 non

142 635 304 679 viribus
331 636 458 678 modo
491 641 532 678 et
563 637 688 679 armis
719 638 795 679 sed
827 638 998 692 ingenio
1040 621 1285 692 quoque-“et
1328 638 1518 680 oratione
1561 649 1674 686 vai-5

88 699 107 777 ι(
144 710 298 762 luisse3
342 711 536 752 Lentulos
567 716 608 753 et
631 710 819 754 Metellos
850 716 890 752 et
921 712 1114 753 Lucullos
1144 716 1185 753 et
1214 712 1416 753 Curiones
1448 715 1489 753 et
1522 715 1638 753 cete—

89 779 102 823 .'
142 794 234 828 ram
263 793 485 840 procerum
514 796 678 827 manum
709 785 876 827 multum
908 786 950 826 in
981 786 1046 827 his
1071 785 1219 827 studiis
1249 797 1403 840 operae
1429 796 1638 840 curaeque

90 870 102 921 ²)
145 859 363 914 posuisse,
408 869 486 901 nec
516 871 761 913 quemquam
793 860 873 901 illis
908 860 1160 914 temporibus
1193 870 1384 914 magnam
1412 859 1637 913 potentiam

88 923 98 994 ἔξ
142 933 237 976 sine
266 931 403 987 aliqua
435 933 670 987 eloquentia
707 937 990 975 consecutum.
1057 933 1130 975 His
1169 933 1400 975 accedebat
1439 933 1636 987 splendor

86 995 89 1002 '¹
142 1018 311 1050 reorum
339 1011 382 1048 et
410 1004 650 1062 magnitudo
684 1019 926 1058 causarum,
965 1016 1070 1060 quae
1109 1011 1149 1047 et
1179 1007 1267 1060 ipsa
1296 1006 1513 1060 plurimum
1544 1006 1638 1047 elo-
1654 1024 1691 1052 ω

144 1081 337 1136 quentiae
367 1085 592 1135 praestant.
652 1082 754 1123 Nam
786 1080 952 1122 multum
994 1080 1167 1122 interest
1203 1084 1394 1122 utrumne
1432 1079 1485 1121 de
1527 1079 1638 1120 furto

143 1160 213 1198 aut
241 1155 418 1197 formula
448 1160 489 1196 et
518 1155 741 1196 interdicto
774 1153 995 1196 dicendum
1027 1154 1197 1206 habeas,
1231 1164 1284 1196 an
1310 1154 1362 1195 de
1384 1153 1539 1195 ambitu
1559 1164 1637 1195 co-

144 1230 376 1282 mitiorum,
419 1229 608 1283 expilatis
639 1229 769 1270 sociis
801 1233 839 1269 et
874 1228 1033 1269 civibus
1066 1227 1294 1269 trucidatis.
1372 1228 1486 1276 Quae
1529 1226 1634 1268 mala

145 1305 252 1348 sicut
283 1311 367 1345 non
395 1304 591 1346 accidere
621 1303 765 1344 melius
798 1306 885 1354 est,
934 1303 1051 1356 isque
1083 1301 1259 1355 optimus
1292 1301 1473 1343 civitatis
1505 1303 1635 1343 status

144 1379 360 1421 habendus
394 1383 470 1430 est,
504 1379 545 1419 in
577 1390 658 1432 quo
690 1378 790 1418 nihil
819 1378 899 1418 tale
931 1377 1135 1430 patimur,
1166 1376 1221 1418 ita
1254 1388 1346 1417 cum
1378 1375 1688 1426 acciderent‚15

143 1453 356 1509 ingentem
387 1452 647 1507 eloquentiae
680 1452 893 1494 materiam
924 1451 1302 1493 subministrabant.
1347 1449 1508 1490 Crescit
1526 1448 1636 1490 enim

145 1540 238 1570 cum
270 1528 537 1582 amplitudine
562 1539 699 1568 rerum
732 1527 794 1567 vis
827 1526 1007 1581 ingenii,
1055 1538 1134 1567 nec
1165 1525 1378 1578 quisquam
1413 1523 1567 1565 claram
1598 1526 1638 1564 et

145 1603 359 1644 inlustrem
400 1602 632 1653 orationem
671 1601 840 1642 efficere
882 1603 1017 1653 potest
1057 1599 1138 1640 nisi
1179 1599 1247 1652 qui
1287 1608 1453 1639 causam
1496 1607 1635 1650 parem

145 1678 316 1720 invenit.
378 1676 494 1729 Non,
526 1677 688 1733 opinor,
719 1674 1041 1717 Demosthenem
1073 1673 1284 1716 orationes
1303 1672 1520 1714 inlustrant
1536 1682 1637 1726 quas

1443 1853 1478 1889 3.
1506 1853 1638 1899 epistu-

246 1864 276 1897 1.
304 1860 392 1907 bybl.
422 1861 458 1895 P.
546 1863 639 1906 cum]
668 1865 843 1904 superscr.
871 1859 940 1892 mic
965 1859 1000 1892 in
1026 1853 1061 1891 P.
1158 1859 1191 1892 2.
1220 1851 1283 1890 XI.
1309 1853 1346 1889 P.
1499 1901 1522 1936 6

1525 1928 1533 1936 .
1564 1909 1638 1935 me-

145 1911 262 1945 tarum
286 1910 324 1953 P,
352 1914 389 1943 ut
413 1909 517 1944 solet.
617 1911 651 1944 3.
680 1909 734 1942 his
759 1904 807 1942 P:
836 1908 878 1941 iis
906 1907 942 1941 F.
1032 1907 1065 1941 4.
1095 1903 1159 1939 Gn.
1188 1896 1224 1938 Ρ.
1311 1904 1361 1938 M.
1390 1901 1424 1936 Ρ.

146 1959 245 1994 tectos
272 1959 333 1994 sed
359 1962 391 1992 et
418 1961 482 2003 (ex
508 1958 751 2003 geminatione
780 1954 848 1990 litt.
876 1968 891 1989 s
919 1959 967 2000 et)
998 1954 1033 1988 P.
1187 1953 1222 1988 9.
1250 1952 1396 1986 accedat
1423 1947 1467 1994 F,
1503 1957 1573 1983 non
1600 1945 1637 1983 P.

149 2009 206 2044 10.
233 2018 374 2042 reorum
400 2007 473 2041 FP:
501 2006 562 2040 alii
590 2017 719 2039 rerum.
818 2005 970 2038 causare}
996 2002 1118 2037 eadem
1144 2012 1249 2035 manu
1278 2004 1476 2034 correctum
1503 2008 1547 2033 ex
1575 2008 1639 2031 cu·

144 2059 235 2090 rarii
258 2055 293 2090 P.
372 2057 427 2091 12.
456 2055 680 2088 comiciorum
711 2053 745 2086 P.
843 2054 897 2087 13.
925 2051 1087 2097 expilatis
1111 2051 1156 2084 P:
1182 2050 1223 2083 de
1250 2049 1411 2095 expilatis
1436 2047 1474 2081 F.
1550 2046 1639 2079 cim·-

145 2105 222 2152 Ims]
251 2104 431 2139 comitibus
457 2102 533 2137 FP:
561 2101 715 2136 correxit
742 2098 971 2135 Puteolanus.
1063 2101 1117 2134 15.
1145 2097 1325 2132 habendus
1351 2102 1399 2130 est
1425 2093 1477 2129 1‘:
1505 2094 1639 2128 haben-

147 2153 210 2187 dus
234 2151 272 2188 F.
351 2153 388 2186 in
414 2164 478 2197 quo
505 2151 559 2185 FP
586 2162 665 2185 cum
692 2150 793 2184 aliis:
820 2161 884 2194 quo
913 2148 1091 2182 editiones
1118 2152 1271 2180 veteres.

926 2291 1028 2324 stolis
1056 2291 1120 2323 viri
1149 2286 1445 2322 administrandae
1474 2285 1524 2319 rei
1545 2283 1637 2328 pub-

928 2339 1018 2373 licae
1044 2338 1222 2382 principes
1249 2335 1292 2370 de
1315 2335 1420 2368 rebus
1448 2334 1481 2366 in
1511 2336 1638 2366 senatu

926 2392 985 2420 aut
1025 2387 1192 2420 contione
1228 2384 1385 2417 tractatis
1425 2381 1638 2415 sententiam

217 2295 302 2341 Cap.
330 2297 388 2330 37.
447 2307 470 2328 a
505 2295 672 2328 Muciano
709 2300 855 2327 contra-

144 2344 298 2378 huntur.-
326 2349 379 2378 est
411 2343 451 2377 Μ.
482 2343 640 2376 Licinius
660 2342 854 2381 Mucianus,

144 2393 260 2428 clarus
295 2392 357 2426 ille
401 2391 611 2436 Vespasiani
653 2392 786 2423 amicus
822 2393 856 2422 et

142 2446 308 2476 strenuus
357 2440 497 2474 adiutor
540 2440 680 2484 imperii
717 2438 857 2481 Vespa-

142 2491 244 2525 siano
271 2486 485 2523 conciliandi
505 2514 513 2529 ‚
549 2489 608 2532 qui
645 2498 732 2531 pace
759 2491 857 2530 parta

143 2540 256 2573 otium
284 2542 319 2572 et
345 2538 529 2583 ingenium
555 2536 685 2570 litteris
712 2535 856 2574 dicavit,

145 2598 188 2621 eo
211 2587 356 2620 nomine
382 2586 525 2628 saepius
545 2595 563 2617 a
591 2583 705 2617 Plinio
733 2583 768 2615 in
783 2583 856 2616 Na-

142 2634 249 2668 turali
283 2633 430 2667 historia
466 2632 638 2665 laudatus.
692 2630 858 2664 Actorum

144 2683 226 2717 libri
263 2692 324 2723 ea,
374 2681 519 2724 opinor,
564 2678 740 2722 complexi
777 2684 857 2711 sunt

144 2741 235 2777 quae
261 2739 379 2763 coram
414 2727 546 2772 populo
587 2732 693 2771 atque
723 2727 757 2759 in
796 2737 857 2760 se..

145 2783 230 2813 natu
264 2776 509 2811 memorabilia
541 2785 668 2821 magna
706 2779 857 2808 conten..

145 2830 243 2861 tione
270 2832 304 2859 et
333 2826 490 2870 egregiis
529 2823 749 2856 orationibus
782 2822 857 2856 dis-

147 2879 285 2920 ceptata
314 2878 425 2908 erant.

217 2944 324 2980 tribus
335 2942 601 2991 Epistularum.-
632 2941 667 2975 in
696 2941 750 2975 his
778 2940 858 2986 epi-

927 2445 1023 2468 suam
1063 2445 1144 2468 cuni
1190 2433 1313 2466 amicis
1348 2430 1638 2465 communicave-

927 2487 1015 2516 rant.
1061 2482 1146 2516 Inde
1176 2481 1337 2515 hausisse
1363 2478 1521 2513 Tacitum
1547 2487 1638 2522 quae

928 2531 1063 2576 profert
1088 2542 1118 2565 c.
1139 2531 1192 2572 18,
1206 2529 1362 2563 suoloco
1382 2527 1551 2560 monitum
1573 2529 1636 2558 est.

1001 2601 1042 2634 ‹le
1066 2602 1159 2645 furto
1186 2606 1246 2633 aut
1283 2597 1440 2644 formul«
1469 2601 1499 2628 et
1525 2596 1637 2628 inter-

928 2650 1049 2684 dicto.-
1090 2649 1269 2692 componit
1309 2657 1382 2680 rem
1410 2645 1503 2678 furto
1536 2641 1638 2676 abla-

929 2703 996 2732 tani
1025 2702 1059 2730 ct
1087 2697 1347 2741 possessionem
1371 2692 1565 2731 turbatam3
1590 2688 1636 2723 cr.

928 2750 1048 2780 annot.
1076 2744 1118 2778 ad
1145 2756 1174 2777 c.
1191 2745 1246 2778 20.
1291 2742 1350 2775 llis
1377 2740 1523 2785 privatis
1550 2747 1638 2771 cau-

928 2796 976 2827 sis
1015 2794 1132 2827 statim
1170 2790 1330 2835 adiungit
1367 2787 1551 2833 publicas,
1594 2795 1637 2818 ex

929 2842 1055 2887 quibus
1091 2838 1307 2884 significavit
1335 2837 1481 2871 ambitus
1515 2838 1551 2868 et
1576 2843 1637 2867 rc-

925 2889 1157 2935 petundarum
1171 2886 1416 2932 quaestionem
1433 2888 1537 2929 atque
1550 2892 1635 2928 per-

929 2936 1111 2972 duellionis
1138 2934 1318 2970 iudicium.
