1768 3216
137 240 190 277 34
618 234 626 239 *
753 234 1020 271 GERMANIAE

140 355 351 399 fortuitum
373 357 413 394 et
429 352 605 395 subitum
622 352 781 405 incidit,
809 353 933 394 certis
956 352 1118 405 diebus,
1138 363 1229 393 eum
1247 355 1316 394 aut
1337 351 1556 395 inchoatur
1571 353 1640 396 lu-

142 443 193 473 na
215 434 282 471 aut
300 428 509 482 impletur:
536 440 630 469 nam
650 427 826 482 agendis
847 427 972 469 rebus
988 427 1070 468 hoc
1090 427 1463 481 auspicatissimum
1478 427 1639 470 initium

143 503 327 545 credunt.
377 502 463 543 Nec
482 502 642 543 dierum
659 513 891 553 numerum,
921 505 965 542 ut
983 513 1076 553 nos,
1098 501 1172 542 sed
1189 501 1371 542 noctium
1391 506 1640 556 computant.

143 578 212 620 Sic
229 577 496 628 constituunt,
530 576 591 618 sic
616 575 864 617 condicunt:
898 587 983 617 nox
999 575 1154 617 ducere
1184 575 1294 616 diem
1310 575 1488 618 videtur.
1537 576 1640 619 lllud

111 670 130 700 ⁵
145 666 197 694 ex
219 652 411 693 libertate
428 650 585 703 vitium,
620 650 729 704 quod
750 661 833 690 non
852 649 972 691 simul
988 662 1067 691 nec
1083 653 1125 691 ut
1146 650 1247 692 iussi
1269 650 1535 704 conveniunt,
1568 651 1643 694 sed

146 731 185 769 et
213 726 316 768 alter
347 729 386 766 et
414 725 558 766 tertius
588 725 678 766 dies
708 725 972 766 cunctatione
1005 725 1243 766 coeuntium
1291 725 1531 767 absumitur.
1591 726 1643 768 Ut

142 802 288 842 turbae
318 800 500 854 placuit,
534 799 755 840 considunt
791 799 950 840 armati.

144 876 291 930 quibus
323 879 404 915 tum
438 878 477 914 ct
520 873 747 915 coercendi
787 874 850 914 ius
889 877 979 924 est,
1022 873 1260 926 imperatur.

1013 798 1227 841 Silentium
1271 811 1346 853 per
1384 799 1643 853 sacerdotes,

1321 873 1419 915 Mox
1461 886 1538 916 rex
1578 873 1646 916 vel

142 950 360 1005 princeps,
407 952 527 1002 prout
558 952 672 990 aetas
714 948 888 1001 cuique,
934 951 1057 1001 prout
1084 947 1310 1002 nobilitas,
1353 951 1475 1001 prout
1517 947 1645 990 decus

91 1038 132 1070 ιο
145 1024 365 1075 bellorum,
397 1027 519 1076 prout
550 1022 744 1063 facundia
777 1026 853 1073 est,
887 1021 1133 1074 audiuntur,
1167 1022 1412 1063 auctoritate
1443 1022 1647 1064 suadendi

146 1098 280 1153 magis
312 1110 432 1151 quam
461 1096 631 1138 iubendi
661 1100 880 1150 potestate.
923 1096 966 1138 Si
1000 1095 1210 1149 displicuit
1232 1097 1450 1148 sententia,
1482 1096 1648 1138 fremitu

149 1175 449 1226 aspernantur3
480 1171 544 1212 sin
575 1170 744 1224 placuit,
778 1170 957 1212 frameas
989 1171 1252 1211 concutiunt:
1283 1170 1647 1213 honoratissimum

288 1330 319 1363 1.
347 1329 472 1363 incidit
498 1328 522 1362 P
550 1339 628 1363 cum
655 1327 864 1373 plerisque:
892 1327 1058 1362 inciderit
1086 1327 1366 1363 Hummelianus.

906 1377 1050 1410 inicium
1075 1376 1111 1410 P.

587 1427 642 1461 10.
671 1425 860 1459 autoritate
887 1424 923 1458 P.

149 1378 363 1412 catissimam
389 1378 425 1410 in
453 1378 477 1411 P
503 1377 643 1411 invenit
667 1377 807 1411 Massm.

148 1426 229 1475 ιαηῖ)
259 1427 301 1460 P:
326 1425 388 1460 alii
416 1432 496 1460 tum.

147 1579 328 1623 principes
354 1577 492 1611 faciunt
518 1576 801 1623 προβούλευμα,
823 1582 862 1610 ut

147 1631 293 1661 senalus
315 1625 591 1659 Atheniensium
619 1630 653 1659 et
680 1630 798 1669 patres
826 1627 861 1659 in

146 1675 234 1709 urbe
258 1675 381 1709 Roma.
411 1673 711 1716 Praetractentur,
741 1678 779 1706 ut
807 1679 861 1708 est

148 1734 227 1757 cum
263 1723 336 1757 levi
370 1723 460 1756 vitio
487 1723 534 1756 'in
571 1722 697 1756 codice
724 1722 862 1756 Farne-

148 1773 270 1813 siano‚
306 1772 462 1806 Muretus
503 1775 538 1804 et
571 1770 757 1804 Acidalius
796 1781 861 1804 suo

148 1820 283 1854 iudicio
315 1830 442 1854 verum
478 1829 558 1853 esse
590 1825 863 1863 perspexerunt.

149 1868 237 1902 Nam
274 1873 535 1914 pertractentur
582 1867 794 1913 diligentem
831 1872 866 1902 et

155 1918 329 1951 curiosam
376 1917 624 1951 tractationem
660 1915 863 1959 denotaret,

151 1965 292 2009 qualem
316 1965 457 1998 Tacitus
481 1964 736 1998 Germanorum
764 1966 866 2010 prin-

153 2014 292 2057 cipibus
339 2014 400 2046 vix
446 2012 622 2046 tribuerit.
673 2012 726 2046 Ac
780 2024 866 2047 sane

142 2067 374 2106 pti-actentur
410 2065 473 2106 (=
511 2064 793 2108 pertractentur)
834 2066 869 2095 et

153 2111 380 2156 fitractentur
404 2112 463 2154 (=
483 2113 785 2154 praetractentur)
810 2109 867 2143 fa..

155 2157 226 2192 cile
254 2159 461 2192 commutari
496 2161 701 2201 potuerunt.
756 2157 867 2192 Prae-

157 2206 309 2240 tractari
334 2210 388 2239 est
413 2204 518 2246 ἅπαξ
550 2205 770 2253 λεγόμενον.

230 2276 412 2322 fortuitum
436 2282 468 2311 et
492 2277 658 2311 subitum:
682 2275 868 2309 fortuitum

156 2324 250 2371 quod
283 2335 354 2358 non
395 2327 600 2369 praevisum
638 2335 659 2357 a
690 2324 868 2368 principi-

154 2374 240 2416 bus,
268 2372 423 2407 subitum
450 2375 544 2419 quod
572 2371 681 2406 celeri
715 2372 867 2406 consilio

153 2421 375 2456 tractandum
403 2427 468 2455 est.
547 2432 624 2457 cum
645 2443 686 2448 —
716 2421 868 2454 inchoa-

156 2476 214 2504 tur
239 2469 345 2502 luna:
373 2469 418 2503 cf.
451 2469 583 2505 Caesar
607 2468 621 2502 l
648 2469 694 2504 50
721 2474 810 2503 extr.

237 2550 303 2572 nec
337 2539 471 2573 dierum
505 2551 686 2574 numerum
727 2559 772 2565 —-
810 2539 870 2572 sed

154 2588 310 2622 noctium
337 2594 557 2633 computant:
588 2588 682 2621 idem
709 2587 752 2620 de
782 2586 868 2621 Gal-

154 2635 200 2670 lis
227 2634 358 2670 Caesar
394 2636 499 2669 tradit
536 2635 583 2669 VI
611 2635 678 2669 18:
713 2634 808 2668 Galli
832 2646 869 2668 sc

155 2695 272 2717 omnes
310 2684 353 2718 ab
405 2683 486 2718 Dite
532 2690 634 2729 patre
679 2688 872 2728 proqnatos

152 2733 377 2777 praedicant.
427 2751 466 2775 -3
522 2732 570 2766 Ob
613 2742 689 2765 eam
728 2742 872 2765 causam

155 2782 271 2825 spatia
301 2781 411 2814 omnis
437 2780 601 2826 temporis
629 2790 701 2813 non
726 2790 870 2813 numero

156 2828 290 2862 dierum
320 2829 381 2862 sed
419 2829 573 2863 noctium
608 2829 758 2873 finiunt3
799 2828 871 2861 dies

155 2876 293 2909 natales
337 2883 379 2918 ct,
414 2878 582 2911 mensium
623 2882 655 2910 et
697 2886 871 2910 annorum

155 2924 261 2957 initia
283 2926 333 2957 sic
359 2924 555 2968 observant,
581 2931 618 2959 ut
643 2930 780 2961 noctem
798 2924 871 2958 dies

157 2971 397 3017 subsequatur.
437 2972 528 3008 Hinc
553 2974 590 3008 in
619 2972 741 3020 legum
768 2971 871 3008 libris

1443 1330 1477 1364 2.
1521 1330 1642 1375 auspi-

1216 1377 1250 1411 8.
1280 1383 1396 1411 tamen
1422 1379 1503 1424 (per
1531 1387 1645 1424 comp.

1017 1427 1070 1459 11.
1100 1427 1286 1470 magisqua‘
1311 1426 1347 1460 P.

933 1577 1088 1622 antiquis
1100 1575 1351 1611 Germanorum
1369 1577 1536 1612 noctibus
1555 1582 1649 1612 tem-

932 1635 1018 1670 pora
1063 1625 1299 1668 definiuntur,
1345 1625 1408 1660 sed
1460 1636 1647 1670 perperam

933 1674 1058 1708 eodem
1109 1674 1314 1708 referuntur
1368 1674 1574 1709 Weilmacht
1613 1680 1649 1709 et

934 1722 1150 1766 Faslnachu
1190 1733 1270 1756 nam
1307 1723 1405 1767 prius
1432 1723 1562 1757 festum
1589 1724 1648 1763 in.

933 1772 1019 1815 cipit
1049 1775 1208 1815 tcmpore
1234 1777 1430 1814 nocturno,
1458 1771 1651 1806 Fastnacht

934 1825 1054 1853 aulem
1090 1819 1294 1864 appellatur
1331 1831 1374 1854 ex
1409 1819 1522 1853 tribus
1547 1820 1650 1855 festis

933 1867 1060 1902 diebus
1105 1873 1284 1902 extremus
1322 1869 1381 1913 qui
1427 1879 1445 1903 a
1489 1873 1649 1913 tempore

934 1917 1150 1950 ieiuniorum
1179 1917 1368 1961 excipitur,
1397 1916 1432 1951 id
1459 1917 1554 1962 quod
1580 1927 1649 1951 no-

935 1971 1060 1998 cturno
1090 1969 1250 2009 tempore
1274 1965 1416 1999 accidit.

1006 2035 1058 2068 sic
1084 2036 1315 2077 constituunt,
1359 2036 1412 2068 sic
1437 2035 1651 2070 condicunt:

935 2085 1149 2117 constituunt
1183 2083 1218 2115 in
1247 2084 1454 2118 universum
1485 2083 1529 2118 de
1555 2088 1649 2118 tem-

934 2142 1021 2175 pore
1067 2130 1255 2175 praefinito
1294 2132 1337 2165 ad
1367 2135 1448 2166 ‘reni
1494 2132 1650 2177 aliquam

936 2180 1109 2225 agendam
1154 2178 1286 2213 dictum
1335 2185 1414 2223 est3
1464 2180 1651 2215 condicunt

936 2239 1014 2262 cum
1041 2227 1248 2261 adversario
1277 2229 1433 2263 iudicem
1459 2228 1600 2263 adituri.

1007 2336 1073 2358 nec
1099 2330 1136 2358 ut
1172 2324 1280 2358 iussi:
1321 2324 1356 2358 in
1396 2335 1506 2370 opere
1545 2325 1651 2360 simul

937 2373 1098 2418 evulgati
1140 2372 1201 2417 (H.
1240 2372 1289 2405 lv
1324 2373 1414 2419 76):
1460 2374 1652 2408 Germanos

936 2431 1008 2454 non
1033 2421 1170 2464 iuberi,
1206 2431 1278 2453 non
1306 2422 1402 2466 reqi,
1439 2422 1501 2456 sed
1527 2427 1655 2457 cuncta

936 2480 980 2502 eac
1002 2469 1146 2503 libidine
1178 2479 1297 2513 aqere.

1016 2545 1053 2572 ut
1100 2538 1222 2572 turbae
1257 2539 1420 2584 placuit,
1469 2538 1655 2572 considunt

936 2587 1088 2620 armati.-
1116 2586 1325 2620 considendi
1355 2591 1494 2630 tempus
1521 2590 1556 2620 et
1581 2586 1653 2620 ini-

942 2635 1028 2668 tium
1067 2634 1213 2669 concilii
1256 2645 1328 2668 non
1364 2646 1384 2669 a
1425 2635 1653 2679 praepositis,

941 2683 1004 2716 sed
1031 2684 1169 2717 incerto
1203 2682 1442 2717 multitudinis
1475 2692 1654 2717 consensu

941 2730 1118 2765 definitur.
1204 2731 1322 2766 Aliter
1372 2731 1654 2766 Doederlinius:

939 2779 1050 2813 ‘nullo
1079 2780 1228 2822 ordine,
1266 2790 1337 2813 non
1372 2779 1555 2822 tribubus,
1581 2789 1654 2813 non

940 2828 1132 2872 gentibus,
1180 2838 1251 2861 non
1299 2827 1446 2862 familiis
1484 2827 1656 2871 discreti3

941 2880 1063 2909 contra
1099 2886 1204 2921 quam
1240 2876 1275 2909 in
1322 2876 1552 2920 plurimarum
1587 2886 1654 2909 na-

941 2924 1076 2958 tionum
1107 2924 1343 2958 concionibus
1370 2928 1405 2958 et
1433 2923 1470 2957 in
1496 2924 1654 2968 ipsorum

941 2972 1030 3008 adeo
1060 2971 1316 3009 Germanorum
1351 2970 1500 3018 proeliis
1536 2973 1654 3008 usita-
