1768 3216
107 258 130 290 a
144 250 194 290 ΰ.
222 255 282 291 ⁷0.

599 252 734 288 LIBER
761 253 802 288 V.
856 251 942 288 Gn.
970 252 1077 288 3-5.

1527 240 1601 283 sn

39 361 43 365 ’
106 371 305 428 Aegyptii
345 371 455 426 Apin
492 371 645 413 colunt.
706 370 788 413 Sue
831 369 1038 411 abstinent
1082 366 1285 410 memoria
1325 363 1484 418 eladiS,
1533 346 1768 426 (1118ζῇιῶ

1164 426 1243 437 *³⁶³⁶*-
1251 434 1313 443 -W

109 446 227 501 ipsos
258 445 428 488 scabies
460 445 668 499 quondam
698 447 966 498 turpaverat,
1010 442 1076 483 cui
1116 441 1158 482 id
1190 427 1612 482 animasdffioxium.

110 520 297 576 Longam
327 519 423 561 olim
443 519 594 561 famem
627 517 786 559 crebris
816 516 951 559 adhuc
982 514 1149 558 ieiuniis
1178 515 1359 557 fatentur
1369 525 1381 564 ;
1412 516 1453 554 et
1472 515 1616 567 rapta-

112 589 203 636 rum
235 594 400 649 frugum
431 597 719 649 argumentum
750 593 868 647 panis
901 591 1094 634 Iudaicus
1124 589 1237 632 nullo
1269 589 1476 631 fermento
1507 585 1617 647 deti-

110 671 244 736 nQ.

110 742 300 785 laborum
341 742 508 794 tulerit3
558 740 655 783 dein
700 739 943 784 blandiente
986 739 1136 781 inertia
1185 738 1403 792 septimum
1450 745 1615 790 quoque

112 802 264 860 annum
296 817 494 872 ignaviae
522 816 674 858 datum.
737 815 821 857 Alii
861 815 1066 856 honorem
1105 825 1197 855 eum
1240 812 1418 855 Saturno
1456 809 1616 862 haberi,

111 903 187 934 seu
215 891 420 946 principia
447 891 669 946 religionis
700 890 958 933 tradentibus
990 888 1142 940 Idaeis,
1176 899 1280 941 quos
1312 899 1405 927 cum
1438 885 1616 927 Saturno

111 966 254 1021 pulsos
286 970 329 1008 et
358 966 602 1008 conditores
634 966 771 1021 gentis
804 965 1041 1018 accepimus
1061 995 1072 1016 ‚
1121 974 1198 1004 seu
1242 961 1351 1015 quod
1379 960 1431 1002 de
1459 962 1616 1013 septem

113 1028 323 1083 sideribus
353 1041 443 1095 quis
474 1041 671 1083 mortales
702 1043 918 1095 reguntur,
949 1037 1151 1080 altissimo
1183 1036 1286 1078 orbe
1318 1039 1359 1076 et
1391 1033 1616 1088 praecipua
1637 1046 1676 1076 ιο

112 1115 294 1170 potentia
329 1115 448 1158 stella
478 1116 644 1163 Saturni
675 1116 857 1165 seratum
898 1126 958 1162 ac.
991 1113 1191 1167 pleraque
1235 1110 1479 1173 caelestium
1506 1107 1616 1149 viam

72 1192 230 1232 5suam
265 1193 307 1231 et
338 1202 503 1233 cursum
534 1191 734 1245 septimos
763 1202 842 1244 per
869 1184 1066 1230 numeros
1099 1197 1350 1228 commeare.

1055 1169 1126 1180 ⁶⁴0...»-
1197 1161 1366 1173 f—-n-

1418 1183 1470 1225 Hi
1499 1183 1618 1235 ritus,

114 1276 280 1319 quoquo
310 1265 434 1308 modo
466 1265 655 1318 inducti,
689 1264 932 1318 antiquitate
961 1248 1252 1305 defenduntur.
1315 1259 1466 1301 Cetera
1496 1256 1620 1299 insti-

114 1343 214 1395 ΗΠΒ,
246 1341 415 1386 sinistra
447 1340 586 1395 foeda,
619 1340 821 1396 pravitate
852 1338 1036 1381 valuere.
1084 1337 1187 1379 Nam
1217 1334 1422 1389 pessimus
1446 1332 1624 1405 quisque
1660 1328 1754 1378 ,ἒ

295 1389 508 1411 ...κ-’Λ

259 1506 290 1539 1.
315 1515 394 1538 sue·
419 1501 595 1547 M³‚*suae
625 1501 663 1536 G.

117 1551 207 1598 quod
231 1551 332 1587 CGR.

117 1602 274 1636 correxit
299 1601 452 1645 Lipsius.

116 1650 210 1684 viam
234 1649 532 1695 Bezzenberger:
559 1648 703 1682 codices
729 1647 809 1681 vim.

117 1709 236 1732 meare
262 1698 290 1732 G
317 1702 352 1732 et
378 1696 630 1732 Oxonienses:
658 1701 890 1730 commearent
918 1692 970 1727 Ma
1000 1697 1036 1726 et
1062 1690 1136 1724 alii.

119 1745 184 1790 Ma,
211 1747 265 1780 ln's
290 1747 422 1780 omisso
449 1747 595 1780 nomine
627 1746 715 1779 ritus
741 1743 781 1787 G,
807 1743 859 1777 lui
885 1741 1122 1786 Puteolanus,
1165 1737 1202 1771 ki
1227 1734 1436 1775 Beroaldus,

119 1795 331 1841 antiquitati
356 1794 422 1831 Ma.

127 1934 222 1969 dicei
255 1936 378 1969 merito
414 1946 458 1968 ex
494 1935 707 1979 compendio
741 1936 834 1968 scri-

127 1988 253 2027 pturae
286 1982 428 2017 videtur
466 1985 704 2027 provenisse;
741 1985 834 2017 reti-

123 2032 199 2065 nuit
225 2030 382 2066 Orellius
415 2036 452 2066 et
477 2031 653 2076 explicuit
675 2032 836 2077 ‘propter

122 2079 536 2126 cladem’,·repugnante
562 2081 740 2114 sermonis
765 2080 835 2114 La-

126 2128 192 2162 tini
222 2137 301 2162 usu.

194 2176 392 2219 detinetur,
430 2177 466 2211 h.
493 2187 526 2210 e.
572 2177 703 2210 acriter
729 2181 835 2210 tene-

123 2229 192 2259 tur.
232 2224 386 2259 Verbum
411 2224 518 2269 paulo
546 2224 676 2259 fortius
703 2230 738 2258 et
765 2226 835 2258 mi-

122 2283 189 2306 nus
217 2272 406 2318 vulgatum
433 2283 539 2317 quam
557 2274 731 2306 retinetur
757 2273 836 2306 ele-

124 2321 188 2365 git.
238 2319 294 2353 De
322 2330 360 2354 re
394 2331 429 2353 v.
455 2319 568 2354 Exod.
596 2320 658 2354 XII
689 2322 731 2355 15
756 2329 835 2365 sqq.

126 2372 162 2402 et
187 2368 236 2402 34
267 2372 303 2400 et
339 2367 399 2402 39.
465 2367 617 2402 Levitic.
662 2367 768 2402 xxm
800 2368 834 2402 6.

126 2415 323 2450 Denter-on.
350 2414 429 2449 xvi
460 2415 493 2450 6.

206 2465 338 2498 crebris
374 2463 490 2497 adhuc
532 2465 675 2497 ieiuniis
718 2466 837 2508 faten-

126 2519 208 2547 tur:
242 2512 379 2546 ieiunia
402 2511 613 2546 ludaeorum
652 2523 697 2546 ex
722 2523 838 2546 rerum

127 2571 219 2606 quae
244 2560 331 2594 olim
360 2559 564 2594 acciderant
582 2562 754 2594 memoria
779 2571 841 2594 re-

129 2613 253 2653 petere
280 2608 398 2642 voluit
423 2620 502 2642 cum
529 2611 574 2643 iis
603 2608 746 2643 Graecis
773 2620 840 2642 au-

130 2657 302 2697 ctoribus,
330 2666 419 2701 quos
446 2657 481 2689 in
509 2657 576 2691 hac
604 2658 723 2700 operis
741 2662 840 2701 parte

132 2713 252 2748 parum
285 2703 371 2737 fidos
402 2708 546 2737 secutus
574 2709 640 2739 est.
678 2705 729 2738 ne
755 2715 842 2738 vera

130 2753 253 2786 ludaei
280 2752 417 2785 ieiunia
441 2751 596 2786 tolerare
616 2751 780 2786 solebant
807 2757 843 2786 et

130 2800 267 2840 solent,
306 2804 344 2832 ut
379 2809 440 2843 pro
480 2801 639 2844 peccatis
678 2800 841 2835 admissis

131 2847 309 2891 piaculum
336 2847 498 2882 offerant.

143 2896 146 2898 ’
204 2897 286 2940 quia
312 2896 342 2928 is
362 2896 468 2938 finem
502 2894 660 2928 laborum
696 2895 839 2929 tulerit.-

132 2944 169 2977 in
195 2948 271 2977 eain
289 2944 494 2978 memoriam
525 2942 762 2990 σκηνοπηγία
780 2954 842 2978 se-

132 2996 229 3037 ptem
269 2990 404 3026 dierum
435 2991 626 3037 quotannis
662 2991 841 3026 institutaz

751 1500 922 1535 memoria
946 1498 975 1533 G
1001 1503 1037 1532 et
1062 1497 1144 1531 alii:
1173 1494 1228 1531 Ma
1252 1494 1389 1528 merito.

407 1552 443 1587 4.
473 1552 647 1586 detinetur
672 1548 749 1584 M&
775 1550 947 1583 retinetur
971 1557 1012 1592 pr
1038 1546 1066 1580 G
1093 1551 1128 1580 et
1152 1544 1248 1579 Harl.
1305 1542 1341 1576 8.
1371 1541 1483 1575 iudeis
1510 1539 1620 1575 Gilia:

552 1601 587 1636 9.
615 1600 656 1633 de
683 1596 786 1633 GMaz
814 1610 832 1632 e
859 1597 1064 1631 Rhenanus.

1451 1502 1519 1537 qua
1544 1490 1597 1526 ma
1611 1502 1620 1524 ε

1193 1594 1248 1629 10.
1288 1590 1361 1636 syd.
1392 1588 1456 1623 Ma.
1564 1590 1619 1622 11.

890 1647 944 1681 12.
973 1654 1094 1678 cursus
1121 1641 1202 1676 Ma:
1230 1639 1258 1675 G
1283 1649 1434 1673 mersum.
1524 1648 1620 1670 com-

1250 1689 1301 1734 Ιιὶ]
1340 1687 1372 1721 Ιί
1399 1695 1488 1719 corr.
1519 1684 1621 1771 inlgs

902 1933 1054 1967 Levitic.
1086 1930 1196 1966 XXIII
1222 1931 1270 1966 42
1295 1935 1331 1965 et
1357 1930 1417 1966 43.
1463 1929 1529 1963 Pro
1559 1929 1625 1963 hac

901 1981 1043 2016 'l¹acitus
1069 1979 1217 2014 sabbata
1237 1981 1379 2025 septimo
1410 1989 1541 2023 quoque
1569 1978 1624 2012 die

906 2030 1087 2064 celebrata
1112 2029 1244 2073 posuit.
1329 2028 1512 2073 septimum
1537 2038 1625 2071 quo..

908 2090 971 2124 que
999 2087 1153 2111 ammm:
1183 2082 1237 2111 est
1264 2086 1379 2110 annus
1403 2076 1625 2110 remissionis

904 2127 964 2162 vel
990 2126 1214 2168 sabbaticus,
1256 2126 1300 2159 de
1337 2134 1407 2170 quo
1449 2134 1483 2158 v.
1511 2123 1624 2157 Exod.

907 2174 1017 2221 xxti}
1053 2174 1096 2210 10
1125 2178 1160 2208 et
1191 2175 1245 2208 11.
1291 2173 1441 2207 Levitic.
1474 2172 1573 2206 XXV
1602 2173 1626 2206 3

906 2224 972 2258 -7
1010 2227 1045 2257 et
1072 2223 1246 2257 21-22.
1318 2221 1514 2255 Deuteron.
1561 2220 1627 2253 XV

980 2330 1025 2352 ac
1064 2339 1106 2346 —-
1149 2328 1366 2351 commeare.-
1404 2317 1494 2351 haec
1535 2322 1627 2351 tam-

908 2377 1014 2413 quam
1042 2368 1146 2400 tertia
1173 2377 1281 2399 causa
1318 2374 1381 2399 cur
1407 2364 1528 2399 ludaei
1565 2376 1627 2399 se-

906 2417 1054 2460 ptimum
1072 2414 1164 2448 diem
1194 2419 1229 2448 et
1254 2424 1384 2448 annum
1409 2415 1485 2447 otio
1509 2419 1628 2447 trans-

907 2467 1029 2510 igant,
1065 2463 1129 2497 sed
1156 2473 1198 2496 ea
1230 2462 1442 2496 secundaria
1478 2467 1514 2496 et
1540 2473 1628 2506 sup-

906 2513 1072 2557 pletoria,
1101 2521 1145 2545 ex
1174 2516 1292 2545 mente
1318 2510 1470 2545 aliorum
1490 2511 1622 2546 adiun-

934 2562 1015 2595 itur.

908 2573 931 2607 g
979 2607 1064 2652 Cap.
1092 2608 1126 2642 5.
1172 2607 1209 2641 hi
1235 2609 1336 2651 ritus,
1364 2618 1497 2652 quoquo
1524 2607 1624 2641 modo

906 2657 1065 2691 inducti:
1112 2657 1277 2701 antiquos
1328 2666 1407 2690 esse
1445 2655 1624 2697 concedit,

908 2706 971 2739 scd
989 2705 1166 2750 originem
1189 2712 1405 2749 causamque
1422 2713 1493 2736 non
1520 2713 1626 2747 posse

909 2754 1050 2798 exquiri
1077 2751 1268 2796 significat.

981 2801 1127 2834 sinistra
1154 2800 1287 2842 foeda.-
1334 2803 1522 2842 utrumque
1561 2797 1627 2831 ad·-

911 2850 1082 2881 iectivum
1121 2845 1165 2879 ad
1204 2847 1363 2880 instituta
1398 2845 1626 2880 referendum

911 2900 946 2928 et
972 2904 1093 2929 secum
1113 2893 1397 2939 componendum
1425 2898 1492 2937 est,
1520 2892 1626 2928 ideo-

911 2952 981 2987 que
1007 2941 1332 2988 interpungendum
1363 2946 1462 2985 erat,
1490 2946 1529 2976 ut
1556 2952 1625 2989 ego

911 2990 994 3026 feci.
1050 2987 1259 3026 iudaeorum
1298 2990 1459 3025 instituta
1496 2991 1625 3035 partim

314 668 497 723 Septimo
537 668 605 710 die
647 668 773 709 otium
813 666 1023 720 placuisse
1067 664 1231 716 ferunt,
1279 662 1454 717 qula'is
1492 660 1652 708 finem5

1665 1304 1674 1327 t

1625 1392 1665 1433 ’ᾖτ
1677 1414 1684 1425 .
1700 1403 1768 1438 su„

1692 1456 1704 1465 ..
