1768 3216
141 209 230 251 ιο.
255 210 317 250 σο.
610 185 799 245 unuin.
852 207 943 244 cu.
969 207 1128 246 50-51.
1608 205 1659 242 ιη

140 329 370 382 exercituS,
403 331 449 370 ut
478 327 546 371 cui
575 327 669 370 sine
693 326 842 379 labore
860 340 911 370 ac
931 326 1121 382 periculo
1142 323 1338 369 ditissimi
1356 322 1458 367 belli
1476 322 1656 367 victorIa

139 405 377 458 evenisset,
419 373 731 470 expeditionem
774 407 817 444 et
850 402 1010 461 aciem,
1058 402 1265 466 praemia
1285 411 1408 455 quam
1445 399 1656 455 stipendia
1719 412 1754 466 ³3

140 480 336 535 malebat.
373 479 479 522 Diu
518 464 822 521 infructuosam
849 481 891 519 et
929 475 1339 535 asperam)m1htiam
1338 460 1682 524 toleraverant

115 548 556 620 (1ωοοΜ
551 554 730 621 flueJet
759 552 984 595 severitate
996 539 1288 607 disciplinae,
1324 563 1447 606 quam
1477 551 1520 592 in
1548 561 1658 605 pace
1700 534 1719 618 l

140 629 447 675 inexorabilem
487 628 730 671 discordiae
773 628 926 669 civium
967 627 1209 680 resolvunt,
1250 628 1408 681 paratis
1449 625 1691 679 utrimquet

141 704 456 760 corruptoribus
488 708 530 746 et
558 703 733 759 perfidia
765 703 976 758 impunita.
1039 704 1129 745 Viri
1172 715 1288 745 arma
1327 702 1424 757 equi
1454 702 1507 744 ad
1537 713 1659 743 usum

138 780 265 825 etad
293 779 481 822 dedecus
510 782 771 834 supererant.
834 778 918 821 Sed
950 782 1047 821 ante
1076 778 1231 820 bellum
1263 778 1474 820 centurias
1502 780 1660 819 tantum

137 866 237 901 suas
264 858 505 909 turmasque
534 857 766 904 noverant3
798 854 1010 896 exercitus
1030 853 1183 895 finibus
1212 852 1528 907 provinciarum
1557 851 1651 893 dis-

142 930 438 974 cernebantur.
496 929 599 972 Tum
640 928 846 972 adversus
898 927 1120 971 Vindicem
1162 932 1406 970 contractae
1444 926 1655 982 legiones,

140 1017 272 1061 seque
301 1009 343 1049 et
371 1004 528 1048 Gallias
560 1009 774 1060 expertae,
822 1016 1027 1059 quaerere
1066 1015 1234 1046 rursum
1283 1015 1398 1046 arma
1445 1010 1710 1058 novasqueflo

140 1080 403 1131 discordias;
432 1092 515 1122 nec
544 1080 702 1132 socios,
733 1083 778 1122 ut
810 1079 926 1132 olim,
958 1079 1033 1121 sed
1052 1079 1197 1121 hostes
1219 1083 1260 1120 et
1276 1079 1414 1120 victos
1437 1079 1661 1121 vocabant.

138 1156 230 1200 Nec
264 1155 411 1199 deerat
444 1167 543 1210 pars
588 1154 839 1208 Galliarum,
882 1167 990 1209 quae
1027 1155 1217 1197 Rhenum
1263 1153 1439 1207 accolit,
1490 1153 1663 1196 easdem

141 1234 286 1285 partes
315 1234 462 1273 secuta
485 1262 499 1283 ,
532 1242 583 1272 ac
614 1233 698 1272 tum
729 1231 934 1272 acerrima
965 1229 1205 1285 instigatrix
1234 1229 1458 1271 adversum
1490 1228 1664 1271 Galbia-

146 1317 252 1349 nos:
293 1304 376 1347 hoc
418 1305 529 1347 enim
569 1317 723 1347 nomen
762 1305 949 1348 fastidito
990 1304 1170 1347 Vindice
1215 1303 1471 1347 indiderant.
1533 1303 1664 1359 Igitur

144 1380 351 1435 Sequanis
397 1380 643 1435 Aeduisque
682 1393 733 1423 ac
774 1380 954 1434 deinde,
998 1384 1124 1434 prout
1170 1379 1383 1434 opulentia
1424 1378 1662 1421 civitatibus
1675 1387 1718 1420 u

99 1507 109 1516 ·
145 1459 260 1508 erat,
301 1455 483 1508 infensi,
526 1455 860 1511 expugnationes
890 1455 1080 1508 urbium,
1119 1455 1414 1510 populationes
1445 1466 1662 1510 agrorum,

141 1535 285 1586 raptus
324 1531 535 1586 penatium
577 1531 806 1573 hauserunt
844 1531 1013 1583 animo,
1050 1542 1177 1584 super
1207 1530 1425 1572 avaritiam
1457 1533 1498 1571 et
1530 1529 1662 1571 adro-

146 1606 349 1664 gantiam,
380 1607 607 1663 praecipua
636 1605 889 1649 validiorum
915 1606 1033 1659 vitia,
1066 1605 1330 1648 contumacia
1351 1604 1566 1647 Gallorum
1589 1605 1658 1646 in-

289 1757 326 1793 3.
353 1757 521 1792 manebat
545 1755 613 1790 Ma
681 1756 923 1791 toleraverant
952 1755 1029 1791 lila-
1057 1755 1274 1789 toleraverat
1299 1754 1328 1789 G
1354 1759 1391 1789 et
1419 1753 1658 1789 Oxonienses.

142 1805 178 1842 6.
203 1806 265 1852 inp
269 1804 372 1841 ..Ma
424 1806 458 1841 7.
490 1798 640 1840 dedecus
665 1804 740 1840 hia:
768 1805 796 1840 G
822 1805 938 1839 decus.
997 1805 1033 1841 9.
1064 1807 1274 1850 confractae
1302 1803 1407 1838 Gaia:
1439 1804 1550 1837 tacite
1576 1812 1661 1836 cor-

142 1856 237 1890 rexit
240 1818 469 1890 PRhenanus.
523 1855 579 1890 10.
606 1865 704 1898 quer.
731 1853 798 1888 Ma.
875 1853 999 1888 rursn'a's
1027 1852 1092 1897 Ma,
1119 1865 1243 1887 rursus
1270 1853 1309 1887 G.
1374 1854 1430 1888 12.
1457 1863 1527 1898 qua
1552 1851 1660 1885 liere-

140 1915 226 1939 mm
247 1902 322 1988 ἔξ.
348 1915 414 1950 que
437 1903 587 1938 rhenum
612 1902 653 1938 G.
731 1904 786 1938 13.
811 1902 968 1938 adversi
995 1901 1061 1946 Ma,
1086 1902 1255 1938 adversus
1285 1901 1325 1938 G.
1378 1902 1435 1937 17.
1460 1911 1568 1949 paen.
1589 1899 1658 1938 Ma.

143 1964 221 1988 arr.
306 1977 315 1986 .

142 2071 375 2116 petiVerunt,
409 2069 631 2105 Octavianus
661 2070 707 2104 Μ.
749 2070 869 2104 Anto-

939 2081 1004 2115 que
1029 2069 1205 2104 exercitus
1241 2068 1411 2115 legiones
1450 2073 1534 2102 sunt
1570 2068 1662 2103 Ger-

143 2121 244 2154 nium
278 2119 434 2154 Mutinae
470 2122 522 2164 (a.
552 2120 666 2166 711),
702 2118 798 2153 idem
827 2119 865 2154 L.

938 2120 1080 2153 maniae
1127 2119 1326 2163 superioris
1383 2122 1420 2152 et
1462 2117 1661 2155 inferioris.

1716 352 1750 408 ,i

1748 398 1758 419 t

1716 451 1764 638 f,

142 2169 341 2203 Antonium
368 2173 405 2202 et
429 2165 615 2210 Fulviam,
658 2167 805 2202 fratrem
832 2172 869 2202 et

143 2227 293 2252 uxorem
329 2217 375 2252 Μ.
411 2217 583 2258 Antonii,
615 2215 788 2251 Perusiae
814 2221 867 2262 (a.

145 2265 217 2301 713
243 2270 280 2300 et
305 2265 410 2312 714).
461 2265 515 2299 Ex
543 2265 600 2299 his
626 2266 731 2300 simul
759 2276 869 2299 causa

145 2315 385 2359 perspicitur,
422 2324 487 2347 cur
521 2313 699 2357 proelium
726 2313 868 2358 Philip-

144 2373 283 2408 pense,
310 2363 475 2408 quamvis
499 2366 662 2406 tempore
688 2363 868 2407 posterius

148 2414 202 2457 (a.
229 2411 341 2458 712),
377 2415 462 2445 ante
486 2410 690 2446 Mutinense
728 2407 869 2445 memo-

146 2465 257 2495 retur.

145 2507 868 2604 famgfflviglmlqedg‘intxlssicgassgj

147 2606 372 2640 consulatum
386 2612 569 2652 gesserat:
590 2607 633 2640 n.
647 2605 679 2640 ΙΙ
690 2607 749 2642 97.
777 2608 869 2641 Hinc

145 2655 328 2689 Ausonius
352 2655 503 2689 Tetrast.
519 2657 584 2691 10:
616 2655 699 2689 olim
718 2657 777 2700 qm·
802 2656 870 2690 du-

147 2703 240 2738 biam
270 2705 410 2749 privato
443 2705 483 2737 in
521 2709 675 2749 tempore
709 2707 869 2749 samam,

147 2762 272 2787 rarum
296 2752 401 2795 aliis,
432 2753 601 2798 princeps
626 2754 808 2787 transtulit
831 2754 870 2787 in

149 2801 283 2835 aelius.

221 2847 310 2893 Gap.
324 2850 383 2884 51.
414 2850 524 2884 Caeso
552 2869 598 2875 —
624 2849 793 2884 Vindice:
820 2850 867 2884 cf.

149 2895 219 2930 Dio
252 2897 362 2941 apud
379 2897 515 2943 Xiphil.
555 2897 663 2932 LXIII
690 2900 795 2933 22-
810 2900 871 2934 24.

154 2944 348 2979 Suetonius
372 2946 457 2981 Ner.
470 2947 534 2982 40
552 2958 631 2992 sqq.
658 2946 870 2982 Plutarchus

153 2990 265 3028 Galba
289 2994 398 3030 4-6.
441 2998 547 3042 [ενοι-
568 2996 708 3043 praeda
731 2996 871 3042 gloria-

939 2166 995 2202 Cf.
1022 2167 1092 2201 Dio
1118 2167 1227 2202 LXIII
1253 2168 1312 2202 25.

1010 2217 1267 2262 expeditionem
1291 2221 1324 2250 et
1342 2216 1479 2249 aciem:
1508 2226 1554 2250 ex
1571 2214 1661 2248 sub..

938 2269 1114 2310 sequente
1141 2265 1295 2299 malebat
1323 2264 1473 2298 verbum
1502 2263 1559 2297 bis
1589 2274 1662 2297 uo-

938 2313 1093 2347 minibus
1119 2318 1240 2358 aptum
1268 2312 1407 2347 volebat
1444 2312 1663 2358 intelligen-

938 2362 1021 2395 dum
1049 2367 1115 2397 est.
1154 2362 1297 2406 Lipsius
1322 2360 1550 2395 scribendum
1572 2371 1663 2395 con-

937 2412 1026 2445 iecit
1078 2411 1335 2457 expeditionem
1388 2421 1493 2454 quam
1543 2411 1661 2452 ocium,

937 2461 1150 2494 variationis
1176 2471 1197 2494 a
1217 2459 1340 2494 Tacito
1358 2463 1549 2503 tantopere
1573 2458 1663 2493 ada-

937 2513 1056 2544 matae
1082 2509 1239 2551 oblitus,
1267 2519 1309 2542 ac
1332 2507 1540 2542 Waltherus
1567 2507 1664 2542 alio-

939 2559 1001 2603 qui
1034 2558 1187 2592 traditae
1223 2557 1392 2592 lectionis
1430 2557 1536 2590 nimis
1570 2557 1662 2590 reti-

939 2617 1031 2640 nens
1070 2607 1230 2652 Lipsium
1269 2606 1471 2651 improvide
1515 2610 1663 2640 secutus

942 2660 1010 2689 est.

1013 2705 1062 2738 ad
1090 2715 1189 2739 usum
1223 2709 1256 2738 et
1280 2703 1327 2737 ad
1352 2703 1500 2737 dedecus
1536 2713 1662 2747 super-

940 2759 1065 2787 erant:
1097 2753 1257 2787 scribere
1282 2753 1398 2796 potuit
1424 2751 1472 2784 ad
1505 2761 1604 2783 usum
1630 2755 1663 2784 et

939 2802 988 2835 ad
1012 2803 1176 2842 abusum,
1211 2801 1274 2834 sed
1310 2800 1400 2833 haec
1436 2808 1516 2832 cum
1555 2799 1662 2833 nimis

940 2850 1106 2895 vulgaria
1133 2849 1364 2890 viderentur,
1404 2847 1589 2881 substituit
1614 2847 1663 2882 ad

942 2898 1106 2939 dedecus,
1138 2897 1173 2930 h.
1204 2908 1236 2931 e.
1266 2896 1310 2930 ad
1336 2895 1553 2930 seditionem
1576 2907 1659 2930 sus-

942 2946 1145 2990 cipiendam
1190 2949 1227 2978 et
1274 2946 1374 2979 cives
1416 2945 1658 2980 trucidandos.

947 2994 1050 3029 Usum
1081 2992 1263 3029 intellexit
1307 2995 1441 3029 iustum
1481 3004 1658 3030 armorum
