1768 3216
193 218 263 252 194
780 201 1089 239 HISTORIARVM
1470 211 1502 236 a.
1529 210 1568 236 u.
1592 199 1677 238 822.

186 327 302 363 redire
329 327 472 372 coyitur.
524 321 674 356 Sabinus
701 318 838 365 trepida
864 328 1004 352 suorum
1027 327 1066 349 re
1094 325 1212 348 arcem
1236 314 1404 361 Capitolii
1426 315 1567 351 insedit.
1608 315 1679 350 Po-

184 395 274 423 stero
301 388 354 421 die
377 382 598 431 praetoriani
625 379 834 425 Capitolium
858 379 1067 422 irrumpunt.
1135 374 1307 421 Templum
1344 375 1442 410 Iovis·
1462 375 1592 411 clausis
1616 378 1677 422 so-

184 449 278 483 ribus
305 446 520 489 indefensum
546 447 577 475 et
601 440 812 486 indireptum
836 436 1081 483 conflagravit.
1133 435 1286 470 Sabinus
1317 435 1490 470 occiditur
1508 462 1519 480 ‚
1552 446 1678 482 corpus
1716 450 1717 453 ¹

179 508 218 540 in
252 505 435 540 Gemonias
474 502 626 536 trahitur
657 502 845 547 <64-75).
911 497 1024 531 Isdem
1063 496 1181 530 diebus
1208 496 1338 531 Lucius
1372 495 1529 531 Vitellius
1561 497 1679 542 frater

178 576 251 598 rem
274 574 439 609 prospere
467 562 504 595 in
533 561 730 606 Campania
755 558 860 604 yessit
887 558 1076 604 (76-77).
1129 556 1221 590 Dum
1247 555 1336 590 haec
1364 561 1530 602 aguntur,
1556 555 1675 590 Anto-

178 625 274 657 nium
300 629 330 656 et
356 622 518 664 militem,
562 622 620 665 qui
646 619 787 654 Narnia
817 618 966 663 diyressi
988 619 1096 662 festos
1122 617 1271 650 Saturni
1299 616 1372 650 dies
1397 615 1556 651 Ocriculi
1581 614 1677 651 cele..

178 683 337 738 brabant,
367 683 474 716 tristis
503 681 644 714 nuntius
671 680 711 713 de
736 680 878 712 incenso
909 677 1095 724 Capitolio,
1125 678 1239 711 occiso
1258 678 1391 711 Sabino
1419 677 1558 712 excivit.
1586 676 1677 712 Fta-

175 743 271 776 viani
297 741 404 775 tribus
429 740 610 774 itineribus
636 739 754 773 urbem
791 738 943 783 inyressi
971 738 1080 771 tribus
1103 736 1251 783 proeliis
1288 735 1493 771 Vitellianos
1519 737 1675 780 vineunt,

171 803 366 848 principem
394 802 558 847 pudenda
583 800 720 834 latebra
742 804 963 845 protractum
1001 804 1033 832 et
1060 797 1278 833 contumeliis
1307 804 1491 834 oneratum
1515 786 1678 844 iugulant

177 862 378 908 (78-85).
435 861 549 895 Mores
596 859 738 894 Vitellii.
806 859 1031 894 Domitianus
1071 859 1118 893 ad
1152 859 1256 893 duces
1283 860 1439 906 partium
1469 869 1677 906 progressus

179 921 312 956 caesar
340 922 578 957 consalutatur
605 922 693 968 (86).

311 1091 482 1134 Meliore
514 1091 596 1132 sato
628 1089 793 1143 fideque
822 1090 1000 1144 partium
1023 1089 1312 1132 Flavianarum
1344 1089 1476 1140 duces
1498 1088 1713 1132 eonsilial

175 1166 272 1209 belli
320 1166 561 1208 tractabant.
621 1165 918 1206 Poetovionem
974 1165 1015 1206 in
1068 1165 1243 1206 hiberna
1291 1166 1440 1207 tertiae
1487 1165 1677 1207 decimae

46 1277 65 1304 r
106 1237 126 1259 ⁵
173 1241 351 1296 legionis
385 1245 681 1282 convenerant.
744 1240 831 1281 Illic
863 1241 1084 1295 agitavere
1114 1240 1356 1295 placeretne
1388 1240 1548 1282 obstrui
1565 1239 1676 1302 Pan:

31 1320 119 1368 ’ἧς
174 1328 324 1385 ”Q
365 1315 515 1370 Alpes,
560 1315 695 1358 donec
727 1330 750 1357 a
781 1320 902 1372 tergo
944 1316 1058 1358 vires
1098 1316 1321 1358 univelsae
1354 1320 1674 1372 consurgerent,

48 1444 51 1446 μ
143 1402 227 1432 san
270 1391 330 1432 ire
382 1391 609 1432 comminus
657 1395 698 1431 et
748 1395 838 1433 cert
841 1404 913 1433 are
951 1404 1031 1454 pro
1077 1391 1211 1452 Italia
1241 1391 1500 1434 constantius
1549 1391 1673 1434 soret.

82 1469 107 1505 f:
112 1465 330 1519 &Quibus
361 1466 540 1519 opperiri
573 1466 724 1507 auxilia
755 1470 795 1508 et
825 1466 992 1508 trahere
1023 1448 1184 1508 bellum
1200 1445 1452 1520 videbatur,
1498 1442 1676 1509 Germa-

172 1540 358 1581 nicarum
388 1540 596 1595 legionum
637 1540 721 1582 vim
764 1541 998 1595 famamque
1039 1541 1315 1594 extollebant,
1366 1545 1407 1584 et
1451 1540 1677 1584 advenisse

173 1626 269 1655 mox
301 1627 390 1656 cum
425 1615 584 1657 Vitellio
617 1615 847 1657 Britannici
879 1616 1090 1658 exercitus
1123 1616 1310 1658 robora:
1351 1616 1453 1670 ipsis
1484 1628 1563 1658 nec
1591 1610 1675 1659 nu‘-

172 1702 328 1731 merum
357 1702 496 1743 parem
528 1690 738 1744 pulsarum
770 1703 902 1745 nuper
931 1691 1166 1746 legionum3
1207 1695 1248 1734 et
1279 1703 1525 1746 quamquam
1556 1695 1676 1755 Q-

124 1775 161 1803 ¹0
175 1764 277 1829 citer
306 1764 596 1819 loquerentur,
648 1766 851 1808 minorem
896 1778 991 1808 esse
1023 1766 1129 1820 apud
1159 1766 1295 1808 victos
1337 1766 1529 1808 animum.
1559 1807 1564 1810 ,
1592 1764 1674 1808 Sed

174 1823 344 1882 insessis
376 1840 538 1882 interim
570 1841 745 1895 Alpibus
776 1845 994 1883 venturum
1029 1853 1119 1882 eum
1153 1831 1286 1895 copiis
1305 1840 1490 1883 Orientis
1511 1840 1676 1883 Mucia-

174 1925 281 1954 num.
344 1915 571 1969 Superesse
602 1916 860 1970 Vespasiano
892 1928 1007 1958 mare
1038 1915 1225 1968 classes,
1260 1915 1396 1958 studia
1427 1914 1675 1970 provincia-

173 1999 283 2039 rum,
323 2002 396 2042 per
427 2001 527 2044 quas
559 1990 672 2032 velut
702 1991 872 2032 alterius
903 1990 1000 2032 belli
1031 1990 1183 2032 molem
1223 1991 1367 2032 cieret.
1428 1991 1486 2032 lta
1516 1989 1674 2032 salubri

176 2074 289 2103 mora
319 2075 448 2106 novas
480 2065 591 2107 vires
624 2064 772 2107 adfore
803 2069 844 2107 et
873 2065 1165 2119 praesentibus
1197 2065 1299 2106 nibil
1330 2065 1569 2120 periturum.
1606 2064 1715 2107 Ad2

309 2200 340 2235 2.
370 2200 609 2236 Poetovionem
636 2201 731 2246 Gala,
759 2213 830 2236 non
858 2201 974 2238 Petov.
1067 2203 1100 2238 5.
1129 2201 1233 2236 italici
1260 2202 1324 2237 Ma.
1421 2202 1454 2237 7.
1482 2196 1675 2247 sarnbnque

176 2246 240 2283 Ma.
309 2249 344 2283 8.
374 2250 464 2285 britt.
493 2250 556 2285 ma.
640 2253 695 2286 13.
723 2251 829 2285 uelud
854 2251 919 2286 Ma.
1001 2251 1055 2286 14.
1083 2251 1200 2303 nielli(
1225 2249 1290 2286 Ma.
1360 2267 1362 2270 ¹

248 2380 332 2425 Cap.
352 2384 382 2416 1.
418 2384 560 2417 meliore
584 2386 658 2429 sato
681 2385 815 2430 fideque
842 2408 886 2412 —
957 2385 1131 2431 quoddam
1168 2383 1308 2428 moliri,
1344 2384 1407 2419 sed
1434 2394 1478 2419 an
1505 2394 1550 2419 eo
1578 2382 1675 2431 quod

177 2430 393 2464 tractabant:
428 2443 458 2464 «a
486 2433 687 2468 Vitellianis
724 2434 767 2468 ad
802 2434 888 2468 Fla·
955 2433 1216 2467 inchoaverant
1256 2435 1488 2478 acquiescere
1530 2433 1673 2467 interim

150 2477 299 2511 (vianos
317 2483 555 2525 transgressus
580 2483 686 2516 telam
708 2484 887 2517 narratio-
956 2482 1105 2516 vellent.
1160 2481 1263 2523 Quod
1297 2481 1454 2515 Pieliena
1485 2482 1673 2525 opinatur,

175 2526 231 2569 nis
258 2537 363 2570 supra
391 2528 450 2572 (H.
472 2528 502 2562 ΙΙ
515 2530 580 2576 86)
609 2532 773 2565 omissam
801 2542 887 2576 per-
956 2530 1072 2564 adhuc
1098 2534 1233 2563 tantum
1257 2529 1463 2564 Pannoniae
1476 2529 1588 2574 Alpes
1614 2530 1673 2564 in-

174 2577 296 2608 texere
330 2577 458 2621 pergit.
511 2577 670 2613 Poetovio
701 2583 791 2625 (non
819 2580 886 2614 Pe-
955 2589 1072 2613 sessas
1107 2578 1246 2621 fuisse,
1286 2589 1332 2613 ne
1370 2579 1485 2624 nuntii
1522 2578 1673 2612 transire

174 2623 282 2668 tovio)
312 2624 346 2656 in
374 2623 427 2657 ltlss
453 2626 572 2669 oppidi
599 2639 729 2662 nomen
755 2628 885 2662 scribi-
955 2631 1122 2672 possent,
1164 2637 1236 2660 non
1262 2632 1301 2660 ut
1327 2628 1497 2672 impetum
1523 2626 1674 2662 facienti

173 2675 239 2712 tur,
268 2672 371 2706 etiam
400 2674 435 2706 in
463 2675 594 2719 titulis3
622 2687 656 2710 v.
675 2676 800 2711 Orellii
823 2677 885 2710 ln-
958 2677 1133 2710 exercitui
1162 2676 1307 2710 clausae
1333 2680 1474 2720 essent,
1513 2676 1674 2723 argutius

174 2720 292 2762 script
323 2722 680 2765 n.3592;cf.1nd.
712 2725 795 2759 hist.
956 2735 1059 2769 quam
1087 2725 1207 2759 verius
1235 2726 1477 2760 coniectatum
1495 2729 1584 2760 eet.

260 2768 390 2802 obstrui
420 2770 623 2806 Pannoniae
650 2773 781 2818 Alpes:
825 2784 885 2807 eas
1028 2775 1243 2807 constantius
1268 2776 1382 2819 forzet
1424 2773 1459 2808 h.
1487 2783 1519 2812 α
1553 2774 1672 2813 mio-

175 2815 359 2854 p1aesidiis
387 2818 619 2854 aPannonico
641 2823 801 2855 exercitu
825 2823 885 2855 in-
954 2832 1026 2855 rem
1065 2823 1297 2867 constantiam
1347 2825 1425 2856 sive
1459 2823 1496 2856 in
1534 2822 1674 2866 coeptis

176 2870 290 2894 sessas
316 2864 401 2898 fuiss
388 2876 425 2898 se
450 2868 555 2909 paulo
584 2874 665 2903 ante
692 2870 883 2917 (H.1198)
954 2870 1028 2903 suis
1088 2872 1391 2915 perseverantiam
1451 2869 1671 2921 ostenderet.

177 2907 337 2953 legimus.
402 2914 525 2958 ltaque
561 2916 614 2950 his
654 2918 774 2952 verbis
812 2929 884 2952 non
956 2918 1104 2953 Cei-tare
1127 2930 1193 2964 pro
1222 2919 1352 2962 Italia,
1381 2918 1415 2952 h.
1445 2930 1476 2954 e.
1503 2912 1544 2953 ‘tit
1561 2914 1674 2954 Min

176 2954 406 2994 deliberatum
435 2967 488 2995 est
513 2964 721 3007 placeretne
751 2977 884 3002 novum
954 2968 1158 3002 certaminis
1183 2967 1338 3012 pretium
1365 2972 1473 3003 esset.
