1768 3216
143 241 214 278 134
755 238 1020 276 AGRIGOLAE

141 363 334 414 perantes
364 369 491 412 aegra
524 357 750 412 municipia
781 362 821 399 et
851 357 1150 400 discordantia.
1196 358 1273 399 Hic
1296 355 1392 411 dux,
1419 356 1489 400 h'ic
1511 364 1639 402 exer-'-

143 434 272 475 citus:
313 433 369 473 ibi
401 431 551 473 tributa
583 436 623 474 et
655 431 819 474 metalla
861 436 902 474 et
938 436 1106 474 ceterae
1147 432 1418 475 servientium
1458 441 1638 486 poenae,
1668 431 1679 439 ‘

142 518 241 559 quas
275 506 317 546 in
347 510 563 547 aeternum
597 506 788 560 perferre
854 510 923 548 aut
950 494 1086 548 statim
1116 506 1263 548 ulcisci
1294 507 1336 548 in
1367 507 1447 548 hoc
1492 517 1640 560 campo

141 584 216 622 est.
276 579 455 621 Proinde
486 580 582 621 ituri
614 580 655 621 in
687 581 820 622 aciem
857 585 897 622 et
937 581 1118 623 maiores
1159 585 1323 623 vestros
1367 584 1407 622 et
1444 583 1639 636 posteros

110 654 351 709 scogitate'.

277 729 494 783 Excepere
519 731 749 772 orationem
778 731 956 784 alacreS,
988 735 1113 785 utque
1130 731 1321 773 barbaris
1340 730 1484 783 moris,
1517 732 1710 773 cantu⁴33

143 803 389 857 fremituque
423 807 462 845 et
494 803 745 846 clamoribus
773 805 968 846 dissonis.
1012 806 1179 860 Ianique
1211 805 1392 860 agmina,
1426 808 1466 846 et
1497 817 1642 847 armo-

142 891 230 920 rum
264 878 450 933 fulgores
480 879 768 922 audentissimi
800 881 999 934 cuiusque
1030 893 1260 935 procursu:
1306 880 1428 922 simul
1458 881 1646 923 instrue-

141 953 261 994 hatur
277 952 405 1004 acieS,
440 964 532 994 cuin
553 953 770 1008 Agricola,
803 966 1048 1008 quamquam
1065 955 1214 997 laetum
1235 959 1274 997 et
1290 955 1361 997 vix
1376 954 1638 996 munimentis

83 1038 123 1067 ιο
145 1026 373 1068 coercitum
403 1025 572 1069 militem
616 1027 928 1069 accendendum
969 1028 1104 1070 adhuc
1148 1033 1284 1081 ratus,
1332 1028 1388 1070 ita
1428 1027 1639 1070 disseruit.

138 1098 338 1143 ‘Octavus
366 1112 497 1143 annus
531 1106 608 1154 est,
638 1102 957 1155 commilitones,
991 1115 1043 1144 ex
1074 1114 1154 1156 quo
1189 1103 1341 1144 virtute
1372 1106 1412 1144 et
1442 1102 1638 1156 auspiciis

142 1174 305 1230 imperii
331 1176 529 1228 Romani,
573 1175 654 1218 fide
687 1181 808 1230 atque
843 1189 970 1230 opera
1000 1181 1142 1219 vestra
1175 1177 1431 1219 Britanniam
1461 1176 1636 1219 vicistis.

141 1250 218 1292 Tot
249 1249 598 1304 expeditionibus,
632 1255 691 1292 tot
721 1251 907 1305 proeliis,
940 1263 1016 1293 seu
1050 1251 1291 1293 fortitudine
1322 1252 1524 1294 adversus
1551 1251 1640 1293 ‘lio-

141 1328 249 1377 stes,
282 1337 357 1367 seu
398 1325 595 1379 patientia
638 1339 687 1368 ac
728 1326 873 1368 labore
917 1339 1051 1381 paene
1093 1327 1295 1369 adversus
1338 1327 1468 1381 ipsam
1499 1338 1639 1368 rerum

91 1403 128 1434 ¹⁵
142 1403 328 1442 naturam
361 1412 463 1454 opus
497 1401 586 1454 suit,
619 1413 754 1455 neque
787 1414 852 1443 me
881 1401 1050 1443 militum
1082 1414 1216 1456 neque
1257 1414 1333 1444 vos
1378 1401 1496 1443 ducis
1535 1413 1641 1456 pae-

221 1510 251 1543 1.
281 1514 372 1543 tetra
396 1509 576 1556 mancipia
603 1511 659 1544 Δι’
687 1522 759 1558 mg.
781 1513 819 1546 Γ.
884 1522 971 1556 er9a
997 1511 1184 1546 Puteolani
1209 1512 1347 1545 vitium.
1416 1512 1451 1546 3.
1476 1511 1639 1557 perferre

142 1559 220 1593 TA:
246 1560 411 1604 proferre
438 1558 668 1593 Puteolanus.
742 1559 777 1595 6.
805 1565 907 1604 utque
933 1560 1096 1594 barbaris
1121 1561 1228 1594 moris
1253 1560 1391 1594 editor:
1418 1564 1455 1593 ut
1477 1559 1640 1594 barbaris

140 1606 247 1639 moris
275 1608 357 1648 TA„
376 1612 407 1640 et
435 1607 579 1641 barbari
604 1609 710 1642 moris
737 1608 966 1642 Puteolanus.
1059 1614 1165 1643 cantu
1188 1610 1396 1654 fremituque
1423 1609 1504 1644 rA:
1533 1614 1641 1643 ccmtu

140 1656 283 1698 fremitu
307 1655 434 1689 vitium
464 1656 663 1691 Puteolani.
725 1657 760 1692 8.
787 1657 1027 1691 instruebatur
1050 1660 1112 1693 ΓΔ
1129 1659 1192 1702 (ex
1216 1657 1528 1703 Tlllaggioranius
1553 1667 1640 1701 per-

142 1713 262 1747 peram
288 1703 407 1738 attulit
431 1705 733 1750 instruebantur):
764 1706 1028 1740 instruebantur
1051 1706 1281 1747 Puteolanus,
1305 1707 1458 1740 institue.
1481 1704 1536 1739 At’
1564 1716 1637 1752 mg.

142 1753 180 1786 Γ.
288 1752 322 1786 9.
351 1754 571 1787 munimentis
598 1756 629 1788 A
655 1758 688 1788 ct
715 1753 792 1788 cod.
822 1753 939 1789 Ursini
970 1759 1004 1788 et
1032 1766 1103 1801 mg.
1133 1757 1162 1790 Γ
1195 1755 1351 1799 ascripto
1378 1754 1462 1788 At’:
1498 1754 1638 1788 monitis

142 1801 174 1834 Γ
195 1801 230 1833 in
259 1805 428 1835 contextu
455 1807 491 1837 et
517 1802 745 1836 Puteolanus.
826 1804 879 1838 10.
909 1803 1056 1838 militum
1081 1806 1118 1848 (u
1146 1803 1372 1837 subnotatum
1401 1807 1437 1836 et
1461 1812 1639 1846 superscr.

144 1849 176 1892 e)
201 1850 239 1883 Γ.
269 1850 410 1883 militem
436 1851 695 1885 accendendum
725 1851 842 1885 adhuc
867 1857 966 1886 ratus
994 1854 1055 1887 ΓΔ
1079 1856 1115 1886 et
1141 1851 1220 1886 cod.
1248 1851 1384 1887 Ursini:
1411 1850 1555 1885 militem
1573 1851 1641 1885 ad-

145 1895 212 1930 huc
241 1903 341 1980 ratus
362 1897 590 1942 Puteolanus,
618 1899 760 1934 militem
781 1899 896 1934 adhuc
923 1900 1129 1935 adhortatus
1157 1900 1310 1944 Grotius,
1335 1900 1478 1935 militem
1505 1899 1640 1934 adhor-

145 1949 236 1979 tatus
294 1947 458 1981 rnestius.

145 2045 356 2088 imperantes
386 2056 497 2090 aeyra
511 2047 704 2092 municipia
730 2053 762 2081 et
789 2047 863 2081 dis-

146 2092 357 2126 cordantia:
393 2094 429 2126 in
456 2093 682 2129 Britannicae
712 2097 862 2139 provin-

146 2141 223 2174 ciae
251 2141 328 2174 solo
356 2142 551 2176 nonnullae
572 2144 735 2177 civitates
765 2150 864 2177 erant

145 2188 273 2233 quibus
298 2199 362 2223 sua
398 2200 455 2224 res
491 2191 636 2234 publica
672 2197 707 2225 et
744 2193 861 2238 magi-

144 2241 273 2271 stratus
301 2248 486 2273 concessa.
529 2238 628 2280 Quae
655 2240 741 2274 olim
769 2242 862 2274 civi-

145 2290 236 2319 tates
261 2287 431 2320 immunes
456 2298 501 2320 ac
526 2286 679 2331 liberae,
720 2293 862 2333 tempo-

144 2333 243 2368 ribus
286 2333 474 2369 Caesarum
514 2337 707 2382 municipia
750 2347 862 2371 voca-

145 2382 293 2424 bantur,
334 2383 459 2418 eodem
495 2385 573 2418 iure
599 2395 669 2430 quo
697 2385 862 2420 coloniae

146 2429 349 2473 praeditae,
394 2442 458 2466 suo
502 2443 579 2466 cum
621 2439 747 2467 senatu
784 2435 862 2468 sive

147 2477 341 2512 curialibus
386 2485 420 2513 et
462 2479 657 2514 duumviris
694 2482 760 2515 iuri
805 2482 862 2515 di-

147 2525 276 2562 cundo.
312 2526 495 2562 Eiusmodi
523 2529 690 2564 civitates
717 2531 751 2563 in
779 2530 863 2564 Bri.-

145 2571 267 2608 tannia
294 2575 505 2610 Londinium
539 2577 606 2610 fuit
645 2583 679 2611 et
714 2578 863 2613 Verula-

145 2623 276 2657 mium.-
304 2622 386 2658 XIV
416 2625 475 2659 33.
515 2624 611 2659 llaec
636 2626 862 2670 appellantur

146 2681 259 2716 aeqra
284 2676 316 2704 et
342 2672 596 2715 discordantia,
626 2674 718 2720 quod
742 2679 861 2718 partes

145 2719 266 2752 insunt
301 2721 420 2766 aegris
458 2722 584 2756 animis
619 2723 769 2767 imperia
801 2734 860 2757 se·-

145 2772 248 2800 natus
275 2772 310 2801 et
329 2770 599 2814 magistratuum
626 2772 860 2815 accipientes,

146 2816 278 2860 qnippe
303 2818 362 2861 qui
392 2818 524 2852 iniuste
549 2821 737 2864 imperent.
778 2819 859 2854 Alio

146 2863 350 2908 significatu
372 2865 512 2900 Tacitus
539 2867 585 2901 xi
610 2869 655 2902 23
682 2867 771 2902 dixit
795 2879 860 2902 ae-

144 2922 245 2954 yram
272 2912 424 2956 Italiam,
454 2914 486 2947 h.
506 2926 537 2948 e.
566 2915 770 2959 invalidam,
797 2917 859 2950 sed

144 2959 258 3005 magis
291 2959 375 2997 huic
414 2961 496 2999 loco
534 2969 726 3011 cognatum
766 2965 861 3012 quod

917 2048 1088 2092 scriptum
1124 2048 1278 2094 legimus
1314 2049 1352 2082 tt.
1394 2049 1520 2084 1186:
1560 2059 1639 2082 mo-

916 2107 997 2129 vere
1039 2102 1072 2130 et
1111 2102 1254 2141 quatere
1293 2097 1458 2141 quidquid
1493 2106 1639 2142 usquam

917 2156 1061 2189 aegrum
1085 2146 1189 2190 foret,
1216 2145 1481 2191 adyrediuntur.

990 2240 1074 2285 Cap.
1095 2241 1153 2276 33.
1196 2247 1299 2287 utque
1327 2242 1488 2276 barbaris
1517 2244 1636 2287 moris,

917 2295 1024 2323 cantu
1043 2291 1251 2334 fremituque
1276 2295 1308 2323 et
1333 2291 1542 2326 clamoribus
1563 2291 1637 2326 ‹lis-

915 2338 1032 2371 sonis:
1074 2338 1170 2383 qnod
1206 2339 1340 2385 legitur
1375 2340 1412 2372 in
1453 2340 1637 2375 codicibus

915 2392 951 2420 ut
978 2386 1141 2421 barbaris
1167 2389 1300 2430 moris,
1340 2387 1375 2421 id
1414 2390 1556 2423 nonnisi
1593 2389 1637 2424 ad

915 2435 1076 2478 proxime
1096 2445 1344 2481 praegressum
1361 2448 1527 2482 excepere
1549 2448 1636 2472 ora-

915 2484 1042 2516 tionem
1069 2482 1208 2516 alacres
1234 2484 1359 2517 referri
1391 2490 1534 2528 potest,
1562 2496 1632 2531 quo

916 2531 1037 2564 existit
1072 2530 1163 2565 haec
1198 2533 1395 2575 sententia,
1429 2543 1449 2567 a
1474 2533 1634 2568 barbaris

915 2578 1015 2613 ducis
1066 2581 1263 2614 orationem
1306 2580 1425 2615 solere
1468 2581 1635 2621 alacriter

915 2628 1044 2671 excipi.
1094 2627 1162 2661 Sed
1194 2627 1227 2661 id
1256 2630 1371 2673 ipsum
1398 2628 1526 2664 falsum
1555 2635 1633 2665 est:

915 2685 994 2708 nam
1019 2675 1158 2710 barbari
1186 2686 1249 2720 pro
1277 2678 1377 2710 vario
1404 2688 1521 2712 rerum
1557 2684 1634 2713 sta-

914 2728 949 2755 tu
989 2733 1169 2758 suasorem
1221 2725 1306 2759 belli
1340 2726 1444 2761 modo
1483 2727 1633 2770 alacres,

912 2771 1016 2804 modo
1043 2773 1162 2807 tristes
1199 2773 1357 2807 audiunt.
1423 2775 1492 2809 Sed
1525 2776 1633 2810 iidem

913 2819 1133 2855 alacritatem
1160 2832 1257 2855 suam
1286 2826 1391 2856 cantu
1414 2823 1634 2870 fremituque

914 2873 949 2901 et
976 2868 1190 2903 clamoribus
1223 2869 1376 2904 dissonis
1401 2872 1521 2905 solent
1535 2872 1634 2906 indi-

913 2927 994 2950 care
1019 2922 1126 2963 atque
1154 2917 1230 2957 hoe
1248 2917 1387 2953 Tacitus
1402 2930 1497 2954 nunc
1513 2922 1633 2966 signi-

906 2964 1019 3004 ficare
1046 2965 1172 3005 voluit.
1201 2965 1326 3027 Itaque
1353 2967 1464 3006 verba
1487 2974 1523 3009 ut
1547 2969 1633 3005 bar-
