1768 3216
124 389 134 399 .
156 343 372 398 pelluntur.

2 368 355 466 ⁴3³³>³³³23²tuleranu
400 418 441 454 ut
473 413 551 454 tela
584 416 892 475 VQAEQR-
913 417 1058 471 aperto
1098 417 1417 473 excuterentur,
1459 414 1648 468 dispersa

0 460 30 483 ts

0 487 35 516 53.-

773 229 1082 266 HISTORIARVM
1439 244 1470 268 a.
1498 235 1534 268 u.
1560 230 1645 271 822.

157 237 230 275 218

433 340 615 391 Namque
637 336 845 380 Vitelliani
876 341 1080 380 tormenta
1112 337 1153 379 in
1184 350 1384 394 aggerem
1413 339 1509 382 viae
1538 340 1648 382 con-

93 477 110 492 ιψ

154 491 283 544 primo
335 492 375 528 et
425 487 603 528 arbustis
651 487 742 528 sine
785 487 964 528 bostium
1011 499 1120 531 noxa
1163 487 1299 529 inlisa.
1359 487 1647 543 Magnitudine

0 556 108 616 Ὗ,
153 563 299 606 eximia
327 562 492 618 quintae
523 561 711 603 decimae
742 561 922 616 legionis
953 562 1115 604 ballista
1158 562 1395 617 ingentibus
1422 562 1536 604 saxis
1567 561 1650 604 bo-

119 639 283 683 sstilem
317 638 449 679 aciem
478 638 715 690 proruebat.
775 637 957 691 Lateque
995 637 1157 680 cladem
1198 637 1426 689 intulisset,
1479 637 1523 680 ni
1565 637 1647 680 duo

149 712 299 755 milites
328 712 587 766 praeclarum
622 712 783 753 facinus
819 713 923 764 ausi,
955 713 1130 766 arreptis
1161 724 1184 753 e
1204 717 1346 767 strage
1369 713 1499 755 scutis
1519 713 1648 768 igno-

147 787 241 838 rati,
268 786 405 828 vincla
436 799 484 828 ac
517 787 760 829 libramenta
794 791 1000 828 tormento
1021 787 1314 829 abscidissem.
1369 787 1513 829 Statim
1539 798 1649 829 con-

149 861 252 905 fossi
281 865 387 914 sunt,
418 873 550 915 eoque
579 861 832 904 intercidere
848 862 1044 903 nomina:
1076 861 1128 903 (le
1148 862 1259 904 facto
1279 861 1388 904 baud
1411 861 1646 918 ambigitur.

147 936 300 978 Neutro
334 935 605 977 inclinaverat
633 935 813 989 fortuna,
847 936 982 979 donec
1014 937 1152 979 adulta
1184 941 1309 978 nocte
1337 936 1433 979 luna
1463 948 1643 991 surgens

97 1025 135 1055 ιο
148 1009 386 1051 ostenderet
417 1011 530 1052 acies
568 1010 824 1067 salter-etque.
881 1011 963 1054 Sed
1007 1011 1214 1054 Flavianis
1243 1012 1416 1065 aequior
1444 1024 1467 1055 a
1499 1015 1648 1067 terg03

147 1070 449 1129 hinffiaiores
479 1098 676 1139 equorum
709 1087 977 1140 virorumque
1007 1087 1207 1139 umbrae,
1251 1091 1293 1128 et
1332 1086 1466 1139 salso,
1514 1091 1559 1129 ut
1603 1087 1646 1130 in

147 1171 344 1213 corpora,
375 1160 459 1201 ictu
488 1161 566 1203 tela
597 1161 774 1203 hostium
806 1162 910 1203 citra
949 1161 1181 1203 cadebant:
1220 1161 1432 1203 Vitelliani
1461 1161 1646 1204 adverso

143 1234 295 1276 lumine
325 1235 578 1278 collucentes
606 1237 718 1278 velut
746 1250 799 1278 ex
835 1236 1001 1279 occulto
1040 1236 1316 1278 iaculantibus
1352 1234 1647 1309 intsoffe-

142 1308 350 1350 rebantur.
412 1310 541 1365 Igitur
569 1311 774 1353 Antonius
800 1313 871 1353 ubi
902 1324 1082 1353 noscere
1111 1323 1211 1354 suos
1243 1312 1447 1366 noscique
1467 1314 1645 1366 poterat,

93 1383 246 1429 15'alios
276 1385 435 1439 pudore
467 1390 506 1426 et
533 1387 726 1441 probris,
763 1387 913 1429 inultos
946 1387 1069 1428 laude
1101 1391 1142 1428 et
1172 1387 1362 1438 hortatu,
1395 1398 1541 1429 omnes
1573 1398 1646 1442 spe

142 1460 443 1514 promissisque
473 1462 736 1515 accendens,
766 1475 841 1504 cur
867 1474 1031 1504 rursum
1062 1463 1335 1516 sumpsissent
1366 1474 1506 1514 arma,
1537 1461 1647 1504 Pun-

279 1582 309 1615 1.
337 1592 475 1627 nanque
500 1581 564 1616 Ma.
663 1584 719 1617 uie
746 1582 811 1618 Ma.
922 1586 955 1619 2.
986 1583 1141 1629 disperso
1169 1581 1246 1617 Ma:
1275 1581 1302 1616 G
1330 1581 1503 1627 dispersa.
1610 1581 1644 1618 4.

140 1634 286 1673 quartae
314 1630 470 1665 decimae
499 1630 572 1665 Ma:
600 1634 756 1667 correxit
782 1632 934 1677 Lipsius.
1037 1631 1179 1666 ballista
1205 1629 1279 1665 Ma:
1319 1630 1448 1664 balista
1472 1629 1511 1664 G.
1609 1629 1644 1665 6.

138 1683 271 1722 strages
300 1678 376 1713 Ma:
408 1679 435 1713 G
459 1686 589 1725 sti-aye.
653 1682 683 1716 7.
716 1687 885 1715 tormento
919 1680 1053 1716 editor:
1080 1680 1224 1715 codices
1251 1685 1513 1714 tormentorum.
1591 1679 1645 1714 13.

140 1727 229 1761 conl.
259 1726 323 1761 Ma.
406 1729 459 1763 15.
487 1729 608 1762 laudes
635 1729 711 1764 Ma:
740 1730 767 1765 G
794 1730 910 1765 laude.
996 1729 1048 1764 16.
1079 1729 1223 1763 curi-ari
1246 1733 1468 1774 suonpmssent
1488 1725 1553 1771 Ma,
1583 1737 1647 1761 cur

138 1776 217 1808 rari
243 1788 367 1822 sumps.
397 1776 445 1810 G:
475 1789 537 1811 cur
563 1789 684 1812 rursus
710 1791 835 1825 sumps.
867 1778 1061 1812 Ferrettus.

212 1874 297 1919 Cap.
325 1877 381 1911 23.
433 1876 470 1909 in
497 1888 660 1921 ayqerem
686 1879 788 1911 viae:
818 1878 852 1911 h.

140 1934 172 1956 e.
201 1923 236 1956 in
263 1924 356 1957 viam
370 1923 584 1958 Postumiam
614 1925 686 1959 alte
714 1926 853 1960 ductam

140 1975 176 2004 et
202 1973 392 2015 munitam3
427 1983 459 2006 v.
491 1973 533 2006 ad
561 1985 592 2006 c.
620 1975 677 2008 21.
817 1980 854 2008 ut

139 2018 210 2052 tela
234 2031 344 2054 vacuo
373 2026 475 2065 atquo
503 2027 623 2066 aperto
642 2028 852 2055 excuteren-

139 2072 220 2101 tur:
250 2067 281 2102 h.
299 2080 330 2102 e.
359 2073 398 2101 ut
424 2069 497 2103 tela
524 2069 611 2103 illuc
636 2075 853 2104 excuteren-

138 2120 206 2159 tur,
233 2116 293 2150 ubi
320 2128 467 2151 vacuum
493 2123 589 2152 esset
617 2122 653 2151 et
680 2124 850 2164 apertum,

80 2163 86 2182 ἶ
138 2165 162 2198 i.
200 2176 231 2199 e.
274 2165 381 2199 nullis
429 2166 581 2200 arbustis
624 2171 850 2211 occupatum.

80 2216 82 2218 ’
138 2211 240 2247 Gonf.
269 2219 388 2247 annot.
417 2214 460 2248 ad
486 2215 498 2248 1
527 2215 585 2249 53.

209 2262 359 2296 arbustis
397 2264 472 2296 sine
498 2263 646 2297 hostiam
673 2274 769 2296 noxa
793 2264 852 2297 in-

136 2309 225 2343 lisa:
262 2316 343 2345 ante
370 2311 404 2344 in
443 2313 614 2346 tertianus
644 2312 764 2345 densis
792 2323 852 2345 ar-

135 2359 247 2392 bustis
275 2362 513 2404 intersaeptos
534 2361 606 2395 tela
627 2360 850 2394 direxerant:

135 2417 218 2440 mox
252 2412 427 2441 tormenta
468 2409 503 2442 in
550 2419 720 2455 aggerem
769 2410 851 2442 viae

137 2454 268 2488 collata
300 2455 429 2499 'locum
475 2457 630 2502 legionis
674 2458 851 2501 septimae

137 2502 331 2537 Galbianae
365 2506 501 2548 patenti
543 2516 662 2550 campo
705 2508 756 2549 (c.
784 2507 848 2551 21)

135 2551 241 2585 situm
269 2556 305 2585 et
332 2553 576 2595 praetorianos
605 2554 665 2597 qui
695 2563 736 2586 eo
766 2563 851 2596 pro-

134 2605 303 2644 ruperant
335 2600 415 2634 telis
442 2600 667 2634 infestarunt.

207 2649 349 2692 quintae
377 2649 554 2682 decimae:
583 2648 759 2694 quomodo
790 2658 851 2692 pro

136 2697 277 2741 quintae
302 2702 508 2741 corruptum
535 2699 581 2732 sit
607 2703 768 2742 quartae,
791 2698 852 2731 vi·-

136 2746 222 2778 tium
252 2745 406 2790 aLipsio
432 2746 520 2780 vere
546 2751 757 2790 correctum,
786 2757 852 2780 ex-

136 2793 239 2836 posui
267 2793 309 2826 ad
336 2794 376 2827 H.
407 2794 439 2828 ΙΙ
471 2795 568 2830 100.’
652 2835 655 2838 ,

212 2845 379 2875 tormento
415 2842 666 2877 abscidissent:
710 2843 852 2887 Lipsius

139 2892 305 2921 tormento
334 2896 402 2923 tum
429 2901 492 2934 pro
520 2891 670 2938 vulgato
697 2897 852 2925 tormen-

140 2940 252 2968 torum
286 2935 475 2982 legendum
503 2940 655 2981 suadet,
693 2940 755 2974 sed
784 2946 853 2974 tum

139 2981 246 3017 inane
277 2982 551 3021 additamentum
585 2994 649 3023 cst.
686 2986 852 3023 Walthe-

926 1888 983 1911 rus
1026 1882 1061 1911 et
1103 1876 1357 1923 Doederlinius
1404 1875 1644 1920 multitudinis

925 1936 1112 1959 numerum
1142 1925 1185 1959 de
1224 1935 1295 1959 una
1332 1925 1470 1970 ingenti
1501 1924 1647 1959 ballista

924 1978 1164 2018 acceperunt,
1204 1977 1429 2019 repugnante
1469 1982 1535 2006 usu
1565 1983 1646 2007 ser-

924 2023 1040 2056 monis
1051 2022 1181 2056 Latini.
1218 2021 1298 2065 Ipse
1325 2021 1412 2055 olim
1439 2030 1512 2054 non
1537 2021 1644 2056 inodo

924 2070 1102 2104 ballistam
1139 2070 1270 2104 eximia
1306 2068 1556 2116 magnitudine
1580 2070 1645 2104 sed

925 2120 1031 2152 etiam
1072 2119 1143 2152 alia
1179 2123 1355 2152 tormenta
1396 2119 1432 2151 in
1473 2128 1644 2164 aggerem

924 2169 1005 2201 viae
1055 2167 1188 2201 collata
1235 2167 1438 2213 significata
1481 2176 1562 2200 esse
1587 2166 1644 2201 di·-

924 2217 983 2258 xi,
1032 2215 1093 2249 sed
1145 2214 1287 2249 obstant
1336 2215 1446 2249 verba
1506 2214 1643 2260 lateque

927 2264 1062 2298 cladem
1086 2264 1270 2306 intulisset,
1298 2269 1333 2298 et
1358 2263 1402 2298 de
1417 2274 1488 2297 una
1507 2268 1644 2299 tantum

924 2312 1089 2346 machina
1115 2311 1254 2346 rettulit
1280 2311 1348 2346 Dio
1381 2312 1524 2348 Cassius
1551 2312 1644 2348 va

927 2362 991 2403 14,
1020 2360 1140 2394 Tacito
1169 2362 1413 2396 consentiens.
1477 2362 1644 2406 Quapro-

923 2414 1002 2453 pter
1028 2411 1174 2454 reposui
1201 2415 1391 2452 torment03
1418 2409 1487 2444 hoc
1508 2421 1566 2444 me
1585 2411 1643 2444 iu-

924 2458 1003 2492 dice
1030 2459 1066 2491 in
1092 2463 1342 2491 tormentorum
1378 2462 1550 2493 mutatum
1588 2463 1644 2492 est

926 2517 946 2539 a
973 2505 1101 2548 scriba,
1130 2516 1234 2550 quem
1261 2516 1429 2539 numerus
1460 2506 1642 2540 nominum

1657 1314 1715 1356 24

923 2553 1043 2587 vincla
1070 2565 1114 2587 ac
1141 2554 1352 2588 libramenta
1379 2565 1399 2588 a
1425 2565 1511 2590 vero
1532 2553 1642 2589 sedu-
1676 2589 1677 2592 ,

923 2602 985 2635 xit.
1061 2602 1186 2636 Vincla
1224 2613 1268 2635 ac
1310 2603 1520 2638 libramenta
1561 2607 1643 2638 sunt

923 2649 1068 2684 vincula
1097 2651 1140 2684 ad
1167 2650 1378 2686 librandum.

1012 2748 1098 2781 lema
1134 2759 1281 2793 surqens
1323 2769 1366 2776 --
1407 2748 1640 2794 fallet-etque:

922 2805 996 2829 rem
1025 2801 1134 2842 auget
1162 2802 1197 2830 et
1223 2796 1366 2831 diversa
1391 2799 1517 2832 miscet
1536 2798 1641 2843 (lege

922 2844 1115 2878 Annalium
1138 2844 1231 2891 128)
1260 2845 1328 2878 Dio
1354 2845 1447 2879 LXV
1471 2848 1524 2881 ll.
1551 2846 1640 2880 Per-

923 2891 1005 2925 inde
1039 2893 1119 2926 luna
1148 2893 1270 2927 alteris
1307 2895 1479 2937 aequior,
1516 2893 1639 2928 alteris

922 2939 1072 2974 adversa
1107 2943 1143 2976 in
1181 2951 1303 2986 pugna
1329 2941 1475 2987 Pompei
1509 2946 1545 2976 et
1570 2941 1640 2977 Mi-

923 2987 1085 3024 thridatis
1114 2988 1343 3034 (Plutarchus
1369 2988 1478 3035 Pomp
1508 2991 1590 3038 32).
