1768 3216
838 236 925 273 Cu.
955 236 1012 273 19.
1575 233 1650 272 117

98 387 102 391 -
144 364 362 401 munerum
391 353 556 397 mollire
570 384 582 407 ,
615 352 876 395 circumcisis
906 362 1013 406 quae
1042 351 1087 393 in
1111 354 1326 405 quaestum
1353 355 1521 406 reperta
1550 351 1642 406 ipso

145 433 301 476 tributo
329 431 501 487 gravius
527 429 827 471 tolerabantur.
885 427 1071 480 Namque
1098 438 1175 480 per
1203 425 1429 469 ludibrium
1447 426 1646 469 adsidere
1712 465 1719 468 .

148 506 303 550 clausis
332 505 498 548 horreis
528 508 570 546 et
598 516 740 546 emere
766 502 876 544 ultro
917 501 1125 544 frumenta
1163 513 1214 542 ac
1255 499 1471 542 colludere
1508 429 1705 604 pretio}

148 581 422 636 cogebantur.
481 578 683 621 Devortia
713 576 907 618 itinerum
935 579 976 616 et
1002 574 1285 630 longinquitas
1314 574 1538 629 regionum
1575 574 1647 615 in-

148 654 388 708 dicebatur,
430 657 476 695 ut
515 652 706 694 civitates
748 650 964 705 proximae
992 649 1180 691 hibernis
1209 649 1255 690 in
1283 651 1445 690 remota
1475 652 1517 689 et
1548 648 1643 691 avia
1660 659 1681 690 ⁵

84 778 91 788 ι
148 729 390 783 deferrent,
431 727 568 771 donec
599 725 711 781 quod
741 725 932 768 omnibus
962 724 1006 766 in
1034 727 1225 778 promptu
1252 726 1367 776 erat,
1408 722 1553 777 paucis
1578 722 1648 765 lu-

284 881 318 914 1.
342 888 526 914 numeram
551 875 782 912 Puteolanus.

147 927 299 964 uncias
322 927 363 962 s'a
387 932 566 973 quaestum
590 930 734 971 reperta
751 937 763 959 .·
802 934 891 969 quae
915 922 1145 958 Puteolanus.

537 975 572 1009 3.
601 972 743 1007 hordeis
768 977 901 1018 puncto
926 971 1117 1006 subnotata
1146 969 1217 1003 litt.
1244 969 1267 1002 d
1293 972 1330 1003 et
1356 977 1534 1012 superscr.
1560 977 1583 1000 r
1606 968 1647 1002 Γ.

147 1023 326 1060 “Radere
350 1023 491 1058 editor:
525 1021 646 1056 ludere
671 1023 748 1064 TA,
768 1020 923 1055 uendere
947 1018 1177 1054 Puteolanus.

146 977 236 1012 tium
261 974 461 1010 Puteolani.

147 1069 375 1110 Puteolanus.

150 1241 220 1278 quo
247 1240 328 1265 cum
352 1230 446 1263 inita
472 1227 723 1262 aestimatione
750 1236 866 1272 pecu-

149 1281 212 1315 nia
257 1290 279 1313 a
320 1276 604 1323 provincialibus
645 1274 865 1316 solvebatur,

150 1328 371 1364 munaum
395 1325 614 1366 vocabatur3
653 1334 687 1357 v.
716 1322 868 1356 Cicero-

149 1378 207 1412 uis
229 1377 268 1411 in
294 1374 443 1409 Verrem
468 1372 531 1407 lib.
558 1371 607 1407 111
630 1371 788 1406 81-91.
813 1370 869 1404 De

150 1425 223 1460 hoc
258 1433 331 1458 uno
376 1421 547 1458 frumenti
585 1429 721 1466 genere
768 1418 869 1463 loqui

150 1473 323 1514 Tacitum,
348 1471 386 1506 id
405 1470 568 1515 proxima
591 1468 818 1502 hibernorum
834 1470 870 1500 et

153 1522 364 1557 horreorum
388 1519 571 1553 mentione
609 1519 869 1550 commonstra-

151 1575 221 1605 tur.
261 1567 448 1603 Walchius
467 1566 601 1611 longae
626 1564 869 1599 annotationis

153 1615 365 1663 ambagibus
391 1615 481 1649 baec
507 1613 617 1647 verba
651 1613 766 1658 magis
801 1611 870 1645 ob-

153 1665 313 1702 scuravit
350 1673 456 1709 quam
501 1661 697 1706 explicuit:
737 1660 871 1705 quippe

153 1716 210 1751 vir
250 1713 369 1748 bonus
420 1712 459 1744 in
512 1709 639 1744 ultima
685 1708 871 1741 Britannia

154 1761 302 1799 Siciliae
322 1758 667 1794 administrationem
695 1760 731 1790 et
749 1756 869 1800 legem

155 1810 384 1847 Hieronicam
408 1806 532 1842 valere
558 1806 724 1849 opinatus
753 1807 821 1838 est.

230 1888 345 1914 emere
367 1877 461 1912 utero
495 1878 696 1921 frumenta:
733 1874 795 1920 qui
828 1884 872 1907 ex

155 1929 231 1963 suis
264 1926 404 1961 horreis
442 1924 620 1959 frumenta
653 1924 691 1956 iu
724 1922 874 1956 hiberna

155 1978 396 2012 Romanorum
423 1972 565 2007 deferre
591 1975 777 2015 poterant,
803 1969 873 2013 ipsi

158 2034 279 2060 emere
311 2022 499 2068 coguntur}
524 2025 560 2054 et
584 2029 706 2052 rursus
732 2017 873 2052 deferre

157 2073 203 2108 ad
212 2073 403 2113 Romanos,
431 2070 516 2115 quia
529 2067 693 2104 devortia
705 2067 874 2100 itinerum

158 2126 197 2156 et
218 2123 391 2156 vecturae
416 2116 611 2152 difficultas
634 2125 707 2148 non
722 2114 874 2159 permit-

158 2174 250 2213 tunt,
276 2172 316 2202 ut
340 2177 405 2201 sua
430 2166 609 2200 frumenta
634 2163 794 2197 afferant.

230 2250 277 2273 ac
301 2236 479 2272 colludere
494 2236 615 2281 ‚pretio
636 2233 872 2279 cogebantur.-

158 2287 336 2331 scriptura
359 2284 533 2318 librorum
558 2293 603 2316 ac
638 2281 759 2315 ludere
796 2283 874 2312 orta

161 2346 207 2370 ex
231 2346 277 2369 ac
303 2332 454 2368 &ludera
488 2333 553 2375 (=
579 2340 621 2363 ac
654 2327 873 2371 colludere),

161 2384 245 2418 dum
271 2394 292 2417 c
315 2384 398 2426 post
415 2390 459 2413 ac
478 2377 718 2411 oblitteratur.
747 2373 875 2408 Collu-

162 2431 249 2466 dere
296 2429 412 2474 pretio
463 2429 639 2472 coguntur
687 2432 731 2457 eo
782 2419 877 2466 quod

162 2478 327 2514 nonnulli
354 2475 438 2510 dolo
473 2473 568 2508 malo
601 2481 664 2517 pro
698 2471 876 2505 frumento

161 2537 328 2574 magnam
353 2532 525 2559 summam
559 2522 734 2561 licentur,
772 2516 815 2551 ad
842 2515 878 2550 id

163 2575 323 2617 inducti,
361 2577 401 2607 ut
440 2571 551 2605 ceteri
594 2568 687 2602 idem
726 2566 879 2610 pretium

164 2632 355 2658 numerare
381 2623 567 2665 cogantur.
633 2615 729 2649 Idem
759 2612 878 2646 verbis

166 2671 286 2706 ludere
329 2668 443 2715 pretio
494 2664 691 2711 significari
735 2660 879 2705 nequit:

128 2713 135 2740 '
166 2717 344 2753 colludere
378 2715 422 2750 de
459 2713 522 2747 tali
569 2712 656 2745 iuris
695 2708 874 2743 calumnia

167 2771 267 2801 recte
292 2764 435 2804 dicitur,
457 2765 497 2795 ut
512 2760 632 2795 lexica
649 2757 791 2791 docent.
817 2755 879 2790 ln-

168 2814 327 2849 feliciter
367 2815 485 2846 autem
523 2806 739 2841 Puteolanus
781 2813 881 2837 suum

168 2861 321 2896 uendere
345 2858 489 2899 intulit,
527 2855 623 2889 unde
648 2854 772 2898 inepta
796 2861 882 2885 sen-

171 2910 284 2945 tentia
307 2907 432 2950 oritur,
456 2903 606 2940 vendere
629 2901 782 2948 pecunia
796 2908 883 2934 coa-

172 2963 248 2995 ctos
283 2966 387 2994 esse:
424 2964 505 2991 nam
542 2952 611 2987 hoe
646 2954 701 2985 est
734 2947 884 2984 vendere

930 874 1212 918 circumcisisque
1238 873 1278 906 s'n
1301 873 1347 914 Δ,
1372 880 1446 905 non
1472 873 1511 906 Γ.
1560 870 1640 905 cir-

1247 922 1282 956 2.
1309 919 1565 954 tollerabantur
1588 919 1648 952 vi-

1315 1018 1351 1052 4.
1378 1016 1534 1050 daton-tia
1555 1017 1589 1050 Γ
1611 1019 1648 1048 et

453 1072 489 1107 5.
511 1070 697 1117 proximae
725 1069 861 1104 editor:
885 1067 1057 1115 proximis
1082 1068 1156 1108 ΓΔ,
1183 1076 1207 1099 a
1226 1064 1399 1111 proximis
1417 1062 1648 1101 Puteolanus.

930 1225 1047 1271 pretio
1068 1249 1077 1266 ‚
1117 1231 1190 1256 non
1215 1225 1335 1256 autem
1359 1220 1513 1255 vendere
1534 1220 1650 1266 pretio

930 1273 1044 1318 posito
1071 1270 1132 1305 vel
1157 1276 1306 1312 statuto,
1335 1270 1436 1303 cuius
1463 1268 1651 1314 significa-

934 1326 991 1354 tus
1018 1325 1054 1354 et
1078 1320 1188 1352 mirae
1214 1318 1353 1361 ellipsis
1386 1318 1424 1350 in
1448 1321 1524 1350 tota
1549 1316 1650 1350 Lati-

934 1369 1047 1402 nitate
1072 1366 1210 1401 nullum
1236 1364 1439 1409 exemplum
1466 1369 1531 1398 est.

1006 1444 1045 1472 ut
1070 1438 1229 1472 civitates
1258 1436 1443 1482 proximae
1474 1434 1653 1470 hibernis.-

932 1487 1116 1533 proximis,
1142 1489 1181 1518 ut
1211 1485 1319 1518 estin
1333 1483 1531 1527 codicibus,
1557 1484 1653 1518 assi-

937 1534 1084 1569 milandi
1125 1533 1351 1567 aberratione
1393 1543 1438 1566 ex
1467 1533 1654 1577 proximae

935 1588 1057 1617 natum
1084 1591 1165 1616 esse
1191 1585 1312 1615 cetera
1334 1581 1513 1614 sententia
1530 1579 1650 1614 docet.

935 1631 1023 1666 Nam
1054 1629 1227 1676 proximis
1252 1628 1408 1662 hibernis
1434 1637 1506 1661 non
1532 1632 1653 1671 potest

936 1679 1061 1714 valere
1100 1689 1124 1711 a
1159 1677 1331 1722 proximis
1374 1675 1553 1717 hibernis,
1590 1675 1657 1710 sed

938 1728 1079 1761 dativus
1105 1726 1199 1759 foret
1234 1733 1429 1769 suspensus
1462 1734 1508 1757 ex
1540 1723 1654 1758 verbo

938 1776 1131 1819 deferrent,
1158 1783 1284 1807 eversa
1298 1782 1441 1817 prorsus
1458 1772 1651 1805 sententia.

939 1822 1155 1857 Puteolanus
1181 1832 1204 1854 a
1226 1821 1396 1866 proximis
1423 1829 1488 1852 suo
1507 1819 1654 1853 arbitrio

940 1870 1194 1915 suppeditavit,
1223 1868 1287 1902 sed
1311 1867 1399 1902 illae
1426 1868 1592 1901 civitates
1610 1877 1656 1900 ex
1679 1892 1682 1900 .

939 1920 1030 1953 vicis
1056 1919 1130 1951 suis
1158 1922 1193 1951 et
1221 1917 1337 1961 agris,
1379 1925 1452 1948 non
1478 1926 1500 1948 a
1531 1915 1658 1959 proxi-

941 1969 1008 2001 mis
1035 1966 1219 2006 hibemis,
1256 1964 1292 1997 in
1326 1967 1464 1997 remota
1502 1967 1538 1996 et
1575 1964 1657 1996 avia

942 2015 1092 2049 hiberna
1129 2013 1345 2047 frumentum
1384 2011 1518 2044 deferri
1550 2009 1682 2045 iube-2

940 2063 1080 2097 bantur.
1118 2060 1278 2094 Halmius
1304 2058 1567 2092 commendavit
1588 2069 1656 2102 pro
1678 2089 1682 2103 ,

938 2110 1123 2157 proximis,
1151 2110 1403 2155 κακοφωνίας
1428 2107 1574 2140 nomine
1590 2116 1654 2139 su-

942 2162 1117 2203 spectum.
1172 2157 1307 2190 Vocem
1336 2154 1492 2188 hibernis
1519 2153 1656 2187 Graece

941 2208 1179 2250 interpretare
1202 2201 1438 2250 χειμαδίοις,
1481 2210 1553 2233 non
1580 2206 1662 2238 τοῖς

939 2254 1171 2301 χειμαδίοις,
1198 2249 1347 2294 perinde
1363 2253 1498 2282 remota
1517 2253 1549 2281 et
1563 2248 1657 2280 avia.

942 2301 997 2335 Ad
1021 2311 1096 2334 rem
1122 2296 1367 2332 illustrandam
1394 2295 1531 2328 faciunt
1551 2293 1660 2327 Cice-

943 2349 1041 2382 ronis
1066 2345 1178 2380 verba
1210 2345 1247 2377 in
1275 2343 1377 2376 Verr.
1413 2341 1475 2376 lib.
1505 2340 1553 2375 111
1586 2340 1660 2376 82:

944 2396 1054 2430 secuti
1069 2398 1148 2427 sunt
1162 2391 1346 2426 avariores
1359 2390 1584 2435 magistratus
1598 2407 1658 2421 ——.

948 2443 1177 2478 Instituerunt
1213 2448 1348 2484 semper
1386 2438 1426 2471 in
1458 2436 1583 2470 ultima
1615 2446 1661 2470 ac

948 2489 1159 2536 difficillima
1184 2487 1232 2521 ad
1253 2485 1465 2532 portandum
1478 2485 1559 2518 loca
1577 2485 1661 2528 sru-

947 2544 1098 2572 mentum
1122 2537 1310 2581 imperare,
1336 2539 1374 2568 ut
1394 2538 1560 2567 vecturae
1586 2531 1661 2574 dis-‘-

945 2586 1099 2631 ficultate
1127 2584 1175 2618 ad
1199 2593 1302 2628 quam
1332 2580 1461 2616 vellent
1492 2580 1661 2613 aestima-

950 2636 1078 2670 tionem
1101 2631 1342 2679 pervenirent.

1024 2706 1135 2739 donec
1161 2722 1206 2729 -—
1227 2701 1400 2734 lucrosum
1410 2697 1533 2740 fieret.-
1560 2694 1661 2728 eius-

951 2754 1046 2787 modi
1082 2749 1333 2785 vexationibus
1371 2741 1614 2788 provinciales
1639 2751 1661 2775 a

950 2799 1115 2845 praeside
1141 2798 1199 2831 vel
1229 2796 1306 2829 eius
1343 2791 1513 2825 ministris
1547 2798 1662 2834 coge-

951 2850 1090 2889 bantur,
1116 2849 1155 2878 ut
1180 2845 1303 2888 iniqua
1328 2838 1576 2874 aestimatione
1594 2846 1662 2880 pe-

953 2897 1093 2930 cuniam
1113 2901 1176 2936 pro
1199 2891 1376 2925 frumento
1398 2886 1581 2922 solverent
1605 2884 1667 2917 iu-

953 2948 1008 2978 sto
1037 2941 1218 2977 maiorem.
