1768 3216
757 254 845 292 Car.
871 255 1029 295 30-31.
1576 261 1647 300 1³1

153 370 358 425 Raptores
389 373 532 427 orbis,
570 378 788 429 postquam
819 379 967 417 cuncta
996 374 1254 425 vastantibus
1287 375 1473 419 defuere·
1499 379 1653 430 terrae,

153 448 199 488 et
220 456 337 488 mare
365 451 621 499 scrutantur;
661 449 698 491 si
723 449 911 504 locuples
941 449 1074 492 hostis
1102 453 1189 502 est,
1233 450 1374 502 avari,
1415 450 1454 493 si
1483 462 1654 507 pauper,

151 519 367 564 ‚ambitiosi
378 535 391 574 3
441 534 545 576 quos
575 535 660 565 non
696 523 873 577 Oriens,
918 536 1004 566 non
1035 524 1247 567 Occidens
1274 525 1505 567 satiaverit.
1565 524 1655 569 Soli

152 595 339 638 omnium
370 608 472 651 opes
502 602 627 652 atque
656 598 839 652 inopiam
871 591 962 653 pari
988 599 1156 642 adfectu
1186 600 1500 654 concupiscunt.
1561 599 1655 642 Au-

151 668 271 712 ferre
298 671 508 714 trucidare
538 686 688 727 rapere
718 673 836 716 salsis
868 674 1108 716 nominibus
1141 674 1382 728 imperium,
1423 678 1545 728 atque
1582 674 1686 717 ubis

84 744 140 784 31
153 743 420 787 solitudinem
450 747 621 800 faciunt,
651 761 799 802 pacem
826 748 1043 802 appellant.
1085 749 1260 790 Liberos
1293 750 1443 803 cuique
1473 761 1523 790 ac
1551 760 1656 803 pro-
1703 790 1707 794 ,

154 818 334 874 pinquos
361 833 461 863 suos
493 826 641 863 natura
672 823 915 865 carissimos
959 835 1055 866 esse
1083 824 1235 865 voluit:
1282 824 1325 865 hi
1364 836 1440 878 per
1468 823 1656 866 delectus

150 893 256 937 alibi
281 896 478 937 servituri
508 897 775 939 auferuntur:
809 898 1013 952 coniuges
1042 910 1298 952 sororesque
1328 898 1491 940 etiamsi
1519 897 1658 940 hosti-

149 967 238 1011 lem
280 969 496 1012 libidinem
535 970 767 1025 effugiant,
807 972 978 1013 nomine
1016 973 1244 1014 amicorum
1287 976 1410 1026 atque
1450 971 1657 1026 hospitum

151 1041 404 1098 polluuntur.
475 1044 591 1088 Bona
623 1046 898 1100 fortunaeque
921 1046 972 1090 in
999 1047 1221 1099 tributum,
1257 1059 1360 1102 ager
1390 1050 1431 1088 et
1458 1058 1589 1089 annus
1615 1047 1659 1088 in
1672 1056 1712 1086 to

154 1117 418 1162 frumentum.
480 1120 667 1174 Corpora
696 1121 785 1175 ipsa
816 1134 865 1163 ac
894 1133 1039 1163 manus
1070 1121 1187 1163 silvis
1219 1134 1270 1163 ac
1297 1121 1516 1175 paludibus
1539 1133 1659 1164 emu-

147 1193 322 1235 -niendis
351 1194 461 1236 inter
491 1195 670 1237 verbera
700 1209 750 1237 ac
782 1196 1055 1238 contumelias
1087 1200 1320 1237 conterunt.
1380 1197 1485 1239 Nata
1518 1195 1660 1238 servi-

148 1267 230 1309 tuti
258 1268 465 1322 mancipia
495 1268 626 1311 semel
655 1273 850 1322 veneunt,
897 1273 1021 1323 atque
1048 1269 1158 1338 pltro
1191 1282 1214 1311 a
1249 1269 1429 1311 dominis
1468 1268 1656 1312 aluntur:

1565 1428 1602 1462 e't
1628 1428 1662 1461 si
1686 1435 1693 1441 “

737 1480 792 1514 lt).
820 1481 1053 1523 fortunaeque
1077 1499 1123 1505 -
1150 1489 1265 1512 annus
1291 1477 1487 1522 Seyffertus
1512 1477 1550 1509 in
1573 1485 1660 1520 pro-

157 1531 353 1572 grammate
381 1525 567 1561 Crucinac.
596 1537 628 1560 a.
661 1527 774 1562 ¹845:
800 1529 967 1571 fortunae
993 1537 1081 1571 quae
1110 1529 1201 1572 (mg.
1230 1528 1261 1561 Γ
1280 1537 1339 1570 q‚·,
1383 1525 1420 1559 h.
1449 1536 1481 1559 e.
1512 1527 1595 1570 que)
1621 1526 1662 1558 in

157 1574 322 1610 tribunam
349 1581 496 1620 aqyemt
522 1587 637 1609 annus
662 1577 732 1610 ΓΔ.
761 1577 990 1620 fortunasque
1015 1595 1062 1602 —-
1086 1580 1256 1621 egerunt,
1282 1575 1321 1608 in
1345 1584 1527 1607 annonam
1555 1572 1659 1607 Rhe-

156 1633 280 1657 nanus.
382 1626 437 1658 11.
468 1623 687 1658 etnuniendi‘s
714 1625 807 1658 inter
830 1624 982 1658 uerbera
1007 1625 1092 1659 TA:
1129 1622 1346 1657 Puteolanus
1380 1622 1531 1656 uerbera
1561 1632 1659 1655 emu-

156 1672 297 1707 niendis
320 1673 426 1706 inter.

268 1431 299 1464 1.
330 1429 493 1474 defuere:
519 1435 653 1464 terram
679 1436 712 1464 et
737 1441 835 1464 mat-e
864 1430 941 1465 rA:
972 1429 1176 1463 emendavit
1202 1429 1407 1463 Rhenanus.
1503 1428 1539 1462 8.

147 1478 243 1514 TA:
271 1478 336 1512 etsi
359 1477 589 1512 Puteolanus.

158 1798 276 1834 scriba
291 1808 371 1833 cum
386 1801 517 1834 ceteris
541 1801 760 1834 continuata.
789 1799 876 1834 Nam

160 1847 317 1893 glossam
344 1857 425 1883 esse
461 1859 506 1882 ex
544 1848 627 1882 loco
666 1859 770 1894 quam
797 1859 875 1881 ma-

159 1896 255 1930 xime
278 1897 401 1940 inepto
429 1898 655 1942 perspicitur.
705 1896 876 1931 Nimirum

159 1945 271 1979 verba
324 1955 421 1979 niente
470 1946 638 1980 terminus
668 1945 878 1979 Britanniae

157 1999 266 2039 putet,
294 1997 330 2027 ct
354 2004 445 2038 quae
468 1999 677 2039 sequuntur,
696 1994 757 2028 sed
777 1993 878 2027 nulla

158 2044 231 2076 iam
255 2039 353 2075 ultra
377 2053 484 2087 qens,
512 2044 689 2077 artissime
716 2043 811 2076 inter
836 2052 876 2075 se

103 2113 112 2118 κ
160 2090 356 2125 cohaerent
383 2095 419 2124 et
444 2092 610 2125 immissis
631 2091 760 2125 alienis
785 2090 878 2124 male

159 2138 393 2174 divelluntur.
448 2140 598 2174 Accedit
635 2138 730 2185 quod
768 2139 878 2172 verba

159 2191 327 2232 suspecta
366 2187 458 2221 nihil
491 2188 647 2230 addunt,
686 2187 782 2233 quod
806 2197 876 2220 non

160 2236 290 2270 melius
335 2240 370 2270 et
416 2237 628 2281 exquisitius
672 2239 708 2270 in
747 2237 877 2270 ceteris

160 2285 270 2326 insit,
308 2289 345 2317 et
380 2285 557 2327 particula
595 2291 698 2329 atque
732 2285 877 2317 sinistre

161 2331 321 2366 adhibita
358 2331 550 2366 scribentis
590 2332 775 2366 infantiam
817 2342 877 2365 ar-

163 2382 252 2427 guit.
279 2379 463 2413 Broterius
485 2380 642 2414 Maurum
670 2380 792 2413 lavare
810 2390 877 2424 ag-

163 2438 307 2474 gressus
346 2433 428 2471 est,
463 2427 544 2461 dum
586 2427 680 2462 male
714 2432 808 2461 sarta
841 2428 875 2459 in

148 2476 259 2512 *hunc
291 2476 433 2511 modum
490 2476 643 2510 licenter
684 2476 876 2520 disponere

164 2531 336 2560 conatur:
371 2536 436 2558 nos
472 2545 517 2551 -
554 2525 736 2570 defendit:
776 2530 878 2568 atque

147 2585 264 2609 'omne
299 2575 453 2620 ignotum
484 2585 549 2619 pro
587 2574 771 2618 maqnn’fico
804 2578 877 2606 est.-

163 2623 224 2658 sed
258 2633 354 2666 nunc
382 2623 550 2656 terminus
578 2622 786 2656 Britanniae
809 2630 878 2666 pn-

165 2677 231 2705 tet:
259 2670 360 2705 nulla
383 2671 457 2703 iam
480 2670 576 2703 ultra
600 2681 684 2714 qens
711 2673 779 2702 cet.
809 2668 880 2701 As-

148 2728 292 2753 ·sensus
319 2723 374 2752 est
400 2728 491 2751 unus
512 2717 765 2751 Doederlinius
794 2725 880 2760 pro-

164 2777 231 2801 nus
257 2767 301 2801 ad
330 2765 643 2810 transponendum.

225 2843 387 2884 raptores
413 2836 507 2871 orbis
533 2841 627 2870 cet.:
655 2836 803 2871 crimina
828 2835 881 2869 si-

166 2886 266 2927 milia
292 2891 327 2920 et
354 2886 457 2919 nimis
483 2886 575 2919 iusta
601 2883 708 2918 habet
728 2883 882 2929 epistola

166 2933 379 2969 Mithridatis
396 2933 440 2968 ad
453 2935 622 2968 Arsacem
644 2934 680 2966 in
697 2932 882 2978 fragmen-

168 2983 212 3017 tis
240 2983 473 3018 Historiarum
500 2981 661 3018 Sallustii
700 2979 792 3016 libro
819 2979 882 3023 lV,

947 1799 1107 1833 eiusdem
1154 1799 1198 1832 ad
1237 1797 1370 1832 milites
1409 1797 1530 1831 contio
1566 1796 1660 1842 apnd

946 1847 1117 1881 Iustinum
1144 1846 1319 1882 XXXVIII
1348 1847 1455 1881 4—7.

1021 1942 1108 1989 Cap.
1137 1945 1197 1979 3¹.
1247 1943 1369 1990 Pergit
1401 1946 1520 1976 orator
1555 1951 1659 1975 arro-

947 1995 1104 2039 gantiam
1130 1993 1368 2026 Romanorum
1404 1996 1439 2025 et
1474 1989 1661 2024 libidinem

946 2046 1056 2086 atque
1097 2042 1282 2075 avaritiam
1321 2039 1545 2086 depingere,
1603 2039 1662 2072 cui

946 2090 1064 2134 iungit
1108 2089 1394 2123 adhortationem
1438 2092 1477 2121 ut
1519 2086 1662 2120 tandem

943 2142 1086 2182 ‘sumpto
1114 2139 1231 2171 animo
1258 2139 1381 2183 iugum
1406 2136 1567 2170 odiosum
1595 2145 1661 2169 ex-

948 2198 1034 2221 uere
1058 2186 1184 2220 velint.

1020 2257 1112 2290 bona
1146 2257 1376 2300 fortunaeque
1411 2254 1451 2286 in
1485 2253 1660 2296 tributum,

948 2316 1035 2349 «ρετ
1060 2310 1093 2337 et
1118 2314 1232 2336 annus
1265 2303 1303 2335 in
1329 2304 1563 2346 frumentum.-
1602 2300 1661 2334 lo-

948 2362 1026 2385 cum
1054 2351 1114 2384 diu
1141 2354 1306 2393 corrupte
1337 2348 1494 2382 habitum
1530 2352 1567 2381 et
1592 2356 1660 2382 va-

948 2401 1000 2433 rie
1020 2403 1191 2432 tentatum
1222 2398 1371 2442 egregie
1397 2397 1537 2430 sanavit
1550 2395 1661 2439 Seyf-

948 2447 1078 2489 fertus,
1114 2451 1301 2490 corruptae
1340 2444 1507 2478 lectionis
1544 2445 1660 2478 vesti-

949 2496 1009 2541 gia
1045 2499 1147 2529 caute
1193 2499 1227 2528 et
1263 2491 1455 2538 prudenter
1490 2491 1658 2539 legendo.

948 2543 1053 2577 Notio
1081 2542 1179 2578 verbi
1205 2541 1277 2576 abit
1306 2541 1392 2585 ipsis
1417 2540 1660 2585 praepositio-

948 2591 1053 2625 nibus
1095 2596 1131 2625 et
1168 2591 1373 2624 accusativo
1408 2589 1587 2623 nominum
1623 2588 1659 2620 in

949 2641 1067 2675 animo
1100 2639 1255 2684 legentis
1283 2637 1468 2671 excitatur.
1506 2637 1603 2680 Aqer
1628 2639 1661 2667 et

949 2700 1063 2722 annus
1098 2693 1154 2722 est
1191 2697 1328 2720 annuus
1356 2688 1542 2730 proventus
1567 2682 1659 2727 (tyri.

949 2737 1009 2771 Sic
1044 2736 1084 2770 G.
1114 2738 1182 2770 14:
1219 2746 1284 2767 nec
1318 2743 1426 2766 arare
1460 2738 1592 2764 terram
1627 2734 1661 2763 et

950 2790 1135 2831 expectare
1163 2792 1294 2815 annum
1327 2786 1398 2813 tam
1435 2777 1544 2823 facile
1573 2788 1661 2823 per-

949 2834 1113 2868 suaseris.
1165 2829 1392 2863 Frumentum
1433 2827 1552 2871 cogita
1588 2834 1661 2858 non

951 2881 1202 2920 decumanum,
1251 2874 1315 2909 sed
1355 2875 1394 2908 in
1427 2873 1552 2908 cellum
1582 2871 1663 2907 sive

952 2929 1181 2963 «restitutum.
1240 2923 1428 2958 Britannos
1464 2922 1556 2956 enim
1594 2921 1663 2954 sti-

953 2976 1121 3024 pendium
1157 2974 1235 3009 sive
1271 2971 1441 3007 tributum
1484 2967 1664 3014 solvisse,
