1768 3216
157 210 206 247 90
760 208 1020 245 AGRIGOLAE

157 327 321 380 habuit,
363 339 468 380 quae
503 325 706 380 equestris
735 326 931 368 nobilitas
961 330 1037 369 est.
1096 327 1217 369 Pater
1242 326 1369 370 Iulius
1400 327 1647 381 Graecinus,

157 401 356 444 senatorii
388 400 560 453 ordinis,
593 400 731 443 studio
768 401 1030 455 eloquentiae
1061 401 1373 456 sapientiaeque
1398 405 1536 455 notus,
1567 402 1650 444 iis-

156 487 234 528 que
275 474 374 529 ipsis
422 474 640 516 virtutibus
690 476 794 517 iram
843 475 920 517 Gai
961 476 1154 518 Caesaris
1204 476 1375 518 meritus
1403 491 1413 517 ε
1470 486 1650 530 namque

154 549 336 590 Marcum
364 548 546 590 Silanum
578 561 778 591 accusare
795 548 932 599 iussus
954 554 1008 602 et,
1043 550 1137 603 quia
1161 550 1375 602 abnuerat,
1405 549 1650 592 interfectus

123 626 231 663 aest.
290 621 420 663 Mater
448 622 547 663 Iulia
578 622 755 665 Procilla
787 623 875 675 fuit,
907 636 1030 665 rarae
1057 623 1271 666 castitatis.
1331 625 1376 665 In
1404 623 1526 665 huius
1554 623 1651 665 sinu

157 695 496 750 indulgentiaque
527 696 726 739 educatus
756 710 831 751 per
862 709 1027 739 omnem
1057 697 1325 741 honestarum
1374 697 1522 739 artium
1560 696 1652 739 cul-

155 773 237 810 tum
266 770 482 825 pueritiam
511 770 921 824 adolescentiamque
961 771 1177 825 transegit.
1239 770 1426 813 Arcebat
1461 780 1556 814 eum
1596 770 1648 812 ab

154 843 376 886 inlecebris
394 845 664 897 peccantium,
683 849 849 898 praeter
879 845 1006 899 ipsius
1029 845 1181 887 bonam
1206 845 1494 900 integramque
1523 847 1648 887 natu-

152 929 268 970 ram,
312 918 422 971 quod
463 919 597 961 statim
642 919 838 972 parvulus
879 918 1021 960 sedem
1069 931 1117 959 ac
1149 919 1391 973 magistram
1418 918 1650 960 studiorum

94 999 132 1028 ¹⁰
152 991 374 1033 Massiliam
404 992 557 1045 habuit,
591 993 728 1034 locum
762 993 922 1034 Graeca
950 992 1144 1035 comitate
1175 997 1215 1034 et
1236 992 1485 1046 provinciali
1510 992 1650 1046 parsi-

322 1123 352 1156 1.
377 1127 479 1166 pater
506 1114 589 1157 Iulii
615 1123 726 1157 Iulius
754 1124 832 1158 TA:
860 1128 963 1168 pater
990 1123 1100 1157 Iulius
1127 1123 1235 1157 tacite
1261 1122 1414 1166 Lipsius.
1477 1120 1650 1159 Greoinm

153 1173 184 1205 Γ
206 1174 241 1204 et
267 1169 494 1204 Puteolanus.
643 1173 678 1206 2.
705 1171 813 1215 iisque
838 1172 922 1215 ipsis
948 1172 1027 1204 virt.
1056 1172 1139 1206 FA:
1166 1172 1276 1215 iisque
1301 1171 1381 1204 virt.
1410 1168 1644 1205 Puteolanus.

151 1221 185 1253 4.
212 1217 387 1257 Sillanum
413 1221 445 1253 Γ
464 1223 499 1252 et
527 1218 756 1259 Puteolanus.
854 1220 888 1254 6.
915 1219 1106 1253 honestatis
1131 1221 1173 1254 Δ.

156 1267 210 1302 10.
251 1266 328 1300 hait
353 1267 386 1310 Γ,
414 1266 534 1301 habuit
558 1269 609 1302 A:
637 1265 854 1302 Puteolanus
881 1267 1055 1301 habuerit.

219 1393 323 1433 pater
350 1387 461 1422 Iulius
483 1387 700 1423 Graecinus.-
728 1388 771 1422 ab
798 1399 863 1422 avo
1021 1389 1181 1424 Romano
1228 1398 1273 1421 ae
1310 1387 1489 1421 senatori.-
1533 1386 1570 1421 h.
1615 1397 1648 1422 ο.

1276 1219 1309 1253 7.
1340 1219 1432 1264 eum]
1461 1223 1578 1252 tamen
1602 1219 1647 1253 Δ.
1712 1224 1717 1227 “

152 1437 271 1482 pergit
296 1435 340 1469 ad
375 1442 514 1482 patrem
543 1446 625 1470 mox
667 1436 864 1471 deveniens

152 1484 195 1518 ad
212 1490 369 1518 matrem.
397 1484 434 1518 In
448 1485 635 1519 Vaticanos
654 1490 689 1519 et
715 1486 861 1530 antiqua

153 1532 372 1576 exemplaria
398 1532 535 1566 illatum
571 1538 625 1567 est
648 1539 751 1579 pater
778 1532 862 1567 Iulii

152 1580 262 1614 Iulius
290 1581 496 1624 Graecinus,
523 1581 630 1626 idque
650 1583 861 1626 scriptorem

150 1629 270 1662 verbis
299 1634 504 1673 parcentem
533 1630 623 1664 adeo
650 1629 801 1664 dedecet
828 1633 863 1662 et

149 1676 200 1710 ita
227 1677 383 1711 alienum
409 1683 462 1711 est
489 1688 509 1711 a
534 1688 632 1712 more
658 1678 798 1720 Latino,
825 1682 864 1710 ut

149 1725 212 1758 vix
225 1727 369 1759 novicio
387 1725 495 1759 alicui
510 1727 680 1760 narratori
697 1731 732 1759 et
745 1726 862 1759 aulico

151 1773 421 1807 condonandum
448 1773 623 1818 videatur,
653 1776 712 1819 qui
741 1775 863 1818 expri-

151 1832 249 1856 mere
277 1823 367 1855 haec
396 1821 595 1856 Theodisce
623 1823 755 1867 scripta
793 1831 863 1855 vo-

152 1869 279 1903 luerit:
319 1870 382 1903 der
418 1869 525 1903 Vater
548 1882 615 1904 von
644 1871 763 1904 Herm
801 1870 863 1903 la-

152 1916 219 1951 lins
244 1917 304 1951 vel
332 1918 394 1951 der
427 1918 533 1951 Vater
570 1930 714 1951 unseres
740 1917 862 1951 Iulius.

152 1965 318 1999 Mendum
345 1966 595 1998 Vaticanorum
623 1971 683 1999 aut
708 1976 772 2010 per
790 1965 863 1998 dit-

153 2012 376 2058 tographiam
412 2015 557 2046 emersit
595 2019 655 2046 aut
696 2024 739 2046 ex
772 2014 865 2046 scri-

154 2065 257 2105 ptura
301 2061 370 2093 iam
419 2066 586 2104 corrupta
632 2067 735 2105 pater
782 2060 865 2094 Iulii

157 2108 352 2142 Graecinus
377 2108 414 2141 in
439 2109 542 2152 peius
570 2113 740 2142 mutatum
769 2113 835 2142 est.

227 2177 276 2212 M.
304 2178 465 2212 Silanum
491 2201 536 2206 -
562 2179 766 2223 interfectus
793 2183 862 2211 est:

154 2225 291 2260 Seneca
335 2226 378 2260 de
412 2226 539 2261 Benef.
583 2226 614 2260 11
654 2227 720 2269 21,
747 2226 862 2270 Epist.

154 2273 212 2310 29.
242 2274 309 2308 Dio
338 2273 481 2309 Cassius
509 2275 582 2309 LIX
606 2275 642 2309 8.
671 2275 862 2310 Suetonius

156 2320 270 2368 Calig.
300 2323 359 2358 23.

229 2393 317 2436 quod
343 2394 461 2427 statim
486 2413 531 2419 —
557 2393 699 2427 habuit:
726 2392 868 2427 diversa

155 2441 330 2484 scriptura
359 2441 532 2483 habuerit,
559 2452 651 2486 quae
675 2442 769 2475 inest
794 2440 867 2474 Pu-

155 2488 290 2522 teolani
318 2489 603 2533 exemplaribus,
633 2493 716 2522 nata
742 2493 797 2523 est
823 2499 868 2523 ex

157 2536 231 2570 mie
256 2546 442 2580 perperam
468 2538 505 2570 in
540 2536 701 2570 habuerit
732 2541 866 2570 mutato

156 2595 220 2628 pro
255 2584 385 2619 habuit.
432 2584 499 2626 Qui
541 2589 699 2617 statuunt
726 2595 868 2618 causam

157 2633 200 2667 ab
228 2633 306 2676 ipso
321 2632 491 2678 Agricola
504 2632 676 2677 prolatam
692 2631 868 2675 exhiberi,

157 2680 312 2716 Tacitum
343 2681 494 2715 obscure
523 2686 559 2714 et
585 2680 790 2725 perturbate
809 2680 867 2713 lo-

158 2734 324 2773 quentem
352 2729 499 2764 faciunt.
527 2729 628 2764 Nunc
647 2730 741 2763 enim
764 2728 869 2761 Taci-

158 2781 215 2810 tus
241 2782 378 2819 narrat,
413 2788 495 2812 mox
528 2777 721 2822 Agricolae
759 2776 870 2810 verba

158 2824 372 2859 referuntur.
399 2825 453 2860 De
479 2826 658 2860 Massiliae
683 2824 809 2859 studiis
835 2829 870 2858 et

160 2872 350 2916 disciplina
387 2873 433 2908 cf.
474 2874 522 2908 lv
556 2874 615 2909 44.
671 2873 799 2908 Cicero
834 2882 867 2916 p.

160 2918 291 2955 Flacco
315 2920 373 2957 26.

935 1437 990 1470 cui
1020 1436 1170 1481 negotia
1197 1445 1367 1469 exercere
1395 1439 1430 1468 et
1465 1435 1518 1470 rei
1554 1434 1650 1478 pubi.

932 1484 1026 1518 licae
1051 1494 1232 1527 praeesse,
1259 1493 1329 1516 non
1356 1483 1392 1516 iu
1422 1482 1557 1517 scholis
1581 1482 1648 1516 de-

930 1533 1121 1574 litescere,
1148 1532 1289 1577 origine
1315 1535 1352 1565 et
1377 1529 1543 1575 exemplo
1570 1539 1650 1565 ma·-

931 1582 1044 1614 iorum
1082 1576 1296 1614 destinatum
1339 1579 1446 1613 esset.
1493 1577 1549 1614 De
1586 1588 1650 1614 sa-

930 1629 1089 1673 pientiae
1115 1628 1233 1662 studio
1253 1626 1460 1671 potentibus
1479 1631 1648 1671 suspecto

931 1677 1107 1722 cogitavit
1133 1675 1327 1710 Walchius.

985 1746 1298 1792 *pubcliritudinem
1324 1754 1368 1778 ac
1395 1744 1568 1791 speciem:
1611 1742 1645 1781 h.

937 1807 966 1829 e.
995 1795 1181 1840 pulchram
1216 1793 1364 1839 speciem
1398 1790 1477 1838 (das
1515 1792 1643 1830 saltone

935 1843 1046 1886 Ideal,
1070 1843 1132 1876 das
1158 1841 1286 1876 schdne
1317 1839 1528 1886 Glanzbtld).
1556 1835 1642 1878 Nam

935 1891 1072 1937 gloriae
1123 1892 1255 1936 species
1292 1899 1371 1923 cum
1417 1897 1488 1927 non
1530 1882 1645 1924 oculis

934 1939 1067 1982 aspici,
1112 1938 1174 1972 sed
1215 1937 1292 1971 sola
1337 1941 1457 1981 mente
1490 1934 1648 1982 intelligi

934 1989 1058 2030 possit,
1085 1997 1155 2020 non
1185 1990 1239 2019 est
1267 1986 1399 2030 species
1427 1994 1518 2030 quae
1534 1983 1647 2031 vulgo

935 2034 1076 2075 dicitur,
1103 2033 1167 2067 sed
1194 2032 1277 2067 ἰδέα
1304 2037 1360 2066 est
1373 2033 1452 2066 sive
1473 2030 1586 2068 forma
1606 2031 1650 2066 ad

934 2086 1090 2115 mentem
1116 2081 1285 2114 Platonis.
1313 2080 1373 2115 Sic
1396 2079 1545 2126 speciem
1567 2078 1649 2124 pul-

936 2125 1144 2163 chritudinis
1171 2129 1290 2172 posuit
1327 2126 1454 2161 Cicero
1491 2128 1528 2161 in
1556 2125 1646 2162 ora-

936 2182 1013 2211 tore
1040 2188 1070 2211 c.
1108 2178 1146 2212 2:
1187 2187 1254 2209 nec
1294 2185 1376 2209 vero
1410 2174 1471 2211 ille
1503 2175 1647 2221 artifex,

937 2237 1014 2259 cum
1041 2227 1176 2270 faceret
1194 2224 1285 2258 Iovis
1310 2225 1462 2267 formam
1487 2229 1549 2269 aut
1575 2222 1649 2258 Mn·-

935 2284 1086 2315 nervae,
1113 2271 1412 2317 contemplabatur
1447 2270 1598 2316 aliquem
1631 2283 1650 2307 e

937 2333 1000 2366 quo
1014 2320 1275 2355 similitudinem
1288 2319 1442 2362 duceret,
1468 2318 1530 2365 sed
1541 2315 1650 2365 ipsius

935 2371 974 2403 in
996 2375 1108 2403 mente
1133 2368 1306 2402 insidebat
1331 2367 1464 2412 species
1486 2362 1650 2415 pulchri-

937 2418 1065 2452 tudinis
1092 2417 1221 2451 eximia
1247 2415 1437 2461 quaedam,
1463 2426 1565 2460 quam
1589 2411 1650 2449 in-

937 2472 1035 2499 tuens
1079 2466 1117 2498 in
1150 2475 1258 2508 eaque
1302 2463 1432 2507 defi-tus
1471 2462 1519 2497 ad
1555 2460 1651 2497 illius

935 2512 1196 2547 similitudinem
1221 2517 1333 2545 artem
1356 2516 1388 2544 et
1416 2520 1567 2555 manum
1591 2508 1648 2544 ‹ii-

936 2560 1085 2607 rigebat.

1008 2630 1241 2668 vehementius
1267 2639 1370 2674 quam
1405 2634 1507 2668 caute
1540 2638 1650 2674 appe-

938 2679 1029 2712 tebat
1042 2690 1053 2712 .·
1083 2679 1243 2724 vulgaris
1269 2688 1354 2712 usus
1371 2677 1505 2715 cautius
1522 2681 1650 2721 postu-

937 2727 1044 2769 labat,
1070 2732 1108 2760 ut
1138 2727 1179 2760 H.
1205 2726 1324 2761 1124:
1351 2726 1556 2771 reciperare
1569 2724 1650 2770 910-

937 2776 1028 2808 riam
1054 2775 1190 2809 avidius
1218 2785 1320 2818 quam
1347 2772 1536 2808 consultius
1561 2777 1648 2818 pro-

933 2823 1095 2868 perabat,
1115 2823 1155 2857 11.
1170 2822 1219 2856 IV
1232 2823 1298 2858 40:
1326 2822 1415 2866 quod
1429 2821 1652 2866 manifestum

937 2882 1034 2904 ream
1069 2871 1282 2904 ambitiosius
1332 2881 1435 2914 quam
1475 2869 1651 2909 honestius

940 2919 1159 2963 defendisset.
1189 2919 1320 2955 Verum
1349 2917 1441 2955 hanc
1467 2916 1650 2962 quotidia-
