1768 3216
170 255 197 288 2
779 246 1046 285 GERMANIAE

171 379 294 403 cusare
321 373 352 401 et
378 366 564 401 discrimen
593 366 719 412 capitis
751 366 946 401 intendere.
1000 367 1194 400 Poenarum
1226 366 1414 401 distinctio.
1465 365 1658 412 Eliquntur

168 428 295 462 ibidem
316 427 495 472 principes
521 426 579 470 qui
606 426 689 460 iura
710 438 776 472 per
798 437 909 472 pagos
938 427 1098 471 vicosque
1117 426 1267 460 reddunt
1282 426 1374 474 (12).
1410 425 1538 460 Omnia
1555 432 1663 473 ayunt

166 488 206 520 in
237 487 344 520 armis
357 498 370 528 ,⁰
409 496 512 520 arma
543 488 645 520 sumit
680 497 778 531 quem
810 487 934 521 civitas
974 487 1199 533 suffecturum
1237 485 1410 532 probavit.
1464 485 1605 520 Nobiles
1630 491 1663 520 et

161 545 362 591 principum
388 546 527 579 comites
553 546 645 592 (13).
697 545 894 580 Aemulatio
925 547 1098 592 principis
1133 551 1165 580 et
1191 547 1375 581 comitatus
1409 546 1448 579 in
1476 546 1575 588 acie,
1604 545 1662 580 vi-

164 605 269 639 vendi
291 615 400 650 yenus
424 606 463 639 in
483 616 575 651 pace
601 605 788 654 (14-15).
846 605 951 639 Urbes
975 605 1096 640 nullae
1131 606 1170 639 in
1198 605 1410 649 Germania;
1445 604 1570 639 colunt·
1586 604 1662 640 dis-

166 666 253 699 creti
288 671 349 699 aut
380 666 474 699 vicos
506 664 625 699 locant
658 676 731 700 non
770 666 938 700 conneoeis
972 671 1005 700 et
1029 665 1296 700 cohaerentibus
1327 665 1517 710 aedificiis:
1550 663 1663 700 solent

165 726 269 759 etiam
297 725 543 760 subterraneos
568 736 692 778 φυσεις
716 726 858 772 aperire
885 726 976 773 (16).
1033 726 1202 771 Tegumen
1236 725 1393 765 omnibus
1429 736 1568 771 sagum,
1606 723 1662 758 lo-

165 783 389 830 cupletissimi
410 785 534 819 stricta
561 791 653 820 veste
679 785 958 831 distinguuntur,
998 784 1161 819 mulieres
1184 786 1324 832 saepius
1352 783 1455 819 lineis
1480 783 1663 819 amictibus

163 844 327 879 velantur
353 845 443 892 (17).
495 846 629 880 Severa
653 846 702 880 ibi
725 846 962 880 matrimonia.
1016 845 1120 880 Caste
1152 846 1270 880 vivunt
1297 857 1425 880 uxores
1451 850 1483 879 et
1507 844 1662 897 virgines

164 906 353 952 (18-19).
406 905 615 940 Liberorum
645 906 828 949 educatio,
873 906 931 940 lea:
964 907 1195 941 successionis
1222 907 1313 952 (m).
1365 905 1577 940 tnta-icitia
1597 909 1662 939 cut

164 966 342 1009 amicitia,
360 966 475 1014 patris
498 967 674 1014 suscipere
698 977 840 1004 necesse
866 972 937 1010 est,
964 966 1025 1004 sed
1050 966 1135 1004 ittae
1160 977 1232 1003 noa
1249 964 1491 1013 implacabiles
1517 965 1659 1000 durant.

166 1026 387 1060 Convictibus
415 1032 446 1060 et
470 1026 628 1071 hospitiis
657 1028 764 1073 effuse
791 1025 973 1072 indulqent
998 1027 1090 1073 (21).
1149 1027 1249 1061 Vitae
1285 1026 1511 1071 quotidianae
1542 1027 1660 1071 forma

164 1091 196 1120 et
225 1086 433 1120 consuetudo
462 1088 555 1135 (22).
606 1086 709 1121 Potus
735 1092 767 1120 et
794 1086 880 1130 cibi;
906 1085 954 1120 ad
979 1086 1180 1120 ebrietatem
1207 1085 1385 1120 inclinant
1414 1086 1505 1133 (23).
1544 1086 1661 1120 Genus

162 1145 439 1191 spectaculorum
472 1146 511 1179 in
546 1146 641 1179 omni
676 1151 775 1180 coetu
816 1146 919 1180 idem.
971 1145 1098 1180 Aleam
1136 1145 1324 1180 exercendi
1361 1155 1452 1179 rara
1483 1145 1660 1179 temeritas

162 1207 253 1253 (24).
305 1206 490 1240 Servorum
516 1205 682 1249 conditio,
710 1206 827 1240 liberti
852 1218 924 1240 non
953 1206 1094 1241 multum
1118 1216 1228 1252 supra
1256 1215 1374 1239 servos
1400 1207 1493 1252 (25).
1546 1205 1660 1239 Fenus

161 1266 299 1310 ayitare
324 1266 490 1310 iynotum.
543 1265 650 1299 Sedes
677 1266 809 1311 figendi
834 1266 977 1300 modus:
1016 1266 1097 1312 ayri
1128 1276 1193 1311 pro
1225 1275 1368 1299 numero
1406 1263 1578 1299 cultorum
1615 1264 1659 1298 ab

160 1325 334 1359 universis
358 1325 396 1358 in
421 1325 515 1359 vicos
543 1331 780 1371 occupantur,
815 1338 898 1371 quos
923 1337 1005 1361 mox
1027 1326 1122 1360 inter
1146 1337 1182 1360 se
1210 1324 1399 1359 secundum
1422 1324 1661 1371 dignationem

166 1385 221 1430 (in
249 1385 398 1430 sinqulis
422 1385 525 1430 vicis)
551 1386 770 1430 partiuntur.
822 1386 922 1420 Arva
952 1397 1018 1432 per
1045 1396 1159 1420 annos
1182 1390 1318 1420 mutant
1344 1385 1432 1431 (26).
1485 1384 1661 1419 Funerum

162 1444 263 1478 nulla
288 1445 428 1479 ambitio
454 1447 544 1494 (27).
1509 1474 1527 1482 ,

303 1523 389 1567 Cap.
419 1522 585 1557 28-46:
623 1521 843 1567 singularum
874 1522 1029 1567 gentium
1061 1522 1220 1556 instituta
1255 1527 1287 1556 et
1312 1521 1410 1557 ritus.
1463 1520 1560 1564 Quae
1585 1531 1655 1554 na-

160 1581 270 1616 tiones
296 1593 314 1614 e
344 1581 463 1616 Gallia
486 1582 526 1615 in
553 1581 798 1624 Germaniam,
836 1593 853 1615 e
890 1582 1082 1616 Germania
1110 1581 1158 1615 ad
1186 1580 1304 1616 Gallos
1339 1581 1657 1626 commigraverint.

163 1641 395 1685 Germanicae
422 1641 541 1687 stirpis
574 1641 707 1675 Treviri
734 1647 765 1675 et
797 1641 933 1683 Nervii,
958 1642 1039 1675 item
1075 1641 1285 1687 Vangiones,
1319 1640 1472 1684 Triboci,
1499 1641 1660 1676 Nemetes

160 1700 208 1734 ad
243 1700 358 1746 ripam
398 1700 525 1735 Rheni.
589 1700 666 1734 Ubii
701 1711 907 1745 quamquam
950 1699 1113 1739 libentius
1154 1699 1428 1746 Aqrippinenses
1473 1705 1657 1742 vocantur,

162 1759 377 1794 Germanica
402 1760 539 1805 ortqine
564 1771 637 1794 non
662 1760 867 1795 erubescunt
893 1761 984 1807 (28).
1035 1760 1172 1796 Harum
1204 1760 1358 1806 gentium
1392 1760 1519 1797 virtute
1544 1771 1658 1806 prae-

156 1819 250 1865 cipui
285 1820 433 1862 Batavi,
463 1819 581 1854 Rheni
605 1819 758 1854 insulam
785 1819 957 1864 colentes,
986 1832 1030 1855 ex
1058 1819 1195 1854 Chattis
1220 1821 1310 1863 orti,
1339 1820 1403 1864 fidi
1427 1820 1599 1855 Romanis
1625 1825 1659 1854 et

155 1881 305 1925 exempti
338 1879 500 1914 oneribus
537 1880 688 1926 imperii.
742 1880 785 1914 In
818 1880 936 1914 eodem
973 1880 1132 1925 obsequio
1169 1879 1421 1914 Mattiacorum
1451 1891 1537 1927 qens
1560 1878 1658 1914 ultra

155 1939 328 1974 Rhenum.
379 1940 469 1985 Agri
495 1940 690 1974 decumates
719 1941 809 1987 (29).
866 1940 967 1974 Ultra
991 1940 1053 1974 hos
1083 1940 1204 1974 Chatti
1231 1946 1357 1986 ayunt,
1388 1940 1538 1987 populus
1562 1940 1657 1975 inter

159 2000 352 2034 Germanos
385 2011 531 2045 corpore
569 2005 599 2034 et
641 2000 758 2033 animo
794 2000 963 2045 eqreyius.
1025 1999 1163 2034 Votivus
1196 2000 1290 2045 apud
1327 2012 1384 2035 eos
1420 2000 1656 2046 obliqatusque

156 2060 277 2094 virtuti
303 2060 374 2093 oris
399 2059 536 2101 habitus
561 2060 752 2104 (30-31).
805 2059 962 2093 Proximi
987 2059 1123 2093 Chattis
1150 2060 1261 2106 Usipii
1286 2072 1330 2093 ac
1356 2060 1534 2103 Tencteri,·
1565 2060 1655 2094 Ten-

158 2120 245 2154 cteri
275 2120 440 2164 equestris
468 2118 675 2164 disciplinae
701 2125 778 2152 arte
803 2118 1026 2164 praecellunt
1052 2121 1142 2164 (32).
1198 2119 1301 2153 quta
1337 2119 1520 2154 Tencteros
1558 2119 1653 2154 Bru-

163 2180 251 2213 cteri
277 2179 378 2221 olim,
416 2190 511 2213 nunc
538 2179 709 2213 Chamavi
740 2184 771 2213 et
797 2179 1006 2224 Angrivarii
1032 2181 1124 2228 (33).
1176 2179 1359 2225 Dulqibini
1391 2185 1422 2214 et
1449 2179 1652 2223 Chasuarii,

158 2238 265 2273 Frisii
290 2240 382 2285 (34).
435 2238 478 2272 In
502 2239 771 2284 septentrionem
797 2240 990 2274 Germania
1015 2240 1150 2285 ingenti
1177 2240 1269 2285 [le-tu
1302 2240 1530 2285 (chersonesi
1554 2239 1653 2274 Cim-

157 2297 291 2346 bricae)
319 2298 422 2332 redit.
475 2298 611 2332 Chauci
636 2310 659 2332 a
686 2299 808 2333 Frisiis
834 2300 1008 2345 incipiunt
1033 2306 1064 2335 et
1084 2311 1190 2345 usque
1214 2300 1252 2335 in
1282 2300 1427 2334 Chattos
1450 2299 1651 2343 sinuantur,

157 2358 198 2391 ob
220 2358 389 2391 iustitiam
417 2363 448 2392 et
473 2358 714 2402 fortitudinem
745 2359 846 2392 iuxta
880 2358 1016 2394 laudati
1051 2360 1143 2405 (35).
1195 2360 1239 2393 In
1281 2359 1392 2394 latere
1431 2359 1653 2396 Chaucorum

158 2417 426 2461 Chattorumque
449 2418 629 2461 Cherusci,
656 2418 738 2452 olim
762 2419 898 2463 inqenti
922 2419 1090 2454 bellorum
1114 2419 1243 2464 yloria,
1270 2431 1364 2454 nunc
1379 2420 1515 2456 Chattis
1539 2420 1653 2455 victo-

155 2475 251 2510 ribus
285 2476 500 2519 obedientes,
537 2478 618 2510 item
655 2478 735 2511 Fosi
771 2479 863 2526 (36).
914 2479 1076 2513 Eundem
1110 2479 1322 2514 Germaniae
1352 2480 1467 2517 sinum
1496 2483 1652 2525 (septen-

155 2534 355 2579 trionalem)
381 2536 535 2580 proximi
561 2536 701 2570 Oceano
727 2537 859 2571 Cimbri
883 2542 1014 2579 tenent,
1037 2548 1154 2582 parva
1179 2548 1274 2572 nunc
1299 2538 1433 2581 civitas,
1461 2538 1522 2573 sed
1548 2537 1652 2575 clara

154 2593 257 2627 rebus
287 2593 369 2627 olim
405 2595 521 2639 gestis.
575 2594 642 2629 Per
668 2606 746 2628 eam
771 2596 991 2629 occasionem
1026 2595 1067 2630 de
1093 2595 1191 2630 bellis
1218 2597 1458 2637 Romanorum
1482 2596 1651 2639 aduersus

156 2653 350 2688 Germanos
383 2659 415 2688 et
445 2653 561 2688 multis
600 2654 639 2688 in
669 2655 780 2689 vicem
813 2655 969 2690 cladibus
1004 2657 1095 2703 (37).
1159 2657 1205 2690 Hi
1234 2656 1355 2702 populi
1388 2662 1492 2697 extra
1525 2667 1650 2702 corpus

152 2713 345 2748 saevorum
380 2714 420 2747 in
461 2714 664 2749 Germania.
715 2715 787 2749 Sed
818 2716 987 2749 maiorem
1015 2716 1227 2751 Germaniae
1251 2722 1389 2761 partem
1419 2717 1525 2751 Suem'
1557 2715 1649 2751 obti-

151 2779 245 2816 nent,
267 2774 422 2819 propriis
447 2774 648 2808 nationibus
672 2780 704 2808 et
731 2775 927 2810 nominibus
956 2775 1109 2809 discreti.
1162 2776 1304 2822 Insiyne
1329 2777 1442 2821 yentis
1469 2775 1649 2821 obliquare

152 2833 284 2866 crinem
306 2833 464 2878 nodoque
488 2833 725 2880 substrinqere
751 2835 844 2882 (38).
903 2835 1128 2869 Vetustissimi
1163 2842 1195 2869 et
1225 2834 1433 2870 nobilissimi
1457 2836 1649 2870 Suanorum

150 2890 352 2926 Semnones.
406 2892 551 2927 Centum
581 2894 684 2940 paqis
724 2894 904 2937 habitant,
944 2906 1136 2940 maqnoque
1169 2906 1316 2940 corpore
1354 2895 1505 2940 efficitur
1540 2900 1578 2929 ut
1611 2905 1648 2928 se

150 2950 341 2986 Succorum
385 2958 488 2999 caput
529 2953 678 2991 credant
711 2955 803 3002 (39).
855 2954 1109 3001 Langobardos
1151 2955 1316 3002 paucitas
1358 2954 1532 2990 nobilitat.
1583 2953 1647 2988 His
