1768 3216
131 250 157 280 ι·
175 242 218 280 G.
245 244 304 281 69.

601 243 736 279 uena
761 243 824 279 ιν.
876 222 964 280 on.
991 244 1150 282 25-28.

1037 73 1162 114 n-ssi-'l
1173 87 1259 142 αἱ]
1294 103 1319 129 ἑ
1373 65 1510 121 J’ftfc7
1523 92 1592 119 ,155¹

1061 145 1208 164 β

1559 247 1632 281 809

60 359 118 401 2?
127 362 227 404 Pars
257 374 350 404 cum
370 362 581 404 Herennio
614 361 730 404 Gallo
761 362 1002 415 permansit.
1054 362 1177 404 Forte
1208 358 1358 404 navem
1387 362 1497 405 haud
1528 374 1635 417 pro-

131 436 198 478 cul
229 436 394 489 castris,
427 437 633 478 frumento
665 448 852 490 gravem,
887 448 979 477 cum
1009 448 1085 490 per
1117 437 1224 478 vada
1255 437 1485 490 haesisset,
1519 435 1629 480 Ger-

63 1700 121 1739 28

134 511 246 553 mani
276 511 318 552 in
360 523 474 553 suam
522 511 653 564 ripam
696 510 928 552 trahebant.

988 510 1081 551 Non
1117 510 1208 552 tulit
1255 511 1396 554 Gallus
1442 512 1635 566 misitque

132 586 322 628 subsidio
345 586 573 627 cohortem.
619 585 777 626 Auctus
801 589 841 627 et
862 585 1162 627 Germanorum
1178 598 1388 639 numerus,
1415 587 1636 640 paulatim-

132 671 213 714 que
243 660 572 715 adgregantibus
603 672 650 701 se
682 659 846 701 auxiliis
879 660 971 701 acie
1003 664 1219 702 certatum.
1282 660 1478 702 Germani
1508 661 1669 702 multas

132 746 225 776 cum
255 738 397 789 strage
427 738 664 775 nostrorum
696 746 845 775 navem
876 734 1096 787 abripiunt.

131 819 290 851 morem
321 812 530 859 verterat,
581 820 666 849 non
711 821 827 873 suam
869 809 1080 862 ignaviam
1123 809 1199 850 sed
1244 809 1459 862 perfidiam
1503 809 1633 863 legati

133 863 443 936 effi

1156 734 1288 786 Victi,
1333 735 1444 788 quod
1476 738 1559 776 tum
1590 735 1633 775 in

1411 786 1621 803 Ἢ

426 882 684 923 Protractum
723 895 746 922 e
791 882 1002 933 tentorio,
1044 882 1178 923 scissa
1222 887 1366 934 veste,
1407 874 1663 924 verberato¹

132 968 338 1010 corpore,
381 967 462 1008 quo
502 955 662 1009 pretio,
708 955 857 1008 quibus
889 955 1073 997 consciis
1102 956 1358 1009 prodidisset
1389 957 1635 1008 exercitum,

131 1030 276 1072 dicere
305 1029 460 1072 iubent.

131 1103 332 1156 sceleris,
375 1104 482 1145 hunc
509 1104 742 1145 ministrum
773 1108 949 1155 vocant,
981 1103 1118 1145 donec
1150 1104 1319 1145 exitium
1351 1105 1634 1146 minitantibus

133 1177 355 1220 exterritus
383 1177 662 1232 proditionem
695 1182 735 1219 et
780 1178 869 1231 ipse
896 1178 1140 1220 Hordeonio
1174 1178 1356 1230 obiecit3
1388 1179 1635 1232 vinctusque

133 1252 314 1294 adventu
346 1252 506 1294 demum
541 1252 725 1294 Voculae
766 1252 986 1294 exolvitur.

1047 1253 1085 1293 Is
1115 1256 1286 1306 postera
1330 1253 1399 1294 die
1442 1257 1635 1295 auctores

131 1326 352 1369 seditionis
383 1330 515 1368 morte
549 1326 717 1368 adfecit.
770 1326 899 1368 Tanta
928 1326 987 1367 illi
1018 1327 1223 1368 exercitui
1256 1327 1478 1369 diversitas
1503 1328 1638 1369 inerat

131 1401 328 1443 licentiae
347 1401 679 1461 patientiaeque.

1534 1476 1636 1517 Inde

132 1549 339 1592 scelerum
368 1562 418 1591 ac
449 1549 747 1603 suppliciorum
778 1550 895 1591 vices
927 1554 967 1591 et
997 1551 1148 1591 mixtus
1180 1550 1384 1603 obsequio
1417 1549 1559 1601 furor,
1593 1554 1636 1590 ut

134 1623 340 1664 contineri
367 1636 453 1664 non
483 1628 656 1676 possent
687 1625 757 1677 qui
786 1625 923 1677 puniri
950 1628 1155 1677 poterant.

268 1697 325 1738 At
358 1697 530 1738 Civilem
563 1698 775 1739 immensis
807 1699 996 1739 auctibus
1023 1699 1221 1739 universa
1254 1697 1478 1739 Geimania
1498 1697 1637 1739 extol-
1655 1670 1766 1749 {⁴422}

131 1769 255 1821 lebat,

854 1744 955 1753 5..ae—

289 1771 490 1831 societate
521 1771 793 1813 nobilissimis
813 1771 1036 1831 obsidum
1038 1754 1221 1831 firmata.

1653 57 1768 141 φῖ

1667 723 1670 731 ’·
1694 706 1768 765 «αἱ.

1688 797 1768 823 ster

1662 891 1768 965 ,1,ρνῑέ

521 1029 643 1072 Redit
674 1030 716 1070 in
746 1029 1033 1071 Hordeonium
1064 1029 1237 1071 invidia.
1284 1030 1401 1071 Illum
1421 1035 1634 1072 auctorem
1650 1041 1688 1070 ιο

739 1401 858 1442 Haud
891 1401 1015 1443 dubie
1048 1402 1270 1456 gregarius
1306 1401 1423 1443 miles
1468 1401 1688 1445 Vitelliois

131 1475 262 1528 lidus,
309 1475 673 1529 splendidissimus
715 1476 890 1530 quisque
931 1477 971 1516 in
1003 1476 1303 1530 Vespasianum
1336 1477 1472 1530 proni.

1283 1771 1381 1823 Ille,
1412 1775 1456 1811 ut
1483 1772 1632 1824 cuique
1650 1786 1689 1814 20

131 1844 393 1897 proximum,
443 1845 599 1886 vastari
630 1845 760 1887 Ubios
789 1824 1098 1899 Trevirosque,
1142 1850 1182 1886 et
1213 1845 1291 1887 alia
1325 1857 1448 1910 manu
1477 1845 1636 1886 Mosam
1686 1839 1768 1891 Ges.

277 1985 311 2021 6.
340 1987 520 2032 arripiunt
544 1987 655 2031 priori
681 1998 702 2020 r
727 1987 771 2020 ab
799 1987 923 2021 eadem
949 1998 996 2022 m.
1025 1998 1202 2031 superscr.
1232 1987 1250 2020 b
1270 1985 1335 2021 Ma.

580 2036 635 2070 15.
658 2035 894 2081 patientiequc
920 2034 986 2069 Ma.

419 2084 478 2119 21.
524 2083 749 2128 Trevirosque
773 2083 828 2118 Ma
855 2089 890 2118 et
916 2083 944 2118 G
969 2085 1136 2130 (treuzros
1166 2085 1258 2130 que),
1286 2093 1357 2117 non
1390 2083 1635 2128 Treverosque.

133 2032 198 2068 Ma.
272 2034 306 2069 9

132 2082 216 2117 inm.
243 2081 309 2116 Ma.

333 2034 410 2080 pcto
436 2035 500 2068 Ma.

1396 1991 1467 2020 tum
1492 1986 1638 2020 imorem

1066 2037 1120 2070 16.
1145 2035 1406 2081 splendissimus
1433 2034 1497 2068 Ma.
1578 2034 1636 2070 19.

134 2129 210 2164 alia
234 2142 343 2165 manu
369 2130 471 2166 GMa:
500 2131 608 2165 aliam
634 2144 777 2166 ”tanum
802 2132 1083 2166 Freinshemius.

136 2252 271 2286 teribus
308 2253 497 2286 tendentes
524 2255 580 2297 (v.
609 2264 688 2297 cap.
715 2254 781 2300 35)
808 2265 852 2287 ex

136 2304 303 2345 quattuor
326 2302 506 2335 exercitus
523 2301 706 2335 inferioris
732 2302 852 2347 legio-

137 2347 240 2381 nibus
279 2347 371 2392 (vid.
399 2348 440 2382 H.
469 2348 482 2382 1
508 2350 573 2394 55)
609 2349 749 2393 reliqua
777 2354 854 2382 erat

137 2401 237 2429 sexta
263 2395 424 2438 decuma,
461 2401 496 2430 et
521 2398 617 2440 ipsa,
644 2402 682 2430 ut
709 2402 853 2431 ceterae

139 2453 276 2486 omnes,
302 2454 373 2477 non
400 2444 527 2488 plena,
562 2445 677 2479 milite
704 2451 852 2479 externo

138 2491 316 2536 suppleta.
375 2492 481 2526 Nulla
525 2494 636 2538 igitur
677 2493 852 2527 dubitatio

140 2540 225 2584 quin
263 2540 341 2574 eius
373 2550 506 2575 nomen
537 2551 623 2575 vere
659 2541 693 2576 h.
723 2541 747 2576 l.

139 2597 300 2631 pressum
325 2589 383 2622 sit.

209 2637 249 2669 iu
291 2639 469 2682 proximos
505 2638 746 2682 Guyernorum
784 2649 853 2683 pa-

141 2693 222 2727 yos:
248 2683 293 2716 de
315 2686 416 2729 φαρές
431 2686 673 2730 Guqernorum
695 2687 764 2719 iam
791 2697 854 2720 su-

139 2740 203 2774 pra
228 2742 259 2765 c.
288 2733 343 2774 15,
373 2734 404 2766 si
432 2733 574 2778 quidem
601 2739 700 2767 recte
724 2744 854 2768 nomen

139 2779 301 2822 restitui,
328 2779 494 2826 legimus.
560 2781 656 2815 luter
688 2781 791 2816 Ubios
819 2788 854 2817 et

139 2828 292 2861 Batavos
332 2838 395 2862 eos
428 2829 584 2863 coluisse
624 2834 660 2863 et
694 2841 738 2863 ex
763 2830 797 2863 h.
828 2831 853 2866 l.

140 2875 254 2920 liquet
279 2880 314 2909 et
347 2887 366 2910 a
396 2877 513 2911 Plinio
553 2877 614 2921 (N.
642 2877 684 2911 H.
714 2877 763 2911 lv
787 2879 853 2925 31)

140 2922 388 2958 confirmatur:
428 2925 512 2959 hinc
557 2924 654 2968 Ubii,
706 2926 856 2961 Colonia

140 2971 422 3019 Aqrippiuensis‚
450 2973 620 3019 (ingemi,
647 2973 782 3010 Batavi.

788 2553 853 2576 CX·-

994 2254 1114 2287 ductus
1140 2265 1163 2287 a
1191 2253 1323 2287 Vocula
1346 2253 1544 2286 exercilus:
1570 2253 1638 2287 du·-

924 2313 999 2335 cem
1038 2302 1149 2335 fuisse
1198 2301 1365 2335 Voculam
1407 2312 1451 2334 ex
1487 2300 1638 2335 adiectis

920 2361 1006 2394 pars
1033 2361 1110 2382 cum
1133 2350 1311 2382 Herennio
1340 2348 1442 2383 Gallo
1465 2360 1638 2394 perman-

922 2398 965 2431 sit
992 2402 1120 2441 sponte
1146 2397 1283 2442 liquet3
1326 2407 1396 2442 quo
1425 2407 1503 2430 cum
1531 2408 1639 2432 acce-

924 2445 982 2478 dat
1009 2446 1103 2491 quod
1129 2445 1211 2479 libri
1240 2450 1367 2479 nutant
1397 2447 1491 2479 inter
1525 2445 1640 2480 Vocu-

924 2492 972 2535 la,
1008 2493 1171 2536 Voculae,
1199 2505 1222 2526 a
1256 2494 1400 2537 Vocula,
1427 2494 1579 2528 fortasse
1596 2505 1639 2527 ex

924 2542 1045 2587 glossa
1072 2542 1107 2575 id
1131 2540 1260 2576 nomen
1288 2546 1403 2576 ortum
1431 2546 1497 2576 est.

997 2589 1082 2635 Cap.
1116 2592 1173 2626 27.
1212 2591 1396 2636 perfidiam
1423 2590 1556 2635 legati:
1583 2588 1639 2622 le-

924 2643 1029 2684 gatus
1057 2643 1113 2672 est
1147 2640 1283 2683 primae
1314 2639 1471 2683 legionis
1498 2638 1639 2671 Heren-

923 2687 1004 2720 nius
1031 2686 1166 2721 Gallus.
1204 2687 1295 2720 Huic
1318 2689 1520 2720 irascuntur
1546 2684 1641 2730 quod

924 2736 1117 2778 pauciores·
1147 2736 1286 2780 magnis
1332 2735 1486 2768 hostium
1527 2733 1647 2777 copiis

925 2783 1112 2817 obiecerit.
1156 2782 1288 2816 Eadem
1314 2783 1506 2816 occasione
1532 2786 1642 2815 utun-

925 2837 1003 2871 tur,
1041 2836 1079 2863 ut
1108 2831 1222 2864 veteri
1249 2831 1283 2863 in
1314 2830 1555 2864 Hordeonium
1582 2829 1642 2863 in-

926 2879 1043 2912 vidiae
1072 2879 1281 2912 satisfacere
1309 2879 1458 2922 possint.

1015 2925 1102 2970 Gap.
1130 2926 1188 2961 28.
1243 2927 1419 2961 immensis
1459 2926 1643 2962 auctibus:

925 2973 1169 3019 metaphorice
1211 2974 1345 3019 dictum
1356 3001 1366 3018 ,
1386 2973 1643 3011 -similitudine
