<?xml version="1.0" encoding="UTF-8"?>
<!DOCTYPE html PUBLIC "-//W3C//DTD XHTML 1.0 Transitional//EN"
    "http://www.w3.org/TR/xhtml1/DTD/xhtml1-transitional.dtd">
<html xmlns="http://www.w3.org/1999/xhtml" xml:lang="en" lang="en">
 <head>
  <title>
</title>
<meta http-equiv="Content-Type" content="text/html;charset=utf-8" />
  <meta name='ocr-system' content='tesseract 3.04.00' />
  <meta name='ocr-capabilities' content='ocr_page ocr_carea ocr_par ocr_line ocrx_word'/>
</head>
<body>
  <div class='ocr_page' id='page_1' title='image "./operaadcodicesan03taciuoft/operaadcodicesan03taciuoft_0526.png"; bbox 0 0 1768 3216; ppageno 0'>
   <div class='ocr_carea' id='block_1_1' title="bbox 164 220 214 254">
    <p class='ocr_par' dir='ltr' id='par_1_1' title="bbox 164 220 214 254">
     <span class='ocr_line' id='line_1_1' title="bbox 164 220 214 254; baseline -0.02 0"><span class='ocrx_word' id='word_1_1' title='bbox 164 220 214 254; x_wconf 76' lang='lat'><strong>84</strong></span> 
     </span>
    </p>
   </div>
   <div class='ocr_carea' id='block_1_2' title="bbox 770 211 1032 249">
    <p class='ocr_par' dir='ltr' id='par_1_2' title="bbox 770 211 1032 249">
     <span class='ocr_line' id='line_1_2' title="bbox 770 211 1032 249; baseline 0 -1"><span class='ocrx_word' id='word_1_2' title='bbox 770 211 1032 249; x_wconf 75' lang='lat' dir='ltr'><strong>AGRIOOLAE</strong></span> 
     </span>
    </p>
   </div>
   <div class='ocr_carea' id='block_1_3' title="bbox 165 325 1656 456">
    <p class='ocr_par' dir='ltr' id='par_1_3' title="bbox 165 325 1656 456">
     <span class='ocr_line' id='line_1_3' title="bbox 166 325 1656 389; baseline -0.006 -12"><span class='ocrx_word' id='word_1_3' title='bbox 166 339 311 389; x_wconf 87' lang='lat' dir='ltr'><strong>aperto</strong></span> <span class='ocrx_word' id='word_1_4' title='bbox 342 335 445 383; x_wconf 86' lang='lat' dir='ltr'><strong>erat,</strong></span> <span class='ocrx_word' id='word_1_5' title='bbox 478 330 534 370; x_wconf 91' lang='lat' dir='ltr'><strong>ita</strong></span> <span class='ocrx_word' id='word_1_6' title='bbox 565 327 863 370; x_wconf 87' lang='lat' dir='ltr'><strong>celeberrimus</strong></span> <span class='ocrx_word' id='word_1_7' title='bbox 895 327 1070 380; x_wconf 88' lang='lat' dir='ltr'><strong>quisque</strong></span> <span class='ocrx_word' id='word_1_8' title='bbox 1098 326 1270 380; x_wconf 83' lang='lat' dir='ltr'><strong>ingenio</strong></span> <span class='ocrx_word' id='word_1_9' title='bbox 1302 325 1354 368; x_wconf 89' lang='lat' dir='ltr'><strong>ad</strong></span> <span class='ocrx_word' id='word_1_10' title='bbox 1399 325 1656 380; x_wconf 83' lang='lat' dir='ltr'><strong>prodendam</strong></span> 
     </span>
     <span class='ocr_line' id='line_1_4' title="bbox 165 395 1656 456; baseline -0.006 -7"><span class='ocrx_word' id='word_1_11' title='bbox 165 408 330 450; x_wconf 90' lang='lat' dir='ltr'><strong>virtutis</strong></span> <span class='ocrx_word' id='word_1_12' title='bbox 361 403 628 455; x_wconf 81' lang='lat' dir='ltr'><strong>memoriam,</strong></span> <span class='ocrx_word' id='word_1_13' title='bbox 661 403 753 444; x_wconf 89' lang='lat' dir='ltr'><strong>sine</strong></span> <span class='ocrx_word' id='word_1_14' title='bbox 783 395 917 456; x_wconf 82' lang='lat' dir='ltr'><strong>gratia</strong></span> <span class='ocrx_word' id='word_1_15' title='bbox 950 405 1018 443; x_wconf 89' lang='lat' dir='ltr'><strong>aut</strong></span> <span class='ocrx_word' id='word_1_16' title='bbox 1048 401 1272 442; x_wconf 84' lang='lat' dir='ltr'><strong>ambitione</strong></span> <span class='ocrx_word' id='word_1_17' title='bbox 1291 431 1302 452; x_wconf 93' lang='lat'><strong>,</strong></span> <span class='ocrx_word' id='word_1_18' title='bbox 1334 399 1470 441; x_wconf 90' lang='lat' dir='ltr'><strong>bonae</strong></span> <span class='ocrx_word' id='word_1_19' title='bbox 1491 403 1656 441; x_wconf 50' lang='lat' dir='ltr'><strong>’tantum</strong></span> 
     </span>
    </p>
   </div>
   <div class='ocr_carea' id='block_1_4' title="bbox 167 476 890 532">
    <p class='ocr_par' dir='ltr' id='par_1_4' title="bbox 167 476 890 532">
     <span class='ocr_line' id='line_1_5' title="bbox 167 476 890 532; baseline -0.01 -9"><span class='ocrx_word' id='word_1_20' title='bbox 167 479 453 523; x_wconf 88' lang='lat' dir='ltr'><strong>conscientiae</strong></span> <span class='ocrx_word' id='word_1_21' title='bbox 480 477 614 532; x_wconf 90' lang='lat' dir='ltr'><strong>pretio</strong></span> <span class='ocrx_word' id='word_1_22' title='bbox 649 476 890 518; x_wconf 75' lang='lat' dir='ltr'>ducebatur.</span> 
     </span>
    </p>
   </div>
   <div class='ocr_carea' id='block_1_5' title="bbox 961 473 1656 528">
    <p class='ocr_par' dir='ltr' id='par_1_5' title="bbox 961 473 1656 528">
     <span class='ocr_line' id='line_1_6' title="bbox 961 473 1656 528; baseline -0.003 -12"><span class='ocrx_word' id='word_1_23' title='bbox 961 475 1024 516; x_wconf 91' lang='lat' dir='ltr'><strong>Ac</strong></span> <span class='ocrx_word' id='word_1_24' title='bbox 1052 474 1240 528; x_wconf 86' lang='lat' dir='ltr'>plerique</span> <span class='ocrx_word' id='word_1_25' title='bbox 1271 486 1388 515; x_wconf 89' lang='lat' dir='ltr'><strong>suam</strong></span> <span class='ocrx_word' id='word_1_26' title='bbox 1419 473 1497 528; x_wconf 92' lang='lat' dir='ltr'><strong>ipsi</strong></span> <span class='ocrx_word' id='word_1_27' title='bbox 1529 473 1656 515; x_wconf 88' lang='lat' dir='ltr'><strong>vitam</strong></span> 
     </span>
    </p>
   </div>
   <div class='ocr_carea' id='block_1_6' title="bbox 131 546 1663 679">
    <p class='ocr_par' dir='ltr' id='par_1_6' title="bbox 131 546 1663 679">
     <span class='ocr_line' id='line_1_7' title="bbox 165 546 1659 604; baseline -0.006 -7"><span class='ocrx_word' id='word_1_28' title='bbox 165 567 338 597; x_wconf 86' lang='lat' dir='ltr'><strong>narrare</strong></span> <span class='ocrx_word' id='word_1_29' title='bbox 369 552 562 594; x_wconf 88' lang='lat' dir='ltr'><strong>fiduciam</strong></span> <span class='ocrx_word' id='word_1_30' title='bbox 605 551 742 604; x_wconf 90' lang='lat' dir='ltr'><strong>potius</strong></span> <span class='ocrx_word' id='word_1_31' title='bbox 783 562 944 591; x_wconf 87' lang='lat' dir='ltr'><strong>morum</strong></span> <span class='ocrx_word' id='word_1_32' title='bbox 986 561 1105 602; x_wconf 90' lang='lat' dir='ltr'><strong>quam</strong></span> <span class='ocrx_word' id='word_1_33' title='bbox 1145 547 1433 602; x_wconf 82' lang='lat' dir='ltr'><strong>adrogantiam</strong></span> <span class='ocrx_word' id='word_1_34' title='bbox 1472 546 1659 589; x_wconf 85' lang='lat' dir='ltr'><strong>arbitrati</strong></span> 
     </span>
     <span class='ocr_line' id='line_1_8' title="bbox 131 621 1663 679; baseline -0.004 -11"><span class='ocrx_word' id='word_1_35' title='bbox 131 633 284 679; x_wconf 76' lang='lat' dir='ltr'><strong>ssunt3</strong></span> <span class='ocrx_word' id='word_1_36' title='bbox 332 640 412 669; x_wconf 90' lang='lat' dir='ltr'><strong>nec</strong></span> <span class='ocrx_word' id='word_1_37' title='bbox 450 626 491 668; x_wconf 91' lang='lat' dir='ltr'><strong>id</strong></span> <span class='ocrx_word' id='word_1_38' title='bbox 519 625 673 668; x_wconf 89' lang='lat' dir='ltr'><strong>Rutilio</strong></span> <span class='ocrx_word' id='word_1_39' title='bbox 706 629 746 667; x_wconf 89' lang='lat' dir='ltr'><strong>et</strong></span> <span class='ocrx_word' id='word_1_40' title='bbox 775 625 933 667; x_wconf 82' lang='lat' dir='ltr'><strong>Scauro</strong></span> <span class='ocrx_word' id='word_1_41' title='bbox 966 623 1069 664; x_wconf 89' lang='lat' dir='ltr'><strong>citra</strong></span> <span class='ocrx_word' id='word_1_42' title='bbox 1095 622 1217 664; x_wconf 89' lang='lat' dir='ltr'><strong>fidem</strong></span> <span class='ocrx_word' id='word_1_43' title='bbox 1258 626 1326 664; x_wconf 90' lang='lat' dir='ltr'><strong>aut</strong></span> <span class='ocrx_word' id='word_1_44' title='bbox 1367 621 1663 663; x_wconf 75' lang='lat' dir='ltr'><strong>obtrectationi</strong></span> 
     </span>
    </p>
   </div>
   <div class='ocr_carea' id='block_1_7' title="bbox 163 703 248 745">
    <p class='ocr_par' dir='ltr' id='par_1_7' title="bbox 163 703 248 745">
     <span class='ocr_line' id='line_1_9' title="bbox 163 703 248 745; baseline -0.012 0"><span class='ocrx_word' id='word_1_45' title='bbox 163 703 248 745; x_wconf 85' lang='lat' dir='ltr'><strong>suit.</strong></span> 
     </span>
    </p>
   </div>
   <div class='ocr_carea' id='block_1_8' title="bbox 159 927 874 1890">
    <p class='ocr_par' dir='ltr' id='par_1_8' title="bbox 159 927 874 1890">
     <span class='ocr_line' id='line_1_10' title="bbox 161 927 874 975; baseline -0.007 -11"><span class='ocrx_word' id='word_1_46' title='bbox 161 935 283 975; x_wconf 83' lang='lat' dir='ltr'><strong>aperto</strong></span> <span class='ocrx_word' id='word_1_47' title='bbox 310 928 405 973; x_wconf 88' lang='lat' dir='ltr'><strong>apud</strong></span> <span class='ocrx_word' id='word_1_48' title='bbox 431 928 638 963; x_wconf 82' lang='lat' dir='ltr'><strong>Sallustium</strong></span> <span class='ocrx_word' id='word_1_49' title='bbox 668 927 743 972; x_wconf 85' lang='lat' dir='ltr'><strong>lug.</strong></span> <span class='ocrx_word' id='word_1_50' title='bbox 773 927 794 960; x_wconf 91' lang='lat'>5</span> <span class='ocrx_word' id='word_1_51' title='bbox 820 930 874 960; x_wconf 87' lang='lat' dir='ltr'><strong>est</strong></span> 
     </span>
     <span class='ocr_line' id='line_1_11' title="bbox 163 975 873 1024; baseline -0.01 -10"><span class='ocrx_word' id='word_1_52' title='bbox 163 981 203 1014; x_wconf 76' lang='grc' dir='ltr'><strong>ἐν</strong></span> <span class='ocrx_word' id='word_1_53' title='bbox 230 978 281 1023; x_wconf 78' lang='grc' dir='ltr'><strong>τῷ</strong></span> <span class='ocrx_word' id='word_1_54' title='bbox 307 980 470 1024; x_wconf 67' lang='grc' dir='ltr'><em>φανερῷ</em></span> <span class='ocrx_word' id='word_1_55' title='bbox 494 977 529 1009; x_wconf 89' lang='lat' dir='ltr'><strong>in</strong></span> <span class='ocrx_word' id='word_1_56' title='bbox 555 975 648 1009; x_wconf 90' lang='lat' dir='ltr'><strong>illis:</strong></span> <span class='ocrx_word' id='word_1_57' title='bbox 672 986 790 1020; x_wconf 81' lang='lat' dir='ltr'><strong>pauca</strong></span> <span class='ocrx_word' id='word_1_58' title='bbox 812 986 873 1007; x_wconf 87' lang='lat' dir='ltr'><strong>su-</strong></span> 
     </span>
     <span class='ocr_line' id='line_1_12' title="bbox 159 1023 874 1073; baseline -0.007 -14"><span class='ocrx_word' id='word_1_59' title='bbox 159 1037 229 1073; x_wconf 81' lang='lat' dir='ltr'><strong>pra</strong></span> <span class='ocrx_word' id='word_1_60' title='bbox 254 1032 423 1071; x_wconf 79' lang='lat' dir='ltr'><strong>repetam,</strong></span> <span class='ocrx_word' id='word_1_61' title='bbox 454 1035 518 1068; x_wconf 88' lang='lat' dir='ltr'><strong>quo</strong></span> <span class='ocrx_word' id='word_1_62' title='bbox 535 1024 582 1057; x_wconf 86' lang='lat' dir='ltr'><strong>ad</strong></span> <span class='ocrx_word' id='word_1_63' title='bbox 599 1023 874 1067; x_wconf 65' lang='lat' dir='ltr'><strong>cognoscendum</strong></span> 
     </span>
     <span class='ocr_line' id='line_1_13' title="bbox 163 1072 874 1116; baseline -0.006 -9"><span class='ocrx_word' id='word_1_64' title='bbox 163 1075 281 1107; x_wconf 83' lang='lat' dir='ltr'><strong>omnia</strong></span> <span class='ocrx_word' id='word_1_65' title='bbox 309 1073 477 1107; x_wconf 75' lang='lat' dir='ltr'><strong>inlustria</strong></span> <span class='ocrx_word' id='word_1_66' title='bbox 500 1073 612 1116; x_wconf 76' lang='lat' dir='ltr'><strong>mayis</strong></span> <span class='ocrx_word' id='word_1_67' title='bbox 636 1073 813 1116; x_wconf 73' lang='lat' dir='ltr'><strong>mayisque</strong></span> <span class='ocrx_word' id='word_1_68' title='bbox 836 1072 874 1104; x_wconf 83' lang='lat' dir='ltr'><strong>in</strong></span> 
     </span>
     <span class='ocr_line' id='line_1_14' title="bbox 161 1120 873 1168; baseline -0.006 -12"><span class='ocrx_word' id='word_1_69' title='bbox 161 1128 282 1168; x_wconf 72' lang='lat' dir='ltr'><strong>aperto</strong></span> <span class='ocrx_word' id='word_1_70' title='bbox 325 1123 419 1162; x_wconf 82' lang='lat' dir='ltr'><strong>sint3</strong></span> <span class='ocrx_word' id='word_1_71' title='bbox 471 1120 564 1154; x_wconf 88' lang='lat' dir='ltr'><strong>idem</strong></span> <span class='ocrx_word' id='word_1_72' title='bbox 608 1131 702 1153; x_wconf 89' lang='lat' dir='ltr'><strong>nunc</strong></span> <span class='ocrx_word' id='word_1_73' title='bbox 740 1120 873 1153; x_wconf 82' lang='lat' dir='ltr'><strong>dixisse</strong></span> 
     </span>
     <span class='ocr_line' id='line_1_15' title="bbox 161 1168 872 1212; baseline -0.006 -8"><span class='ocrx_word' id='word_1_74' title='bbox 161 1169 319 1204; x_wconf 87' lang='lat' dir='ltr'><strong>Tacitum</strong></span> <span class='ocrx_word' id='word_1_75' title='bbox 350 1169 536 1203; x_wconf 88' lang='lat' dir='ltr'><strong>Walchius</strong></span> <span class='ocrx_word' id='word_1_76' title='bbox 576 1172 686 1212; x_wconf 83' lang='lat' dir='ltr'><strong>putat.</strong></span> <span class='ocrx_word' id='word_1_77' title='bbox 742 1168 872 1201; x_wconf 88' lang='lat' dir='ltr'><strong>Verum</strong></span> 
     </span>
     <span class='ocr_line' id='line_1_16' title="bbox 163 1215 873 1264; baseline -0.006 -12"><span class='ocrx_word' id='word_1_78' title='bbox 163 1229 269 1264; x_wconf 67' lang='lat' dir='ltr'><strong>agere</strong></span> <span class='ocrx_word' id='word_1_79' title='bbox 294 1223 488 1252; x_wconf 77' lang='lat' dir='ltr'><strong>memoratu</strong></span> <span class='ocrx_word' id='word_1_80' title='bbox 502 1217 610 1260; x_wconf 65' lang='lat' dir='ltr'><strong>digna</strong></span> <span class='ocrx_word' id='word_1_81' title='bbox 622 1215 715 1259; x_wconf 87' lang='lat' dir='ltr'><strong>apud</strong></span> <span class='ocrx_word' id='word_1_82' title='bbox 735 1217 873 1259; x_wconf 84' lang='lat' dir='ltr'><strong>priores</strong></span> 
     </span>
     <span class='ocr_line' id='line_1_17' title="bbox 162 1263 872 1312; baseline -0.006 -12"><span class='ocrx_word' id='word_1_83' title='bbox 162 1268 275 1312; x_wconf 86' lang='lat' dir='ltr'><strong>magis</strong></span> <span class='ocrx_word' id='word_1_84' title='bbox 305 1266 507 1310; x_wconf 87' lang='lat' dir='ltr'><strong>expositum</strong></span> <span class='ocrx_word' id='word_1_85' title='bbox 533 1265 646 1298; x_wconf 87' lang='lat' dir='ltr'><strong>fuisse</strong></span> <span class='ocrx_word' id='word_1_86' title='bbox 691 1263 872 1297; x_wconf 90' lang='lat' dir='ltr'><strong>hominum</strong></span> 
     </span>
     <span class='ocr_line' id='line_1_18' title="bbox 163 1311 874 1357; baseline -0.006 -9"><span class='ocrx_word' id='word_1_87' title='bbox 163 1314 291 1357; x_wconf 87' lang='lat' dir='ltr'><strong>oculis,</strong></span> <span class='ocrx_word' id='word_1_88' title='bbox 319 1323 391 1347; x_wconf 89' lang='lat' dir='ltr'><strong>non</strong></span> <span class='ocrx_word' id='word_1_89' title='bbox 420 1318 473 1347; x_wconf 87' lang='lat' dir='ltr'><strong>est</strong></span> <span class='ocrx_word' id='word_1_90' title='bbox 500 1311 594 1357; x_wconf 91' lang='lat' dir='ltr'><strong>quod</strong></span> <span class='ocrx_word' id='word_1_91' title='bbox 620 1311 760 1345; x_wconf 82' lang='lat' dir='ltr'><strong>Tacitus</strong></span> <span class='ocrx_word' id='word_1_92' title='bbox 779 1323 874 1345; x_wconf 90' lang='lat' dir='ltr'><strong>nunc</strong></span> 
     </span>
     <span class='ocr_line' id='line_1_19' title="bbox 162 1359 873 1407; baseline -0.006 -11"><span class='ocrx_word' id='word_1_93' title='bbox 162 1362 351 1396; x_wconf 86' lang='lat' dir='ltr'><strong>admonere</strong></span> <span class='ocrx_word' id='word_1_94' title='bbox 388 1362 571 1407; x_wconf 89' lang='lat' dir='ltr'><strong>legentem</strong></span> <span class='ocrx_word' id='word_1_95' title='bbox 597 1360 770 1403; x_wconf 86' lang='lat' dir='ltr'><strong>intendit,</strong></span> <span class='ocrx_word' id='word_1_96' title='bbox 810 1359 873 1394; x_wconf 88' lang='lat' dir='ltr'><strong>sed</strong></span> 
     </span>
     <span class='ocr_line' id='line_1_20' title="bbox 161 1409 872 1453; baseline -0.006 -9"><span class='ocrx_word' id='word_1_97' title='bbox 161 1410 305 1444; x_wconf 84' lang='lat' dir='ltr'><strong>facilius</strong></span> <span class='ocrx_word' id='word_1_98' title='bbox 339 1410 374 1443; x_wconf 92' lang='lat' dir='ltr'><strong>id</strong></span> <span class='ocrx_word' id='word_1_99' title='bbox 411 1409 522 1443; x_wconf 88' lang='lat' dir='ltr'><strong>fuisse</strong></span> <span class='ocrx_word' id='word_1_100' title='bbox 563 1413 598 1442; x_wconf 90' lang='lat' dir='ltr'><strong>et</strong></span> <span class='ocrx_word' id='word_1_101' title='bbox 638 1410 751 1453; x_wconf 85' lang='lat' dir='ltr'><strong>magis</strong></span> <span class='ocrx_word' id='word_1_102' title='bbox 794 1410 872 1442; x_wconf 88' lang='lat' dir='ltr'><strong>sine</strong></span> 
     </span>
     <span class='ocr_line' id='line_1_21' title="bbox 161 1456 870 1503; baseline -0.003 -12"><span class='ocrx_word' id='word_1_103' title='bbox 161 1459 424 1503; x_wconf 85' lang='lat' dir='ltr'><strong>impedimentis</strong></span> <span class='ocrx_word' id='word_1_104' title='bbox 444 1463 478 1492; x_wconf 90' lang='lat' dir='ltr'><strong>et</strong></span> <span class='ocrx_word' id='word_1_105' title='bbox 492 1456 870 1491; x_wconf 82' lang='lat' dir='ltr'><strong>difficultatibus.Na1n</strong></span> 
     </span>
     <span class='ocr_line' id='line_1_22' title="bbox 161 1506 872 1552; baseline -0.004 -12"><span class='ocrx_word' id='word_1_106' title='bbox 161 1512 199 1540; x_wconf 84' lang='lat' dir='ltr'><strong>ut</strong></span> <span class='ocrx_word' id='word_1_107' title='bbox 232 1518 364 1552; x_wconf 81' lang='lat' dir='ltr'><strong>pronus</strong></span> <span class='ocrx_word' id='word_1_108' title='bbox 398 1516 526 1540; x_wconf 89' lang='lat' dir='ltr'><strong>nomen</strong></span> <span class='ocrx_word' id='word_1_109' title='bbox 563 1506 778 1539; x_wconf 87' lang='lat' dir='ltr'><strong>contrarium</strong></span> <span class='ocrx_word' id='word_1_110' title='bbox 820 1509 872 1538; x_wconf 90' lang='lat' dir='ltr'><strong>est</strong></span> 
     </span>
     <span class='ocr_line' id='line_1_23' title="bbox 162 1554 871 1600; baseline -0.004 -12"><span class='ocrx_word' id='word_1_111' title='bbox 162 1557 237 1589; x_wconf 87' lang='lat' dir='ltr'><strong>eius</strong></span> <span class='ocrx_word' id='word_1_112' title='bbox 264 1554 358 1600; x_wconf 88' lang='lat' dir='ltr'><strong>quod</strong></span> <span class='ocrx_word' id='word_1_113' title='bbox 387 1555 553 1597; x_wconf 80' lang='lat' dir='ltr'><strong>arduum,</strong></span> <span class='ocrx_word' id='word_1_114' title='bbox 589 1554 640 1587; x_wconf 89' lang='lat' dir='ltr'><strong>sic</strong></span> <span class='ocrx_word' id='word_1_115' title='bbox 673 1556 710 1587; x_wconf 89' lang='lat' dir='ltr'><strong>in</strong></span> <span class='ocrx_word' id='word_1_116' title='bbox 750 1558 871 1599; x_wconf 79' lang='lat' dir='ltr'><strong>aperto</strong></span> 
     </span>
     <span class='ocr_line' id='line_1_24' title="bbox 162 1602 871 1648; baseline -0.003 -12"><span class='ocrx_word' id='word_1_117' title='bbox 162 1604 353 1648; x_wconf 86' lang='lat' dir='ltr'><strong>opponitur</strong></span> <span class='ocrx_word' id='word_1_118' title='bbox 389 1609 466 1637; x_wconf 85' lang='lat' dir='ltr'><strong>arto</strong></span> <span class='ocrx_word' id='word_1_119' title='bbox 507 1608 538 1636; x_wconf 83' lang='lat' dir='ltr'><strong>et</strong></span> <span class='ocrx_word' id='word_1_120' title='bbox 571 1602 749 1647; x_wconf 82' lang='lat' dir='ltr'><strong>impedito,</strong></span> <span class='ocrx_word' id='word_1_121' title='bbox 801 1611 871 1646; x_wconf 91' lang='lat' dir='ltr'><strong>quo</strong></span> 
     </span>
     <span class='ocr_line' id='line_1_25' title="bbox 161 1650 871 1694; baseline -0.004 -9"><span class='ocrx_word' id='word_1_122' title='bbox 161 1652 351 1686; x_wconf 87' lang='lat' dir='ltr'><strong>intellectu</strong></span> <span class='ocrx_word' id='word_1_123' title='bbox 386 1651 421 1685; x_wconf 90' lang='lat' dir='ltr'><strong>id</strong></span> <span class='ocrx_word' id='word_1_124' title='bbox 457 1663 477 1685; x_wconf 87' lang='lat' dir='ltr'><strong>a</strong></span> <span class='ocrx_word' id='word_1_125' title='bbox 501 1651 622 1684; x_wconf 88' lang='lat' dir='ltr'><strong>Tacito</strong></span> <span class='ocrx_word' id='word_1_126' title='bbox 649 1661 743 1684; x_wconf 89' lang='lat' dir='ltr'><strong>nunc</strong></span> <span class='ocrx_word' id='word_1_127' title='bbox 771 1650 871 1694; x_wconf 90' lang='lat' dir='ltr'><strong>posi-</strong></span> 
     </span>
     <span class='ocr_line' id='line_1_26' title="bbox 161 1698 870 1744; baseline -0.001 -12"><span class='ocrx_word' id='word_1_128' title='bbox 161 1705 234 1733; x_wconf 90' lang='lat' dir='ltr'><strong>tum</strong></span> <span class='ocrx_word' id='word_1_129' title='bbox 262 1711 350 1734; x_wconf 18' lang='lat' dir='ltr'><strong>cesse</strong></span> <span class='ocrx_word' id='word_1_130' title='bbox 391 1699 542 1744; x_wconf 82' lang='lat' dir='ltr'><strong>probant</strong></span> <span class='ocrx_word' id='word_1_131' title='bbox 584 1698 748 1742; x_wconf 86' lang='lat' dir='ltr'><strong>exempla</strong></span> <span class='ocrx_word' id='word_1_132' title='bbox 784 1698 870 1743; x_wconf 81' lang='lat' dir='ltr'><strong>Agr.</strong></span> 
     </span>
     <span class='ocr_line' id='line_1_27' title="bbox 162 1746 870 1792; baseline -0.004 -10"><span class='ocrx_word' id='word_1_133' title='bbox 162 1749 234 1783; x_wconf 83' lang='lat'><strong>33:</strong></span> <span class='ocrx_word' id='word_1_134' title='bbox 270 1754 351 1782; x_wconf 80' lang='lat' dir='ltr'><strong>vota</strong></span> <span class='ocrx_word' id='word_1_135' title='bbox 379 1749 553 1792; x_wconf 84' lang='lat' dir='ltr'><strong>virtusque</strong></span> <span class='ocrx_word' id='word_1_136' title='bbox 587 1748 625 1780; x_wconf 85' lang='lat' dir='ltr'><strong>in</strong></span> <span class='ocrx_word' id='word_1_137' title='bbox 651 1753 794 1791; x_wconf 78' lang='lat' dir='ltr'><strong>aperto‚·</strong></span> <span class='ocrx_word' id='word_1_138' title='bbox 828 1746 870 1779; x_wconf 87' lang='lat' dir='ltr'><strong>H.</strong></span> 
     </span>
     <span class='ocr_line' id='line_1_28' title="bbox 162 1795 872 1841; baseline -0.003 -12"><span class='ocrx_word' id='word_1_139' title='bbox 162 1796 209 1830; x_wconf 88' lang='lat' dir='ltr'><strong>Ill</strong></span> <span class='ocrx_word' id='word_1_140' title='bbox 235 1797 305 1831; x_wconf 86' lang='lat'><strong>56:</strong></span> <span class='ocrx_word' id='word_1_141' title='bbox 339 1808 414 1830; x_wconf 83' lang='lat' dir='ltr'><strong>cum</strong></span> <span class='ocrx_word' id='word_1_142' title='bbox 435 1796 635 1841; x_wconf 67' lang='lat' dir='ltr'><strong>transqrmh</strong></span> <span class='ocrx_word' id='word_1_143' title='bbox 649 1795 872 1840; x_wconf 73' lang='lat' dir='ltr'><strong>Apenninum</strong></span> 
     </span>
     <span class='ocr_line' id='line_1_29' title="bbox 166 1846 475 1890; baseline -0.003 -12"><span class='ocrx_word' id='word_1_144' title='bbox 166 1846 204 1878; x_wconf 83' lang='lat' dir='ltr'><strong>in</strong></span> <span class='ocrx_word' id='word_1_145' title='bbox 228 1850 348 1890; x_wconf 86' lang='lat' dir='ltr'><strong>aperto</strong></span> <span class='ocrx_word' id='word_1_146' title='bbox 373 1846 475 1888; x_wconf 82' lang='lat' dir='ltr'><strong>foret.</strong></span> 
     </span>
    </p>
   </div>
   <div class='ocr_carea' id='block_1_9' title="bbox 162 1913 874 2140">
    <p class='ocr_par' dir='ltr' id='par_1_9' title="bbox 162 1913 874 2140">
     <span class='ocr_line' id='line_1_30' title="bbox 234 1913 872 1960; baseline -0.003 -12"><span class='ocrx_word' id='word_1_147' title='bbox 234 1916 308 1949; x_wconf 82' lang='lat' dir='ltr'><strong>sine</strong></span> <span class='ocrx_word' id='word_1_148' title='bbox 335 1916 454 1960; x_wconf 68' lang='lat' dir='ltr'><strong>gratia</strong></span> <span class='ocrx_word' id='word_1_149' title='bbox 481 1921 539 1948; x_wconf 87' lang='lat' dir='ltr'><strong>aut</strong></span> <span class='ocrx_word' id='word_1_150' title='bbox 573 1915 785 1948; x_wconf 71' lang='lat' dir='ltr'><strong>aittbitione:</strong></span> <span class='ocrx_word' id='word_1_151' title='bbox 812 1913 872 1958; x_wconf 89' lang='lat' dir='ltr'><strong>qui</strong></span> 
     </span>
     <span class='ocr_line' id='line_1_31' title="bbox 162 1962 872 2007; baseline -0.003 -11"><span class='ocrx_word' id='word_1_152' title='bbox 162 1965 282 2007; x_wconf 74' lang='lat' dir='ltr'><strong>yratia</strong></span> <span class='ocrx_word' id='word_1_153' title='bbox 313 1964 472 2005; x_wconf 86' lang='lat' dir='ltr'><strong>ducitur,</strong></span> <span class='ocrx_word' id='word_1_154' title='bbox 509 1962 692 1996; x_wconf 87' lang='lat' dir='ltr'><strong>commoda</strong></span> <span class='ocrx_word' id='word_1_155' title='bbox 727 1966 872 2005; x_wconf 87' lang='lat' dir='ltr'><strong>accep-ta</strong></span> 
     </span>
     <span class='ocr_line' id='line_1_32' title="bbox 163 2011 872 2054; baseline -0.004 -10"><span class='ocrx_word' id='word_1_156' title='bbox 163 2012 311 2054; x_wconf 85' lang='lat' dir='ltr'><strong>respicit</strong></span> <span class='ocrx_word' id='word_1_157' title='bbox 338 2016 373 2044; x_wconf 85' lang='lat' dir='ltr'><strong>ct</strong></span> <span class='ocrx_word' id='word_1_158' title='bbox 398 2016 664 2052; x_wconf 87' lang='lat' dir='ltr'><strong>remuneratur,</strong></span> <span class='ocrx_word' id='word_1_159' title='bbox 708 2011 766 2054; x_wconf 89' lang='lat' dir='ltr'><strong>qui</strong></span> <span class='ocrx_word' id='word_1_160' title='bbox 795 2021 872 2042; x_wconf 88' lang='lat' dir='ltr'><strong>am-</strong></span> 
     </span>
     <span class='ocr_line' id='line_1_33' title="bbox 166 2058 874 2102; baseline -0.003 -10"><span class='ocrx_word' id='word_1_161' title='bbox 166 2060 313 2101; x_wconf 80' lang='lat' dir='ltr'><strong>bitione,</strong></span> <span class='ocrx_word' id='word_1_162' title='bbox 353 2060 473 2093; x_wconf 85' lang='lat' dir='ltr'><strong>futura</strong></span> <span class='ocrx_word' id='word_1_163' title='bbox 507 2064 542 2092; x_wconf 86' lang='lat' dir='ltr'><strong>et</strong></span> <span class='ocrx_word' id='word_1_164' title='bbox 568 2058 787 2102; x_wconf 86' lang='lat' dir='ltr'><strong>impetranda</strong></span> <span class='ocrx_word' id='word_1_165' title='bbox 814 2068 874 2090; x_wconf 90' lang='lat' dir='ltr'><strong>se-</strong></span> 
     </span>
     <span class='ocr_line' id='line_1_34' title="bbox 166 2111 292 2140; baseline 0 0"><span class='ocrx_word' id='word_1_166' title='bbox 166 2111 292 2140; x_wconf 86' lang='lat' dir='ltr'><strong>ctatur.</strong></span> 
     </span>
    </p>
   </div>
   <div class='ocr_carea' id='block_1_10' title="bbox 164 2176 878 2608">
    <p class='ocr_par' dir='ltr' id='par_1_10' title="bbox 164 2176 878 2608">
     <span class='ocr_line' id='line_1_35' title="bbox 228 2176 874 2222; baseline -0.002 -12"><span class='ocrx_word' id='word_1_167' title='bbox 228 2189 329 2211; x_wconf 85' lang='lat' dir='ltr'><strong>suam</strong></span> <span class='ocrx_word' id='word_1_168' title='bbox 353 2178 422 2222; x_wconf 81' lang='lat' dir='ltr'><strong>ipsi</strong></span> <span class='ocrx_word' id='word_1_169' title='bbox 446 2178 552 2211; x_wconf 80' lang='lat' dir='ltr'><strong>vitam</strong></span> <span class='ocrx_word' id='word_1_170' title='bbox 576 2189 756 2211; x_wconf 71' lang='lat' dir='ltr'><strong>mci-rare:</strong></span> <span class='ocrx_word' id='word_1_171' title='bbox 783 2176 874 2210; x_wconf 88' lang='lat' dir='ltr'><strong>male</strong></span> 
     </span>
     <span class='ocr_line' id='line_1_36' title="bbox 165 2226 874 2270; baseline -0.001 -11"><span class='ocrx_word' id='word_1_172' title='bbox 165 2226 313 2259; x_wconf 81' lang='lat' dir='ltr'><strong>sonabat</strong></span> <span class='ocrx_word' id='word_1_173' title='bbox 342 2238 441 2259; x_wconf 87' lang='lat' dir='ltr'><strong>suam</strong></span> <span class='ocrx_word' id='word_1_174' title='bbox 466 2226 619 2270; x_wconf 85' lang='lat' dir='ltr'><strong>ipsorum</strong></span> <span class='ocrx_word' id='word_1_175' title='bbox 651 2227 758 2260; x_wconf 82' lang='lat' dir='ltr'><strong>vitam</strong></span> <span class='ocrx_word' id='word_1_176' title='bbox 782 2236 874 2258; x_wconf 83' lang='lat' dir='ltr'><strong>nar-</strong></span> 
     </span>
     <span class='ocr_line' id='line_1_37' title="bbox 165 2274 874 2319; baseline -0.001 -12"><span class='ocrx_word' id='word_1_177' title='bbox 165 2285 260 2317; x_wconf 80' lang='lat' dir='ltr'><strong>rare,</strong></span> <span class='ocrx_word' id='word_1_178' title='bbox 288 2274 413 2308; x_wconf 88' lang='lat' dir='ltr'><strong>durum</strong></span> <span class='ocrx_word' id='word_1_179' title='bbox 439 2278 515 2308; x_wconf 87' lang='lat' dir='ltr'><strong>erat</strong></span> <span class='ocrx_word' id='word_1_180' title='bbox 539 2286 637 2307; x_wconf 82' lang='lat' dir='ltr'><strong>suam</strong></span> <span class='ocrx_word' id='word_1_181' title='bbox 661 2275 752 2319; x_wconf 83' lang='lat' dir='ltr'><strong>ipsos</strong></span> <span class='ocrx_word' id='word_1_182' title='bbox 768 2275 874 2307; x_wconf 84' lang='lat' dir='ltr'><strong>vitam</strong></span> 
     </span>
     <span class='ocr_line' id='line_1_38' title="bbox 164 2322 874 2367; baseline -0.001 -12"><span class='ocrx_word' id='word_1_183' title='bbox 164 2334 341 2365; x_wconf 82' lang='lat' dir='ltr'><strong>narrare,</strong></span> <span class='ocrx_word' id='word_1_184' title='bbox 402 2333 612 2367; x_wconf 85' lang='lat' dir='ltr'><strong>quamquam</strong></span> <span class='ocrx_word' id='word_1_185' title='bbox 666 2322 874 2356; x_wconf 86' lang='lat' dir='ltr'><strong>alterutrum</strong></span> 
     </span>
     <span class='ocr_line' id='line_1_39' title="bbox 164 2370 875 2415; baseline -0.003 -12"><span class='ocrx_word' id='word_1_186' title='bbox 164 2371 324 2415; x_wconf 80' lang='lat' dir='ltr'><strong>vulgaris</strong></span> <span class='ocrx_word' id='word_1_187' title='bbox 352 2381 434 2404; x_wconf 86' lang='lat' dir='ltr'><strong>usus</strong></span> <span class='ocrx_word' id='word_1_188' title='bbox 461 2370 685 2414; x_wconf 83' lang='lat' dir='ltr'><strong>postulabat3</strong></span> <span class='ocrx_word' id='word_1_189' title='bbox 719 2381 875 2415; x_wconf 87' lang='lat' dir='ltr'><strong>quapro-</strong></span> 
     </span>
     <span class='ocr_line' id='line_1_40' title="bbox 164 2419 878 2462; baseline 0.001 -12"><span class='ocrx_word' id='word_1_190' title='bbox 164 2423 243 2462; x_wconf 87' lang='lat' dir='ltr'><strong>pter</strong></span> <span class='ocrx_word' id='word_1_191' title='bbox 270 2419 490 2452; x_wconf 81' lang='lat' dir='ltr'><strong>attractionis</strong></span> <span class='ocrx_word' id='word_1_192' title='bbox 515 2419 660 2452; x_wconf 88' lang='lat' dir='ltr'><strong>licentia</strong></span> <span class='ocrx_word' id='word_1_193' title='bbox 683 2429 878 2462; x_wconf 85' lang='lat' dir='ltr'><strong>pronomen</strong></span> 
     </span>
     <span class='ocr_line' id='line_1_41' title="bbox 164 2467 877 2511; baseline 0 -12"><span class='ocrx_word' id='word_1_194' title='bbox 164 2468 233 2511; x_wconf 82' lang='lat' dir='ltr'><strong>ipsi</strong></span> <span class='ocrx_word' id='word_1_195' title='bbox 260 2478 338 2499; x_wconf 89' lang='lat' dir='ltr'><strong>cum</strong></span> <span class='ocrx_word' id='word_1_196' title='bbox 367 2467 477 2500; x_wconf 86' lang='lat' dir='ltr'><strong>verbo</strong></span> <span class='ocrx_word' id='word_1_197' title='bbox 506 2468 681 2500; x_wconf 86' lang='lat' dir='ltr'><strong>enuntiati</strong></span> <span class='ocrx_word' id='word_1_198' title='bbox 709 2468 877 2510; x_wconf 89' lang='lat' dir='ltr'><strong>primario</strong></span> 
     </span>
     <span class='ocr_line' id='line_1_42' title="bbox 166 2513 876 2560; baseline -0.001 -13"><span class='ocrx_word' id='word_1_199' title='bbox 166 2513 338 2558; x_wconf 77' lang='lat' dir='ltr'><strong>(plerique</strong></span> <span class='ocrx_word' id='word_1_200' title='bbox 365 2536 408 2541; x_wconf 93' lang='lat'><strong>—-</strong></span> <span class='ocrx_word' id='word_1_201' title='bbox 436 2514 603 2549; x_wconf 74' lang='lat' dir='ltr'><strong>arbitrati</strong></span> <span class='ocrx_word' id='word_1_202' title='bbox 628 2517 721 2560; x_wconf 76' lang='lat' dir='ltr'><strong>siml)</strong></span> <span class='ocrx_word' id='word_1_203' title='bbox 749 2515 876 2548; x_wconf 83' lang='lat' dir='ltr'><strong>iunxit.</strong></span> 
     </span>
     <span class='ocr_line' id='line_1_43' title="bbox 167 2561 877 2608; baseline 0 -13"><span class='ocrx_word' id='word_1_204' title='bbox 167 2561 221 2595; x_wconf 91' lang='lat' dir='ltr'><strong>Cf.</strong></span> <span class='ocrx_word' id='word_1_205' title='bbox 249 2563 294 2596; x_wconf 85' lang='lat' dir='ltr'><strong>XI</strong></span> <span class='ocrx_word' id='word_1_206' title='bbox 322 2563 365 2597; x_wconf 88' lang='grc'><strong>9.·</strong></span> <span class='ocrx_word' id='word_1_207' title='bbox 389 2563 553 2608; x_wconf 75' lang='lat' dir='ltr'><strong>pepi9ere</strong></span> <span class='ocrx_word' id='word_1_208' title='bbox 578 2562 740 2606; x_wconf 82' lang='lat' dir='ltr'><strong>fraudem</strong></span> <span class='ocrx_word' id='word_1_209' title='bbox 755 2563 877 2596; x_wconf 83' lang='lat' dir='ltr'><strong>inimi-</strong></span> 
     </span>
    </p>
   </div>
   <div class='ocr_carea' id='block_1_11' title="bbox 112 2610 877 2655">
    <p class='ocr_par' dir='ltr' id='par_1_11' title="bbox 112 2610 877 2655">
     <span class='ocr_line' id='line_1_44' title="bbox 112 2610 877 2655; baseline 0 -12"><span class='ocrx_word' id='word_1_210' title='bbox 112 2636 119 2647; x_wconf 48' lang='lat'><strong>,</strong></span> <span class='ocrx_word' id='word_1_211' title='bbox 166 2622 285 2644; x_wconf 84' lang='lat' dir='ltr'><strong>corum</strong></span> <span class='ocrx_word' id='word_1_212' title='bbox 324 2610 449 2644; x_wconf 85' lang='lat' dir='ltr'><strong>ulcisci</strong></span> <span class='ocrx_word' id='word_1_213' title='bbox 482 2617 582 2654; x_wconf 81' lang='lat' dir='ltr'><strong>atque</strong></span> <span class='ocrx_word' id='word_1_214' title='bbox 614 2611 682 2655; x_wconf 83' lang='lat' dir='ltr'><strong>ipsi</strong></span> <span class='ocrx_word' id='word_1_215' title='bbox 714 2611 808 2643; x_wconf 78' lang='lat' dir='ltr'><strong>inter</strong></span> <span class='ocrx_word' id='word_1_216' title='bbox 842 2622 877 2644; x_wconf 90' lang='lat' dir='ltr'><strong>se</strong></span> 
     </span>
    </p>
   </div>
   <div class='ocr_carea' id='block_1_12' title="bbox 164 2658 878 2799">
    <p class='ocr_par' dir='ltr' id='par_1_12' title="bbox 164 2658 878 2799">
     <span class='ocr_line' id='line_1_45' title="bbox 165 2658 878 2703; baseline 0.003 -13"><span class='ocrx_word' id='word_1_217' title='bbox 165 2659 368 2693; x_wconf 83' lang='lat' dir='ltr'><strong>concedere.</strong></span> <span class='ocrx_word' id='word_1_218' title='bbox 388 2658 601 2692; x_wconf 89' lang='lat' dir='ltr'><strong>Pronomine</strong></span> <span class='ocrx_word' id='word_1_219' title='bbox 614 2658 771 2703; x_wconf 82' lang='lat' dir='ltr'><strong>plerique</strong></span> <span class='ocrx_word' id='word_1_220' title='bbox 785 2660 878 2694; x_wconf 73' lang='grc' dir='ltr'><em>πολ-</em></span> 
     </span>
     <span class='ocr_line' id='line_1_46' title="bbox 164 2706 877 2749; baseline -0.001 -9"><span class='ocrx_word' id='word_1_221' title='bbox 164 2709 242 2749; x_wconf 77' lang='grc' dir='ltr'><em>λοί,</em></span> <span class='ocrx_word' id='word_1_222' title='bbox 281 2717 351 2740; x_wconf 88' lang='lat' dir='ltr'><strong>non</strong></span> <span class='ocrx_word' id='word_1_223' title='bbox 379 2709 417 2742; x_wconf 80' lang='grc' dir='ltr'><strong>οἱ</strong></span> <span class='ocrx_word' id='word_1_224' title='bbox 443 2708 594 2749; x_wconf 78' lang='grc' dir='ltr'><em>πολλοί,</em></span> <span class='ocrx_word' id='word_1_225' title='bbox 636 2706 670 2740; x_wconf 88' lang='lat' dir='ltr'><strong>h.</strong></span> <span class='ocrx_word' id='word_1_226' title='bbox 699 2706 723 2739; x_wconf 93' lang='lat' dir='ltr'><strong>l.</strong></span> <span class='ocrx_word' id='word_1_227' title='bbox 762 2706 877 2739; x_wconf 89' lang='lat' dir='ltr'><strong>deno-</strong></span> 
     </span>
     <span class='ocr_line' id='line_1_47' title="bbox 165 2754 809 2799; baseline 0 -12"><span class='ocrx_word' id='word_1_228' title='bbox 165 2760 292 2798; x_wconf 80' lang='lat' dir='ltr'><strong>tantur,</strong></span> <span class='ocrx_word' id='word_1_229' title='bbox 323 2761 360 2788; x_wconf 87' lang='lat' dir='ltr'><strong>ut</strong></span> <span class='ocrx_word' id='word_1_230' title='bbox 388 2766 496 2799; x_wconf 82' lang='lat' dir='ltr'><strong>saepe</strong></span> <span class='ocrx_word' id='word_1_231' title='bbox 523 2755 615 2799; x_wconf 88' lang='lat' dir='ltr'><strong>apud</strong></span> <span class='ocrx_word' id='word_1_232' title='bbox 641 2754 809 2788; x_wconf 88' lang='lat' dir='ltr'><strong>Tacitum.</strong></span> 
     </span>
    </p>
   </div>
   <div class='ocr_carea' id='block_1_13' title="bbox 162 2825 874 2973">
    <p class='ocr_par' dir='ltr' id='par_1_13' title="bbox 162 2825 874 2973">
     <span class='ocr_line' id='line_1_48' title="bbox 238 2825 874 2870; baseline -0.003 -10"><span class='ocrx_word' id='word_1_233' title='bbox 238 2826 370 2860; x_wconf 73' lang='lat' dir='ltr'><strong>Rutilio</strong></span> <span class='ocrx_word' id='word_1_234' title='bbox 399 2832 429 2859; x_wconf 89' lang='lat' dir='ltr'><strong>et</strong></span> <span class='ocrx_word' id='word_1_235' title='bbox 460 2827 619 2860; x_wconf 78' lang='lat' dir='ltr'><strong>Scauro.-</strong></span> <span class='ocrx_word' id='word_1_236' title='bbox 645 2825 788 2868; x_wconf 76' lang='lat' dir='ltr'><strong>Rutilii,</strong></span> <span class='ocrx_word' id='word_1_237' title='bbox 815 2826 874 2870; x_wconf 91' lang='lat' dir='ltr'><strong>qui</strong></span> 
     </span>
     <span class='ocr_line' id='line_1_49' title="bbox 165 2874 873 2919; baseline 0.001 -14"><span class='ocrx_word' id='word_1_238' title='bbox 165 2874 288 2907; x_wconf 88' lang='lat' dir='ltr'><strong>consul</strong></span> <span class='ocrx_word' id='word_1_239' title='bbox 311 2874 378 2907; x_wconf 82' lang='lat' dir='ltr'><strong>fuit</strong></span> <span class='ocrx_word' id='word_1_240' title='bbox 392 2874 474 2916; x_wconf 78' lang='lat'><strong>649,</strong></span> <span class='ocrx_word' id='word_1_241' title='bbox 492 2875 623 2919; x_wconf 89' lang='lat' dir='ltr'><strong>quique</strong></span> <span class='ocrx_word' id='word_1_242' title='bbox 637 2874 681 2907; x_wconf 91' lang='lat' dir='ltr'><strong>ob</strong></span> <span class='ocrx_word' id='word_1_243' title='bbox 697 2875 873 2907; x_wconf 89' lang='lat' dir='ltr'><strong>innocen-</strong></span> 
     </span>
     <span class='ocr_line' id='line_1_50' title="bbox 162 2922 874 2973; baseline 0.004 -19"><span class='ocrx_word' id='word_1_244' title='bbox 162 2922 245 2955; x_wconf 84' lang='lat' dir='ltr'><strong>tiam</strong></span> <span class='ocrx_word' id='word_1_245' title='bbox 258 2924 575 2973; x_wconf 66' lang='lat' dir='ltr'><strong>etseveritatemjn</strong></span> <span class='ocrx_word' id='word_1_246' title='bbox 589 2922 735 2957; x_wconf 86' lang='lat' dir='ltr'><strong>exilium</strong></span> <span class='ocrx_word' id='word_1_247' title='bbox 745 2922 874 2959; x_wconf 83' lang='lat' dir='ltr'><strong>missus</strong></span> 
     </span>
    </p>
   </div>
   <div class='ocr_carea' id='block_1_14' title="bbox 321 695 1655 750">
    <p class='ocr_par' dir='ltr' id='par_1_14' title="bbox 321 695 1655 750">
     <span class='ocr_line' id='line_1_51' title="bbox 321 695 1655 750; baseline -0.006 -6"><span class='ocrx_word' id='word_1_248' title='bbox 321 701 440 744; x_wconf 91' lang='lat' dir='ltr'><strong>Adeo</strong></span> <span class='ocrx_word' id='word_1_249' title='bbox 490 701 662 742; x_wconf 85' lang='lat' dir='ltr'><strong>virtutes</strong></span> <span class='ocrx_word' id='word_1_250' title='bbox 706 698 841 740; x_wconf 90' lang='lat' dir='ltr'><strong>isdem</strong></span> <span class='ocrx_word' id='word_1_251' title='bbox 885 697 1140 750; x_wconf 85' lang='lat' dir='ltr'><strong>temporibus</strong></span> <span class='ocrx_word' id='word_1_252' title='bbox 1191 696 1343 750; x_wconf 89' lang='lat' dir='ltr'><strong>optime</strong></span> <span class='ocrx_word' id='word_1_253' title='bbox 1374 695 1655 748; x_wconf 88' lang='lat' dir='ltr'><strong>aestimantur,</strong></span> 
     </span>
    </p>
   </div>
   <div class='ocr_carea' id='block_1_15' title="bbox 940 922 1662 2318">
    <p class='ocr_par' dir='ltr' id='par_1_15' title="bbox 940 922 1662 2318">
     <span class='ocr_line' id='line_1_52' title="bbox 945 922 1658 966; baseline -0.004 -8"><span class='ocrx_word' id='word_1_254' title='bbox 945 928 998 958; x_wconf 86' lang='lat' dir='ltr'><strong>est</strong></span> <span class='ocrx_word' id='word_1_255' title='bbox 1030 924 1124 966; x_wconf 84' lang='lat'><strong>661,</strong></span> <span class='ocrx_word' id='word_1_256' title='bbox 1169 923 1277 957; x_wconf 88' lang='lat' dir='ltr'><strong>vitam</strong></span> <span class='ocrx_word' id='word_1_257' title='bbox 1317 922 1360 956; x_wconf 86' lang='lat' dir='ltr'><strong>ab</strong></span> <span class='ocrx_word' id='word_1_258' title='bbox 1387 922 1464 966; x_wconf 86' lang='lat' dir='ltr'><strong>ipso</strong></span> <span class='ocrx_word' id='word_1_259' title='bbox 1490 922 1658 966; x_wconf 84' lang='lat' dir='ltr'><strong>scriptam</strong></span> 
     </span>
     <span class='ocr_line' id='line_1_53' title="bbox 945 969 1654 1005; baseline -0.003 0"><span class='ocrx_word' id='word_1_260' title='bbox 945 983 1036 1005; x_wconf 88' lang='lat' dir='ltr'><strong>unus</strong></span> <span class='ocrx_word' id='word_1_261' title='bbox 1061 971 1201 1005; x_wconf 76' lang='lat' dir='ltr'><strong>&#39;l&#39;acitus</strong></span> <span class='ocrx_word' id='word_1_262' title='bbox 1230 971 1532 1004; x_wconf 75' lang='lat' dir='ltr'><strong>commemoravit.</strong></span> <span class='ocrx_word' id='word_1_263' title='bbox 1587 969 1654 1003; x_wconf 88' lang='lat' dir='ltr'><strong>Hi-</strong></span> 
     </span>
     <span class='ocr_line' id='line_1_54' title="bbox 944 1017 1657 1062; baseline -0.003 -9"><span class='ocrx_word' id='word_1_264' title='bbox 944 1021 1088 1054; x_wconf 88' lang='lat' dir='ltr'><strong>storiam</strong></span> <span class='ocrx_word' id='word_1_265' title='bbox 1116 1018 1308 1053; x_wconf 85' lang='lat' dir='ltr'><strong>Romanam</strong></span> <span class='ocrx_word' id='word_1_266' title='bbox 1335 1017 1471 1052; x_wconf 86' lang='lat' dir='ltr'><strong>Graece</strong></span> <span class='ocrx_word' id='word_1_267' title='bbox 1508 1027 1657 1062; x_wconf 86' lang='lat' dir='ltr'><strong>compo-</strong></span> 
     </span>
     <span class='ocr_line' id='line_1_55' title="bbox 944 1065 1658 1102; baseline -0.004 0"><span class='ocrx_word' id='word_1_268' title='bbox 944 1070 1046 1102; x_wconf 84' lang='lat' dir='ltr'><strong>sitam</strong></span> <span class='ocrx_word' id='word_1_269' title='bbox 1074 1068 1117 1102; x_wconf 88' lang='lat' dir='ltr'><strong>ab</strong></span> <span class='ocrx_word' id='word_1_270' title='bbox 1134 1067 1260 1102; x_wconf 89' lang='lat' dir='ltr'><strong>eodem</strong></span> <span class='ocrx_word' id='word_1_271' title='bbox 1281 1067 1440 1100; x_wconf 86' lang='lat' dir='ltr'><strong>nominat</strong></span> <span class='ocrx_word' id='word_1_272' title='bbox 1450 1065 1658 1100; x_wconf 86' lang='lat' dir='ltr'><strong>Athenaeus</strong></span> 
     </span>
     <span class='ocr_line' id='line_1_56' title="bbox 947 1113 1658 1160; baseline -0.001 -10"><span class='ocrx_word' id='word_1_273' title='bbox 947 1118 993 1150; x_wconf 83' lang='lat' dir='ltr'><strong>tv</strong></span> <span class='ocrx_word' id='word_1_274' title='bbox 1019 1127 1053 1160; x_wconf 90' lang='lat' dir='ltr'><strong>p.</strong></span> <span class='ocrx_word' id='word_1_275' title='bbox 1088 1116 1155 1151; x_wconf 88' lang='lat'><strong>168</strong></span> <span class='ocrx_word' id='word_1_276' title='bbox 1178 1115 1228 1157; x_wconf 86' lang='lat' dir='ltr'><strong>E,</strong></span> <span class='ocrx_word' id='word_1_277' title='bbox 1257 1115 1400 1150; x_wconf 85' lang='lat' dir='ltr'>v1274</span> <span class='ocrx_word' id='word_1_278' title='bbox 1430 1114 1469 1156; x_wconf 86' lang='lat' dir='ltr'><strong>C,</strong></span> <span class='ocrx_word' id='word_1_279' title='bbox 1497 1113 1658 1149; x_wconf 77' lang='lat' dir='ltr'>x11543</span> 
     </span>
     <span class='ocr_line' id='line_1_57' title="bbox 943 1161 1657 1205; baseline -0.004 -7"><span class='ocrx_word' id='word_1_280' title='bbox 943 1164 983 1205; x_wconf 90' lang='grc' dir='ltr'><strong>Β,</strong></span> <span class='ocrx_word' id='word_1_281' title='bbox 1012 1163 1221 1198; x_wconf 88' lang='lat' dir='ltr'><strong>Plutarchus</strong></span> <span class='ocrx_word' id='word_1_282' title='bbox 1248 1163 1332 1197; x_wconf 84' lang='lat' dir='ltr'><strong>Mar.</strong></span> <span class='ocrx_word' id='word_1_283' title='bbox 1361 1173 1390 1195; x_wconf 91' lang='lat' dir='ltr'><strong>c.</strong></span> <span class='ocrx_word' id='word_1_284' title='bbox 1419 1162 1477 1198; x_wconf 86' lang='lat'><strong>28.</strong></span> <span class='ocrx_word' id='word_1_285' title='bbox 1516 1161 1657 1195; x_wconf 62' lang='lat' dir='ltr'><strong>Aucto?-</strong></span> 
     </span>
     <span class='ocr_line' id='line_1_58' title="bbox 943 1208 1656 1252; baseline 0 -7"><span class='ocrx_word' id='word_1_286' title='bbox 943 1223 1017 1247; x_wconf 89' lang='lat' dir='ltr'><strong>rem</strong></span> <span class='ocrx_word' id='word_1_287' title='bbox 1060 1211 1204 1246; x_wconf 86' lang='lat' dir='ltr'><strong>laudant</strong></span> <span class='ocrx_word' id='word_1_288' title='bbox 1252 1211 1375 1245; x_wconf 85' lang='lat' dir='ltr'><strong>Livius</strong></span> <span class='ocrx_word' id='word_1_289' title='bbox 1419 1208 1558 1244; x_wconf 86' lang='lat' dir='ltr'>XXXIX</span> <span class='ocrx_word' id='word_1_290' title='bbox 1597 1210 1656 1252; x_wconf 83' lang='lat'><strong>52,</strong></span> 
     </span>
     <span class='ocr_line' id='line_1_59' title="bbox 945 1258 1656 1302; baseline -0.004 -7"><span class='ocrx_word' id='word_1_291' title='bbox 945 1261 1081 1295; x_wconf 87' lang='lat' dir='ltr'><strong>Gellius</strong></span> <span class='ocrx_word' id='word_1_292' title='bbox 1116 1259 1180 1294; x_wconf 85' lang='lat' dir='ltr'><strong>VII</strong></span> <span class='ocrx_word' id='word_1_293' title='bbox 1223 1261 1267 1294; x_wconf 83' lang='lat'><strong>14</strong></span> <span class='ocrx_word' id='word_1_294' title='bbox 1297 1260 1333 1301; x_wconf 82' lang='lat'><strong>§.</strong></span> <span class='ocrx_word' id='word_1_295' title='bbox 1365 1258 1436 1301; x_wconf 87' lang='grc'><strong>10,</strong></span> <span class='ocrx_word' id='word_1_296' title='bbox 1471 1258 1656 1302; x_wconf 79' lang='lat' dir='ltr'><strong>Appianas</strong></span> 
     </span>
     <span class='ocr_line' id='line_1_60' title="bbox 944 1305 1651 1353; baseline -0.006 -10"><span class='ocrx_word' id='word_1_297' title='bbox 944 1309 1037 1343; x_wconf 88' lang='lat' dir='ltr'><strong>lber.</strong></span> <span class='ocrx_word' id='word_1_298' title='bbox 1068 1319 1145 1353; x_wconf 89' lang='lat' dir='ltr'><strong>cap.</strong></span> <span class='ocrx_word' id='word_1_299' title='bbox 1173 1307 1231 1342; x_wconf 89' lang='lat'><strong>88.</strong></span> <span class='ocrx_word' id='word_1_300' title='bbox 1284 1306 1450 1341; x_wconf 84' lang='lat' dir='ltr'><strong>Fortasse</strong></span> <span class='ocrx_word' id='word_1_301' title='bbox 1483 1316 1502 1340; x_wconf 86' lang='lat' dir='ltr'><strong>a</strong></span> <span class='ocrx_word' id='word_1_302' title='bbox 1530 1305 1651 1340; x_wconf 87' lang='lat' dir='ltr'><strong>Tacito</strong></span> 
     </span>
     <span class='ocr_line' id='line_1_61' title="bbox 944 1353 1656 1400; baseline -0.004 -10"><span class='ocrx_word' id='word_1_303' title='bbox 944 1367 1014 1390; x_wconf 90' lang='lat' dir='ltr'><strong>non</strong></span> <span class='ocrx_word' id='word_1_304' title='bbox 1042 1357 1134 1390; x_wconf 85' lang='lat' dir='ltr'><strong>liber</strong></span> <span class='ocrx_word' id='word_1_305' title='bbox 1160 1354 1364 1400; x_wconf 86' lang='lat' dir='ltr'><strong>peculiaris,</strong></span> <span class='ocrx_word' id='word_1_306' title='bbox 1390 1354 1453 1388; x_wconf 90' lang='lat' dir='ltr'><strong>sed</strong></span> <span class='ocrx_word' id='word_1_307' title='bbox 1479 1364 1523 1388; x_wconf 83' lang='lat' dir='ltr'><strong>ea</strong></span> <span class='ocrx_word' id='word_1_308' title='bbox 1539 1353 1656 1388; x_wconf 84' lang='lat' dir='ltr'><strong>histo-</strong></span> 
     </span>
     <span class='ocr_line' id='line_1_62' title="bbox 943 1402 1656 1448; baseline -0.003 -9"><span class='ocrx_word' id='word_1_309' title='bbox 943 1407 1017 1439; x_wconf 87' lang='lat' dir='ltr'><strong>riae</strong></span> <span class='ocrx_word' id='word_1_310' title='bbox 1059 1406 1240 1439; x_wconf 87' lang='lat' dir='ltr'><strong>Romanae</strong></span> <span class='ocrx_word' id='word_1_311' title='bbox 1287 1413 1367 1447; x_wconf 89' lang='lat' dir='ltr'><strong>pars</strong></span> <span class='ocrx_word' id='word_1_312' title='bbox 1422 1402 1656 1448; x_wconf 83' lang='lat' dir='ltr'><strong>significatur,</strong></span> 
     </span>
     <span class='ocr_line' id='line_1_63' title="bbox 943 1449 1656 1498; baseline -0.006 -11"><span class='ocrx_word' id='word_1_313' title='bbox 943 1464 1006 1498; x_wconf 91' lang='lat' dir='ltr'><strong>per</strong></span> <span class='ocrx_word' id='word_1_314' title='bbox 1033 1464 1136 1498; x_wconf 86' lang='lat' dir='ltr'><strong>quam</strong></span> <span class='ocrx_word' id='word_1_315' title='bbox 1175 1451 1329 1486; x_wconf 88' lang='lat' dir='ltr'><strong>Rutilius</strong></span> <span class='ocrx_word' id='word_1_316' title='bbox 1368 1449 1412 1484; x_wconf 92' lang='lat' dir='ltr'><strong>de</strong></span> <span class='ocrx_word' id='word_1_317' title='bbox 1446 1450 1551 1486; x_wconf 86' lang='lat' dir='ltr'><strong>rebus</strong></span> <span class='ocrx_word' id='word_1_318' title='bbox 1582 1451 1656 1484; x_wconf 80' lang='lat' dir='ltr'><strong>suis</strong></span> 
     </span>
     <span class='ocr_line' id='line_1_64' title="bbox 944 1498 1656 1544; baseline -0.006 -9"><span class='ocrx_word' id='word_1_319' title='bbox 944 1507 978 1536; x_wconf 90' lang='lat' dir='ltr'><strong>et</strong></span> <span class='ocrx_word' id='word_1_320' title='bbox 1005 1499 1316 1542; x_wconf 81' lang='lat' dir='ltr'><strong>obtrectatoribus,</strong></span> <span class='ocrx_word' id='word_1_321' title='bbox 1338 1498 1382 1532; x_wconf 88' lang='lat' dir='ltr'><strong>de</strong></span> <span class='ocrx_word' id='word_1_322' title='bbox 1409 1499 1566 1544; x_wconf 91' lang='lat' dir='ltr'><strong>equitum</strong></span> <span class='ocrx_word' id='word_1_323' title='bbox 1590 1498 1656 1532; x_wconf 87' lang='lat' dir='ltr'><strong>ad-</strong></span> 
     </span>
     <span class='ocr_line' id='line_1_65' title="bbox 942 1545 1656 1593; baseline -0.004 -10"><span class='ocrx_word' id='word_1_324' title='bbox 942 1560 1066 1584; x_wconf 89' lang='lat' dir='ltr'><strong>versus</strong></span> <span class='ocrx_word' id='word_1_325' title='bbox 1112 1547 1227 1593; x_wconf 84' lang='lat' dir='ltr'><strong>ipsum</strong></span> <span class='ocrx_word' id='word_1_326' title='bbox 1272 1546 1399 1582; x_wconf 86' lang='lat' dir='ltr'><strong>studiis</strong></span> <span class='ocrx_word' id='word_1_327' title='bbox 1451 1551 1487 1581; x_wconf 90' lang='lat' dir='ltr'><strong>et</strong></span> <span class='ocrx_word' id='word_1_328' title='bbox 1528 1545 1656 1580; x_wconf 83' lang='lat' dir='ltr'><strong>simul-</strong></span> 
     </span>
     <span class='ocr_line' id='line_1_66' title="bbox 941 1593 1656 1632; baseline -0.001 -2"><span class='ocrx_word' id='word_1_329' title='bbox 941 1603 1014 1632; x_wconf 91' lang='lat' dir='ltr'><strong>tate</strong></span> <span class='ocrx_word' id='word_1_330' title='bbox 1078 1597 1271 1631; x_wconf 85' lang='lat' dir='ltr'><strong>intentiore</strong></span> <span class='ocrx_word' id='word_1_331' title='bbox 1327 1594 1445 1629; x_wconf 82' lang='lat' dir='ltr'><strong>studio</strong></span> <span class='ocrx_word' id='word_1_332' title='bbox 1502 1593 1656 1629; x_wconf 83' lang='lat' dir='ltr'><strong>rettulit.</strong></span> 
     </span>
     <span class='ocr_line' id='line_1_67' title="bbox 940 1641 1656 1688; baseline -0.007 -7"><span class='ocrx_word' id='word_1_333' title='bbox 940 1647 1047 1681; x_wconf 86' lang='lat' dir='ltr'><strong>Marci</strong></span> <span class='ocrx_word' id='word_1_334' title='bbox 1077 1645 1221 1680; x_wconf 84' lang='lat' dir='ltr'><strong>Aemilii</strong></span> <span class='ocrx_word' id='word_1_335' title='bbox 1257 1644 1400 1686; x_wconf 88' lang='lat' dir='ltr'><strong>Scauri,</strong></span> <span class='ocrx_word' id='word_1_336' title='bbox 1435 1644 1494 1688; x_wconf 91' lang='lat' dir='ltr'><strong>qui</strong></span> <span class='ocrx_word' id='word_1_337' title='bbox 1531 1641 1656 1677; x_wconf 87' lang='lat' dir='ltr'><strong>consul</strong></span> 
     </span>
     <span class='ocr_line' id='line_1_68' title="bbox 942 1690 1656 1737; baseline -0.008 -7"><span class='ocrx_word' id='word_1_338' title='bbox 942 1707 972 1729; x_wconf 86' lang='lat' dir='ltr'><strong>a.</strong></span> <span class='ocrx_word' id='word_1_339' title='bbox 1015 1694 1115 1737; x_wconf 84' lang='lat'><strong>639,</strong></span> <span class='ocrx_word' id='word_1_340' title='bbox 1162 1694 1270 1727; x_wconf 87' lang='lat' dir='ltr'><strong>vitam</strong></span> <span class='ocrx_word' id='word_1_341' title='bbox 1313 1696 1454 1736; x_wconf 84' lang='lat' dir='ltr'><strong>praeter</strong></span> <span class='ocrx_word' id='word_1_342' title='bbox 1499 1690 1656 1725; x_wconf 85' lang='lat' dir='ltr'><strong>Tacitum</strong></span> 
     </span>
     <span class='ocr_line' id='line_1_69' title="bbox 942 1738 1656 1783; baseline -0.006 -6"><span class='ocrx_word' id='word_1_343' title='bbox 942 1744 1048 1777; x_wconf 85' lang='lat' dir='ltr'><strong>etiam</strong></span> <span class='ocrx_word' id='word_1_344' title='bbox 1075 1742 1136 1776; x_wconf 87' lang='lat' dir='ltr'><strong>alii</strong></span> <span class='ocrx_word' id='word_1_345' title='bbox 1162 1741 1369 1783; x_wconf 87' lang='lat' dir='ltr'><strong>laudarunt,</strong></span> <span class='ocrx_word' id='word_1_346' title='bbox 1401 1739 1527 1774; x_wconf 87' lang='lat' dir='ltr'><strong>Cicero</strong></span> <span class='ocrx_word' id='word_1_347' title='bbox 1556 1738 1656 1773; x_wconf 91' lang='lat' dir='ltr'><strong>Brut.</strong></span> 
     </span>
     <span class='ocr_line' id='line_1_70' title="bbox 943 1790 1661 1828; baseline -0.01 -1"><span class='ocrx_word' id='word_1_348' title='bbox 943 1792 1012 1828; x_wconf 81' lang='lat'><strong>29:</strong></span> <span class='ocrx_word' id='word_1_349' title='bbox 1080 1791 1181 1825; x_wconf 68' lang='lat' dir='ltr'><strong>liuius</strong></span> <span class='ocrx_word' id='word_1_350' title='bbox 1221 1795 1255 1824; x_wconf 78' lang='lat' dir='ltr'><strong>ee</strong></span> <span class='ocrx_word' id='word_1_351' title='bbox 1294 1790 1471 1823; x_wconf 79' lang='lat' dir='ltr'><strong>oraciones</strong></span> <span class='ocrx_word' id='word_1_352' title='bbox 1506 1793 1586 1823; x_wconf 78' lang='lat' dir='ltr'><strong>sunt</strong></span> <span class='ocrx_word' id='word_1_353' title='bbox 1627 1792 1661 1820; x_wconf 75' lang='lat' dir='ltr'><strong>et</strong></span> 
     </span>
     <span class='ocr_line' id='line_1_71' title="bbox 942 1835 1662 1882; baseline -0.008 -9"><span class='ocrx_word' id='word_1_354' title='bbox 942 1846 1012 1873; x_wconf 86' lang='lat' dir='ltr'><strong>tres</strong></span> <span class='ocrx_word' id='word_1_355' title='bbox 1053 1839 1100 1872; x_wconf 88' lang='lat' dir='ltr'><strong>ad</strong></span> <span class='ocrx_word' id='word_1_356' title='bbox 1137 1838 1178 1872; x_wconf 92' lang='lat' dir='ltr'><strong>L.</strong></span> <span class='ocrx_word' id='word_1_357' title='bbox 1215 1838 1382 1882; x_wconf 81' lang='lat' dir='ltr'><strong>Fufidium</strong></span> <span class='ocrx_word' id='word_1_358' title='bbox 1421 1835 1504 1870; x_wconf 74' lang='lat' dir='ltr'><strong>libri</strong></span> <span class='ocrx_word' id='word_1_359' title='bbox 1538 1835 1662 1881; x_wconf 75' lang='lat' dir='ltr'><strong>scripti</strong></span> 
     </span>
     <span class='ocr_line' id='line_1_72' title="bbox 943 1882 1658 1932; baseline -0.007 -11"><span class='ocrx_word' id='word_1_360' title='bbox 943 1889 983 1921; x_wconf 89' lang='lat' dir='ltr'><strong>de</strong></span> <span class='ocrx_word' id='word_1_361' title='bbox 1021 1888 1094 1921; x_wconf 79' lang='lat' dir='ltr'><strong>vita</strong></span> <span class='ocrx_word' id='word_1_362' title='bbox 1129 1887 1237 1932; x_wconf 80' lang='lat' dir='ltr'><strong>ipsius</strong></span> <span class='ocrx_word' id='word_1_363' title='bbox 1279 1892 1381 1927; x_wconf 83' lang='lat' dir='ltr'><strong>acta,</strong></span> <span class='ocrx_word' id='word_1_364' title='bbox 1422 1895 1508 1918; x_wconf 81' lang='lat' dir='ltr'><strong>sane</strong></span> <span class='ocrx_word' id='word_1_365' title='bbox 1543 1882 1658 1924; x_wconf 83' lang='lat' dir='ltr'><strong>utiles,</strong></span> 
     </span>
     <span class='ocr_line' id='line_1_73' title="bbox 944 1932 1657 1979; baseline -0.007 -10"><span class='ocrx_word' id='word_1_366' title='bbox 944 1947 1030 1979; x_wconf 85' lang='lat' dir='ltr'><strong>quos</strong></span> <span class='ocrx_word' id='word_1_367' title='bbox 1054 1946 1154 1968; x_wconf 86' lang='lat' dir='ltr'><strong>nemo</strong></span> <span class='ocrx_word' id='word_1_368' title='bbox 1183 1935 1276 1979; x_wconf 74' lang='lat' dir='ltr'><strong>teqit.</strong></span> <span class='ocrx_word' id='word_1_369' title='bbox 1307 1932 1657 1967; x_wconf 86' lang='lat' dir='ltr'><strong>ValeriusMaximus</strong></span> 
     </span>
     <span class='ocr_line' id='line_1_74' title="bbox 942 1981 1654 2022; baseline -0.006 -5"><span class='ocrx_word' id='word_1_370' title='bbox 942 1984 990 2017; x_wconf 90' lang='lat' dir='ltr'><strong>IV</strong></span> <span class='ocrx_word' id='word_1_371' title='bbox 1017 1983 1042 2017; x_wconf 84' lang='lat'>4</span> <span class='ocrx_word' id='word_1_372' title='bbox 1069 1986 1130 2017; x_wconf 85' lang='lat'><strong>11:</strong></span> <span class='ocrx_word' id='word_1_373' title='bbox 1162 1982 1307 2016; x_wconf 87' lang='lat' dir='ltr'><strong>Marcus</strong></span> <span class='ocrx_word' id='word_1_374' title='bbox 1341 1987 1456 2016; x_wconf 83' lang='lat' dir='ltr'><strong>autem</strong></span> <span class='ocrx_word' id='word_1_375' title='bbox 1485 1981 1654 2022; x_wconf 78' lang='lat' dir='ltr'><strong>Scaurus,</strong></span> 
     </span>
     <span class='ocr_line' id='line_1_75' title="bbox 945 2029 1658 2076; baseline -0.006 -11"><span class='ocrx_word' id='word_1_376' title='bbox 945 2031 1149 2076; x_wconf 83' lang='lat' dir='ltr'><strong>quantulam</strong></span> <span class='ocrx_word' id='word_1_377' title='bbox 1177 2042 1199 2063; x_wconf 88' lang='lat' dir='ltr'><strong>a</strong></span> <span class='ocrx_word' id='word_1_378' title='bbox 1224 2036 1326 2075; x_wconf 80' lang='lat' dir='ltr'><strong>patre</strong></span> <span class='ocrx_word' id='word_1_379' title='bbox 1341 2029 1570 2063; x_wconf 80' lang='lat' dir='ltr'><strong>hereditatem</strong></span> <span class='ocrx_word' id='word_1_380' title='bbox 1593 2039 1658 2061; x_wconf 82' lang='lat' dir='ltr'><strong>ac-</strong></span> 
     </span>
     <span class='ocr_line' id='line_1_76' title="bbox 947 2077 1658 2125; baseline -0.006 -12"><span class='ocrx_word' id='word_1_381' title='bbox 947 2080 1086 2125; x_wconf 80' lang='lat' dir='ltr'><strong>ceperit,</strong></span> <span class='ocrx_word' id='word_1_382' title='bbox 1117 2079 1155 2111; x_wconf 77' lang='lat' dir='ltr'><strong>in</strong></span> <span class='ocrx_word' id='word_1_383' title='bbox 1180 2079 1293 2123; x_wconf 83' lang='lat' dir='ltr'><strong>primo</strong></span> <span class='ocrx_word' id='word_1_384' title='bbox 1322 2077 1409 2111; x_wconf 86' lang='lat' dir='ltr'><strong>libro</strong></span> <span class='ocrx_word' id='word_1_385' title='bbox 1437 2087 1556 2110; x_wconf 82' lang='lat' dir='ltr'><strong>eorum</strong></span> <span class='ocrx_word' id='word_1_386' title='bbox 1575 2086 1658 2120; x_wconf 81' lang='lat' dir='ltr'><strong>quos</strong></span> 
     </span>
     <span class='ocr_line' id='line_1_77' title="bbox 946 2123 1658 2170; baseline -0.006 -10"><span class='ocrx_word' id='word_1_387' title='bbox 946 2128 987 2161; x_wconf 84' lang='lat' dir='ltr'><strong>de</strong></span> <span class='ocrx_word' id='word_1_388' title='bbox 1013 2128 1085 2160; x_wconf 79' lang='lat' dir='ltr'><strong>vita</strong></span> <span class='ocrx_word' id='word_1_389' title='bbox 1111 2137 1176 2160; x_wconf 84' lang='lat' dir='ltr'><strong>sua</strong></span> <span class='ocrx_word' id='word_1_390' title='bbox 1192 2126 1344 2170; x_wconf 81' lang='lat' dir='ltr'><strong>scripsit,</strong></span> <span class='ocrx_word' id='word_1_391' title='bbox 1371 2126 1493 2168; x_wconf 83' lang='lat' dir='ltr'><strong>refert.</strong></span> <span class='ocrx_word' id='word_1_392' title='bbox 1522 2123 1658 2158; x_wconf 82' lang='lat' dir='ltr'><strong>Plinius</strong></span> 
     </span>
     <span class='ocr_line' id='line_1_78' title="bbox 945 2171 1658 2216; baseline -0.007 -7"><span class='ocrx_word' id='word_1_393' title='bbox 945 2175 1088 2209; x_wconf 87' lang='lat' dir='ltr'><strong>XXXllI</strong></span> <span class='ocrx_word' id='word_1_394' title='bbox 1118 2175 1164 2209; x_wconf 84' lang='lat'><strong>6:</strong></span> <span class='ocrx_word' id='word_1_395' title='bbox 1193 2174 1339 2207; x_wconf 87' lang='lat' dir='ltr'><strong>Lucium</strong></span> <span class='ocrx_word' id='word_1_396' title='bbox 1366 2173 1534 2216; x_wconf 79' lang='lat' dir='ltr'><strong>Fufidium</strong></span> <span class='ocrx_word' id='word_1_397' title='bbox 1559 2171 1658 2205; x_wconf 83' lang='lat' dir='ltr'><strong>illum</strong></span> 
     </span>
     <span class='ocr_line' id='line_1_79' title="bbox 945 2221 1658 2267; baseline -0.006 -10"><span class='ocrx_word' id='word_1_398' title='bbox 945 2225 992 2258; x_wconf 74' lang='lat' dir='ltr'><strong>acl</strong></span> <span class='ocrx_word' id='word_1_399' title='bbox 1040 2235 1138 2267; x_wconf 84' lang='lat' dir='ltr'><strong>quem</strong></span> <span class='ocrx_word' id='word_1_400' title='bbox 1188 2223 1346 2256; x_wconf 84' lang='lat' dir='ltr'><strong>Scaurus</strong></span> <span class='ocrx_word' id='word_1_401' title='bbox 1389 2222 1430 2255; x_wconf 82' lang='lat' dir='ltr'><strong>de</strong></span> <span class='ocrx_word' id='word_1_402' title='bbox 1472 2221 1546 2255; x_wconf 83' lang='lat' dir='ltr'><strong>vita</strong></span> <span class='ocrx_word' id='word_1_403' title='bbox 1593 2230 1658 2254; x_wconf 83' lang='lat' dir='ltr'><strong>sua</strong></span> 
     </span>
     <span class='ocr_line' id='line_1_80' title="bbox 944 2272 1094 2318; baseline -0.007 -12"><span class='ocrx_word' id='word_1_404' title='bbox 944 2272 1094 2318; x_wconf 78' lang='lat' dir='ltr'><strong>scripsit.</strong></span> 
     </span>
    </p>
   </div>
   <div class='ocr_carea' id='block_1_16' title="bbox 942 2387 1658 2968">
    <p class='ocr_par' dir='ltr' id='par_1_16' title="bbox 942 2387 1658 2968">
     <span class='ocr_line' id='line_1_81' title="bbox 1022 2387 1656 2424; baseline -0.006 0"><span class='ocrx_word' id='word_1_405' title='bbox 1022 2397 1058 2424; x_wconf 88' lang='lat' dir='ltr'><strong>at</strong></span> <span class='ocrx_word' id='word_1_406' title='bbox 1083 2401 1177 2424; x_wconf 85' lang='lat' dir='ltr'><strong>nunc</strong></span> <span class='ocrx_word' id='word_1_407' title='bbox 1204 2395 1398 2423; x_wconf 86' lang='lat' dir='ltr'><strong>narraturo</strong></span> <span class='ocrx_word' id='word_1_408' title='bbox 1425 2387 1510 2422; x_wconf 80' lang='lat' dir='ltr'><strong>mihi</strong></span> <span class='ocrx_word' id='word_1_409' title='bbox 1527 2408 1571 2414; x_wconf 93' lang='lat'><strong>—-</strong></span> <span class='ocrx_word' id='word_1_410' title='bbox 1594 2398 1656 2421; x_wconf 78' lang='lat' dir='ltr'><strong>ve-</strong></span> 
     </span>
     <span class='ocr_line' id='line_1_82' title="bbox 949 2435 1657 2484; baseline -0.006 -12"><span class='ocrx_word' id='word_1_411' title='bbox 949 2439 1012 2472; x_wconf 84' lang='lat' dir='ltr'><strong>nia</strong></span> <span class='ocrx_word' id='word_1_412' title='bbox 1038 2451 1121 2484; x_wconf 86' lang='lat' dir='ltr'><strong>opus</strong></span> <span class='ocrx_word' id='word_1_413' title='bbox 1146 2439 1232 2482; x_wconf 83' lang='lat' dir='ltr'><strong>suit.-</strong></span> <span class='ocrx_word' id='word_1_414' title='bbox 1261 2438 1407 2482; x_wconf 85' lang='lat' dir='ltr'><strong>respicit</strong></span> <span class='ocrx_word' id='word_1_415' title='bbox 1436 2446 1563 2471; x_wconf 90' lang='lat' dir='ltr'><strong>aevum</strong></span> <span class='ocrx_word' id='word_1_416' title='bbox 1578 2435 1657 2469; x_wconf 89' lang='lat' dir='ltr'><strong>Do-</strong></span> 
     </span>
     <span class='ocr_line' id='line_1_83' title="bbox 947 2482 1657 2530; baseline -0.004 -11"><span class='ocrx_word' id='word_1_417' title='bbox 947 2487 1083 2520; x_wconf 89' lang='lat' dir='ltr'><strong>mitiani</strong></span> <span class='ocrx_word' id='word_1_418' title='bbox 1118 2487 1312 2530; x_wconf 85' lang='lat' dir='ltr'><strong>principis:</strong></span> <span class='ocrx_word' id='word_1_419' title='bbox 1355 2496 1435 2518; x_wconf 88' lang='lat' dir='ltr'><strong>nam</strong></span> <span class='ocrx_word' id='word_1_420' title='bbox 1482 2482 1657 2528; x_wconf 84' lang='lat' dir='ltr'><strong>particula</strong></span> 
     </span>
     <span class='ocr_line' id='line_1_84' title="bbox 945 2530 1657 2576; baseline 0 -10"><span class='ocrx_word' id='word_1_421' title='bbox 945 2545 1040 2571; x_wconf 86' lang='lat' dir='ltr'><strong>nunc</strong></span> <span class='ocrx_word' id='word_1_422' title='bbox 1084 2533 1118 2567; x_wconf 87' lang='lat' dir='ltr'><strong>h.</strong></span> <span class='ocrx_word' id='word_1_423' title='bbox 1155 2534 1179 2568; x_wconf 92' lang='lat' dir='ltr'><strong>l.</strong></span> <span class='ocrx_word' id='word_1_424' title='bbox 1216 2534 1326 2567; x_wconf 88' lang='lat' dir='ltr'><strong>&#39;l&#39;aciti</strong></span> <span class='ocrx_word' id='word_1_425' title='bbox 1366 2538 1526 2576; x_wconf 87' lang='lat' dir='ltr'><strong>tempora</strong></span> <span class='ocrx_word' id='word_1_426' title='bbox 1551 2530 1657 2566; x_wconf 84' lang='lat' dir='ltr'><strong>inde-</strong></span> 
     </span>
     <span class='ocr_line' id='line_1_85' title="bbox 947 2579 1655 2626; baseline -0.004 -12"><span class='ocrx_word' id='word_1_427' title='bbox 947 2582 1045 2617; x_wconf 88' lang='lat' dir='ltr'><strong>finite</strong></span> <span class='ocrx_word' id='word_1_428' title='bbox 1080 2587 1180 2616; x_wconf 86' lang='lat' dir='ltr'><strong>notat</strong></span> <span class='ocrx_word' id='word_1_429' title='bbox 1217 2582 1381 2626; x_wconf 87' lang='lat' dir='ltr'><strong>opposita</strong></span> <span class='ocrx_word' id='word_1_430' title='bbox 1417 2580 1572 2624; x_wconf 84' lang='lat' dir='ltr'><strong>antiquis</strong></span> <span class='ocrx_word' id='word_1_431' title='bbox 1599 2579 1655 2624; x_wconf 74' lang='lat' dir='ltr'><strong>(in</strong></span> 
     </span>
     <span class='ocr_line' id='line_1_86' title="bbox 946 2627 1655 2677; baseline -0.007 -13"><span class='ocrx_word' id='word_1_432' title='bbox 946 2642 1078 2664; x_wconf 83' lang='lat' dir='ltr'><strong>unsern</strong></span> <span class='ocrx_word' id='word_1_433' title='bbox 1098 2632 1244 2677; x_wconf 70' lang='lat' dir='ltr'><strong>Taqen).</strong></span> <span class='ocrx_word' id='word_1_434' title='bbox 1278 2630 1333 2663; x_wconf 92' lang='lat' dir='ltr'><strong>Ad</strong></span> <span class='ocrx_word' id='word_1_435' title='bbox 1347 2628 1539 2663; x_wconf 82' lang='lat' dir='ltr'><strong>Domitiani</strong></span> <span class='ocrx_word' id='word_1_436' title='bbox 1554 2627 1655 2671; x_wconf 89' lang='lat' dir='ltr'><strong>prin-</strong></span> 
     </span>
     <span class='ocr_line' id='line_1_87' title="bbox 950 2674 1657 2723; baseline -0.006 -11"><span class='ocrx_word' id='word_1_437' title='bbox 950 2680 1104 2723; x_wconf 84' lang='lat' dir='ltr'><strong>cipatum</strong></span> <span class='ocrx_word' id='word_1_438' title='bbox 1133 2684 1170 2712; x_wconf 83' lang='lat' dir='ltr'><strong>ut</strong></span> <span class='ocrx_word' id='word_1_439' title='bbox 1196 2678 1324 2713; x_wconf 83' lang='lat' dir='ltr'><strong>referri</strong></span> <span class='ocrx_word' id='word_1_440' title='bbox 1339 2679 1451 2722; x_wconf 85' lang='lat' dir='ltr'><strong>possit</strong></span> <span class='ocrx_word' id='word_1_441' title='bbox 1479 2674 1657 2721; x_wconf 83' lang='lat' dir='ltr'><strong>particula</strong></span> 
     </span>
     <span class='ocr_line' id='line_1_88' title="bbox 947 2723 1657 2770; baseline -0.006 -10"><span class='ocrx_word' id='word_1_442' title='bbox 947 2739 1062 2770; x_wconf 81' lang='lat' dir='ltr'><strong>nunc,</strong></span> <span class='ocrx_word' id='word_1_443' title='bbox 1105 2727 1192 2761; x_wconf 83' lang='lat' dir='ltr'><strong>facit</strong></span> <span class='ocrx_word' id='word_1_444' title='bbox 1218 2726 1374 2760; x_wconf 87' lang='lat' dir='ltr'><strong>additum</strong></span> <span class='ocrx_word' id='word_1_445' title='bbox 1409 2724 1566 2770; x_wconf 76' lang='lat' dir='ltr'><strong>defuncti</strong></span> <span class='ocrx_word' id='word_1_446' title='bbox 1591 2723 1657 2756; x_wconf 81' lang='grc' dir='ltr'><strong><em>Ιιο-</em></strong></span> 
     </span>
     <span class='ocr_line' id='line_1_89' title="bbox 944 2773 1658 2820; baseline -0.006 -12"><span class='ocrx_word' id='word_1_447' title='bbox 944 2777 1046 2809; x_wconf 81' lang='lat' dir='ltr'><strong>minis</strong></span> <span class='ocrx_word' id='word_1_448' title='bbox 1060 2778 1158 2819; x_wconf 84' lang='lat' dir='ltr'><strong>(nam</strong></span> <span class='ocrx_word' id='word_1_449' title='bbox 1175 2777 1204 2809; x_wconf 85' lang='lat' dir='ltr'><strong>is</strong></span> <span class='ocrx_word' id='word_1_450' title='bbox 1227 2780 1280 2808; x_wconf 87' lang='lat' dir='ltr'><strong>est</strong></span> <span class='ocrx_word' id='word_1_451' title='bbox 1293 2773 1463 2820; x_wconf 87' lang='lat' dir='ltr'><strong>Agricola</strong></span> <span class='ocrx_word' id='word_1_452' title='bbox 1475 2773 1534 2817; x_wconf 90' lang='lat' dir='ltr'><strong>qui</strong></span> <span class='ocrx_word' id='word_1_453' title='bbox 1551 2775 1658 2817; x_wconf 87' lang='lat' dir='ltr'><strong>quat-</strong></span> 
     </span>
     <span class='ocr_line' id='line_1_90' title="bbox 945 2820 1657 2858; baseline -0.006 -2"><span class='ocrx_word' id='word_1_454' title='bbox 945 2829 1024 2856; x_wconf 89' lang='lat' dir='ltr'><strong>tuor</strong></span> <span class='ocrx_word' id='word_1_455' title='bbox 1050 2825 1151 2858; x_wconf 88' lang='lat' dir='ltr'><strong>annis</strong></span> <span class='ocrx_word' id='word_1_456' title='bbox 1181 2828 1264 2857; x_wconf 85' lang='lat' dir='ltr'><strong>ante</strong></span> <span class='ocrx_word' id='word_1_457' title='bbox 1290 2823 1435 2856; x_wconf 89' lang='lat' dir='ltr'><strong>caedem</strong></span> <span class='ocrx_word' id='word_1_458' title='bbox 1464 2820 1657 2854; x_wconf 85' lang='lat' dir='ltr'><strong>Domitiani</strong></span> 
     </span>
     <span class='ocr_line' id='line_1_91' title="bbox 945 2868 1657 2918; baseline -0.006 -13"><span class='ocrx_word' id='word_1_459' title='bbox 945 2872 1134 2906; x_wconf 86' lang='lat' dir='ltr'><strong>defunctus</strong></span> <span class='ocrx_word' id='word_1_460' title='bbox 1153 2875 1245 2918; x_wconf 86' lang='lat' dir='ltr'><strong>erat)</strong></span> <span class='ocrx_word' id='word_1_461' title='bbox 1262 2876 1298 2905; x_wconf 88' lang='lat' dir='ltr'><strong>et</strong></span> <span class='ocrx_word' id='word_1_462' title='bbox 1320 2870 1479 2915; x_wconf 86' lang='lat' dir='ltr'><strong>proxima</strong></span> <span class='ocrx_word' id='word_1_463' title='bbox 1500 2868 1544 2903; x_wconf 87' lang='lat' dir='ltr'><strong>de</strong></span> <span class='ocrx_word' id='word_1_464' title='bbox 1562 2873 1657 2902; x_wconf 85' lang='lat' dir='ltr'><strong>tem-</strong></span> 
     </span>
     <span class='ocr_line' id='line_1_92' title="bbox 942 2915 1654 2968; baseline -0.006 -13"><span class='ocrx_word' id='word_1_465' title='bbox 942 2921 1088 2968; x_wconf 88' lang='lat' dir='ltr'><strong>poribus</strong></span> <span class='ocrx_word' id='word_1_466' title='bbox 1100 2920 1294 2956; x_wconf 83' lang='lat' dir='ltr'><strong>Domitiani</strong></span> <span class='ocrx_word' id='word_1_467' title='bbox 1310 2918 1508 2966; x_wconf 84' lang='lat' dir='ltr'><strong>expositi03</strong></span> <span class='ocrx_word' id='word_1_468' title='bbox 1529 2915 1654 2954; x_wconf 80' lang='lat' dir='ltr'><strong>eadem</strong></span> 
     </span>
    </p>
   </div>
  </div>
 </body>
</html>
