1768 3216
175 63 186 76 1.
194 70 200 74 v
287 81 295 86 a
433 71 436 73 i

147 88 187 105 ⁴⁴5²
195 95 206 104 ⁴*
233 90 275 128 ἐμέ
286 88 307 111 2⁸¹
364 100 376 113 ,ι
404 88 409 91 “
457 108 462 109 ⁷

294 160 324 176 1,»
355 118 415 167 η
423 146 426 147 ’
435 159 438 161 ·

115 215 214 269 0:1³.
239 224 301 268 vo.
342 233 343 238 ¹
388 234 391 236 <
627 223 764 263 unsa
790 227 834 263 v.
886 225 975 263 cu.
1002 222 1160 265 222-24.
1495 277 1499 280 q
1550 224 1625 262 ιω

119 348 248 390 vento
276 345 524 401 agebantur.
582 338 654 387 sic
681 330 910 400 praevecti,
940 346 1137 397 temptato
1166 341 1320 386 levium
1347 329 1625 408 telorumqu-

118 423 202 474 etu,
236 421 496 464 dirimuntur.
557 418 703 480 Civilis
720 408 970 491 ‚unuln-a
997 428 1122 461 ausus
1152 422 1268 461 trans
1297 413 1485 461 Rhenum
1513 414 1625 466 eon-

117 496 260 539 cessit.
308 493 692 539 Cerialis.insulam
718 489 971 537 Batavorum
1001 492 1212 536 hostiliter
1227 492 1461 548 populatus,
1493 505 1622 550 agros

117 569 323 625 villasque
355 569 499 612 Civilis
529 569 706 612 intactas
735 571 837 611 nota
865 572 956 611 arte
986 567 1138 610 ducum
1168 569 1355 622 sinebat,
1388 581 1481 610 cum
1511 569 1624 610 inte-

118 645 198 689 rim
226 644 336 687 flexu
366 643 551 687 autumni
581 646 623 687 et
652 643 817 686 crebris
844 655 921 698 per
949 643 992 685 id
1027 646 1189 699 tempus
1228 643 1430 687 imbribus
1469 655 1654 699 super-5

116 719 234 763 fusus
266 720 400 762 amnis
428 719 657 775 palustrem
685 718 967 774 humilemque
996 718 1173 761 insulam
1205 719 1249 760 in
1289 719 1441 762 faciem
1483 719 1622 775 stagni

117 794 313 850 opplevit.
372 794 461 837 Nec
492 794 642 837 classis
673 797 743 837 aut
773 798 1031 836 commeatus
1060 794 1264 847 aderant,
1315 798 1537 849 castraque
1577 794 1621 836 in

46 867 240 924 apiano
282 869 362 911 sita
388 869 434 910 rvi
473 869 653 911 fluminis
691 868 1004 911 differebantur.
1073 868 1264 911 Potuisse
1302 873 1400 910 tunc
1444 869 1622 923 opprimi

115 943 323 999 legiones,
354 948 396 986 et
425 943 610 986 voluisse
641 942 888 996 Germanos,
921 943 996 986 sed
1027 943 1126 985 dolo
1146 956 1169 985 a
1188 956 1236 985 se
1253 943 1387 986 flexos
1406 944 1622 998 imputavit

116 1013 275 1060 civilis.
348 1018 495 1073 Neque
536 1019 736 1062 abhorret
778 1030 907 1070 vero,
949 1017 1116 1072 quando
1154 1018 1299 1072 paucis
1338 1021 1434 1071 post
1471 1018 1618 1060 diebus
1633 1026 1673 1055 ιο

117 1088 274 1135 deditio
304 1092 493 1136 insecuta
524 1097 600 1136 est.

252 1251 287 1285 2.
313 1249 427 1284 nichil
452 1247 518 1284 Ma.

115 1300 207 1346 flexu
232 1298 328 1343 (3³1³,
354 1309 427 1333 non
451 1299 559 1344 [lm.

116 1347 307 1382 auctumni.

116 1446 239 1481 annis
266 1445 440 1492 distingui
466 1446 612 1491 nequit:
639 1445 667 1480 G
692 1446 819 1479 amnis.

117 1563 159 1598 Η.
190 1563 220 1597 V
249 1562 305 1598 19.

404 1567 442 1596 ut
467 1573 506 1596 eo
531 1567 669 1596 terrore
695 1583 741 1588 —
769 1563 827 1596 in-

620 1248 751 1284 lmusus
775 1246 841 1284 Ma.

668 1298 828 1333 autumni
852 1297 891 1340 G,
918 1303 958 1331 ut
986 1296 1072 1331 alibi
1102 1295 1178 1331 Ma:
1206 1296 1364 1331 Orellius
1390 1307 1486 1331 nunc
1511 1298 1622 1332 tacite

380 1346 419 1381 id
452 1353 583 1394 tempus
619 1347 760 1382 editor:
802 1348 839 1380 in
879 1345 934 1381 ma
964 1345 1128 1380 defectus
1154 1344 1302 1379 duarum
1331 1345 1550 1389 litterarum,
1585 1352 1621 1381 et

116 1400 190 1431 tum
213 1397 306 1442 Ῑὶἰιῖ.
334 1396 363 1431 G
388 1396 521 1430 crebri·
540 1395 757 1442 pluvialibus
782 1394 961 1429 imbribus.

888 1444 923 1479 9.
950 1444 1022 1489 inp.
1049 1441 1116 1478 hia.

660 1094 764 1137 Nam
797 1092 973 1135 Cerialis
1003 1104 1079 1147 per
1108 1092 1298 1134 occultos
1328 1092 1497 1134 nuntios
1534 1092 1621 1134 Ba-

946 1249 982 1284 4.
1011 1248 1166 1282 intactas
1191 1246 1264 1283 Ma:
1290 1248 1442 1283 intactos
1468 1248 1509 1283 G.
1586 1249 1621 1284 5.

1068 1394 1103 1429 6.
1132 1399 1249 1428 utrum
1276 1396 1313 1428 in
1340 1393 1393 1429 Ma
1418 1395 1548 1429 animis
1574 1405 1620 1429 an

976 1559 1129 1595 Cerialis
1157 1580 1203 1586 -—
1225 1559 1434 1605 populatus:
1461 1561 1619 1596 adventu

116 1612 401 1658 terciperenlur:
427 1621 475 1645 ne
514 1615 735 1645 commeatus
771 1616 854 1656 per·
903 1611 1030 1645 classis
1057 1619 1169 1643 naves
1195 1608 1240 1642 ad
1265 1609 1486 1654 iungendum
1522 1620 1616 1654 pon-

119 1656 252 1695 Mosam
281 1660 317 1693 et
348 1658 533 1702 Vahalem,
560 1669 643 1693 mox
668 1659 832 1694 Rhenum

120 1710 156 1743 in
182 1706 404 1754 provinciam
429 1707 638 1742 inferiorem
665 1713 702 1744 et
721 1719 833 1753 supe-

119 1758 251 1792 riorem
277 1755 467 1801 pervenire
489 1761 650 1801 possent,
668 1756 733 1791 sed
751 1762 834 1792 ante

119 1818 140 1842 a
166 1806 282 1841 classe
309 1805 526 1840 Batavorum
545 1811 770 1850 caperentur.

202 1865 374 1900 miraculo
412 1866 525 1910 magis
567 1877 671 1911 quam
718 1872 833 1900 metu.-

121 1914 331 1950 miraculum
361 1919 415 1948 est
442 1913 569 1948 Civilis
590 1915 669 1959 ipse
685 1919 721 1949 et
737 1914 834 1949 clas-

122 1966 172 1999 sis
198 1962 414 1998 Batavorum
440 1962 625 1997 insolitum
639 1963 707 1998 sibi
722 1972 834 2007 ausa‚·

122 2011 296 2048 mirae-nto
322 2011 420 2046 valet
445 2011 487 2046 ob
501 2009 722 2055 miraculum,
748 2022 833 2054 non,

120 2067 160 2097 nt
187 2062 443 2105 interpretatur
468 2059 609 2106 Lipsius
642 2061 740 2106 ‘quia
763 2061 834 2094 rni-

119 2110 264 2146 rabatur
291 2108 445 2144 Civilem
465 2108 535 2144 hoc
550 2109 706 2145 audere'.
747 2106 834 2143 Nam

119 2158 330 2194 miraculum
374 2163 438 2203 pro
486 2159 676 2193 miratione
715 2168 834 2204 neque

120 2209 263 2244 Tacitus
288 2217 407 2253 neque
421 2206 483 2242 alii
506 2207 622 2242 Latini
640 2209 835 2253 scriptores

121 2256 301 2291 dixerunt.

176 2305 306 2339 direxit
334 2302 482 2337 classem
498 2304 582 2348 (gab
594 2304 713 2337 semer
725 2303 836 2337 Ftoue

122 2354 178 2387 die
217 2352 393 2396 nicheunq
427 2362 539 2396 qeqen
578 2351 646 2385 den
682 2351 835 2395 Fama).-

125 2399 167 2436 li.
196 2399 244 2435 iv
275 2398 317 2435 16
344 2399 480 2433 directa
504 2411 549 2433 ex
572 2399 708 2434 diverso
724 2400 832 2434 acies.

124 2450 330 2484 Advenerat
356 2459 376 2482 a
415 2446 606 2482 Veteribus
644 2448 768 2482 classis
801 2449 837 2481 in

126 2497 298 2532 Vahalem
340 2498 516 2542 ingressa,
559 2498 628 2531 iam
674 2501 757 2530 ante
801 2501 839 2530 ut

124 2546 265 2582 adesset
291 2548 400 2586 iussa,
427 2554 462 2579 v.
489 2545 534 2579 ad
561 2556 592 2580 c.
620 2547 678 2582 21.

194 2596 247 2629 his
273 2597 400 2640 flumen
425 2594 637 2629 secundum.-
677 2595 715 2629 ln·
751 2599 832 2628 sunt

123 2644 286 2685 Romani,
312 2642 366 2676 itti
390 2642 530 2676 Batavi.

192 2698 293 2725 trans
319 2690 479 2725 Rhenum
519 2691 725 2724 concessus
751 2690 838 2723 dicit

126 2739 290 2774 Rhenum
314 2738 469 2772 divisum
498 2749 515 2771 a
545 2741 644 2783 parte
681 2737 840 2772 Orientis

122 2788 338 2823 Batavorum
358 2787 512 2820 insulam
535 2787 755 2832 cingentem.
782 2786 836 2821 Ad

124 2836 259 2871 Frisios
289 2834 417 2869 Civilis
444 2846 483 2869 se
501 2836 651 2879 recepit,
677 2839 717 2868 ut
730 2845 835 2868 mon-

124 2890 237 2919 strant
263 2884 373 2918 verba
400 2896 432 2918 c.
460 2886 531 2919 24:
570 2884 720 2929 potuisse
756 2890 839 2917 tunc

125 2934 275 2980 opprimi
300 2933 474 2979 legiones,
511 2937 541 2966 et
569 2931 717 2966 volocisse
746 2933 838 2967 Ger-

125 2992 247 3017 manos
274 2986 344 3016 cet,

902 1664 972 1693 tem
1019 1658 1178 1692 aderant.
1237 1656 1389 1692 Cerialis
1443 1657 1616 1693 Vahalem

900 1713 1145 1753 transgressus
1170 1705 1240 1740 iam
1268 1705 1423 1740 insulam
1454 1706 1616 1742 Batavo..

898 1767 975 1790 rum
1003 1755 1207 1800 occupavit.

972 1806 1065 1850 lle-vu
1091 1804 1250 1837 autumni
1274 1808 1307 1837 et
1332 1802 1465 1837 crebris
1487 1815 1554 1849 per
1578 1804 1617 1837 id

899 1860 1031 1899 tempus
1055 1852 1243 1886 imbribus.-
1282 1861 1351 1898 ego
1387 1861 1450 1895 pro
1478 1852 1615 1886 duabus

899 1903 1031 1937 litteris
1058 1902 1094 1935 in
1121 1899 1175 1935 Ma
1206 1900 1369 1934 evanidis
1404 1900 1443 1933 id
1478 1911 1615 1946 suppe-

900 1962 1025 2005 ditavi,
1052 1965 1173 1995 notam
1204 1960 1281 2006 ῇιίιῖ
1316 1970 1360 1994 ex
1384 1951 1475 2006 Ῑρῦ,
1504 1960 1538 1993 h.
1582 1970 1614 1994 e.

900 2017 1041 2057 tempus,
1067 2010 1243 2044 detortam
1259 2019 1339 2043 esse
1358 2007 1477 2043 credo.
1506 2007 1616 2042 Certe

896 2071 963 2106 per
986 2059 1024 2093 id
1047 2064 1179 2105 tempus
1203 2059 1312 2092 unice
1338 2057 1510 2092 convenit
1552 2068 1616 2091 ce-

899 2110 998 2143 teris.
1027 2107 1229 2141 Infeliciter
1251 2105 1408 2141 Orellius
1434 2107 1618 2152 suggessit

896 2169 963 2203 per
971 2156 1242 2201 aequinoctium,
1256 2155 1500 2189 coniecturam
1514 2165 1618 2199 pror-

899 2216 960 2239 sus
1001 2203 1170 2239 alienam.
1217 2204 1305 2238 Nam
1349 2203 1618 2248 aequinoctium

901 2259 955 2289 cst
982 2254 1183 2297 incipiente
1210 2257 1391 2293 autumno,
1419 2250 1454 2284 h.
1485 2262 1518 2285 e.
1557 2252 1617 2285 die

900 2304 945 2338 21
985 2301 1230 2346 Septembris,
1271 2311 1313 2334 ac
1358 2304 1430 2332 tum
1471 2300 1507 2332 in
1545 2299 1618 2333 illis

901 2351 1005 2384 terris
1036 2350 1248 2394 plerumque
1272 2357 1401 2382 serena
1416 2351 1452 2381 et
1468 2357 1620 2381 amoena

903 2402 1110 2443 tempestas.
1164 2396 1306 2431 Tacitus
1333 2405 1420 2430 vero
1446 2394 1491 2430 de
1524 2396 1618 2440 tie-ru

902 2448 1063 2482 autumni
1088 2456 1184 2480 nunc
1210 2445 1381 2491 loquitur,
1419 2443 1454 2477 h.
1494 2455 1528 2478 e.
1571 2443 1616 2479 (le

902 2495 1093 2530 Novembri
1131 2504 1279 2537 mense,
1328 2504 1372 2528 ac
1417 2497 1491 2526 tum
1531 2503 1618 2527 sane

904 2545 1049 2589 pluviae
1086 2543 1291 2589 imbresque
1335 2541 1547 2587 plerumque
1580 2543 1617 2575 in

903 2593 1119 2627 Batavorum
1151 2591 1268 2626 insula
1303 2595 1339 2624 et
1376 2590 1481 2624 terris
1517 2590 1618 2626 Rhe-

904 2643 1018 2676 nanis.
1058 2640 1182 2675 mem
1216 2640 1396 2683 autumni„
1440 2642 1478 2670 ut
1509 2639 1619 2683 flexus

904 2691 1031 2725 aetatis
1066 2689 1159 2734 apud
1188 2688 1399 2723 Ciceronem
1427 2686 1490 2731 (de
1518 2685 1575 2720 Or.
1601 2685 1618 2720 1

909 2742 948 2782 1,
974 2748 1037 2784 pro
1065 2737 1163 2772 Cael.
1195 2738 1274 2781 31),
1307 2736 1351 2769 de
1377 2738 1546 2768 autumno
1573 2734 1619 2768 ad

906 2787 1012 2822 {inem
1055 2789 1230 2831 vergente
1281 2788 1318 2817 et
1362 2782 1517 2816 medium
1562 2783 1618 2816 sui

906 2841 1045 2879 tempus
1083 2843 1230 2880 egresso
1270 2831 1423 2874 dicitur,
1460 2831 1618 2877 imagine

908 2887 1046 2927 sumpta
1074 2894 1093 2916 a
1119 2882 1214 2916 flexu
1241 2885 1371 2914 metae.

982 2930 1068 2975 Gap.
1096 2930 1154 2964 24.
1181 2935 1214 2963 et
1241 2928 1389 2962 votuisse
1403 2928 1618 2962 Germanos.-

909 2978 1138 3024 caute·ponit
1166 2978 1373 3020 Germanos,
1410 2974 1445 3011 h.
1486 2986 1518 3010 e.
1556 2977 1619 3010 0⁰5
