1768 3216
147 238 219 275 ³36
349 254 370 271 n

146 355 309 390 invidere
337 358 372 387 et
397 353 511 387 livere
538 351 566 386 Ο
594 353 653 388 25.

146 417 213 461 ipsi
238 414 417 461 significat
443 414 542 448 cives
565 413 688 458 oppidi
709 414 869 458 proxime

195 475 368 509 nominati
397 479 432 509 et
457 475 673 509 contrarium
696 479 750 509 est
767 485 871 509 moe-

192 536 290 570 nium
320 536 347 569 H
375 536 396 569 3
423 535 482 570 57.
525 536 560 569 in
595 536 744 569 transitu
776 536 869 570 scri-

193 597 304 641 ptoris
332 607 352 630 a
377 600 471 630 terra
498 595 541 630 ad
568 596 706 630 incolas
736 595 763 630 G
789 596 823 630 2.

143 656 197 690 ire
224 666 303 689 cum
329 656 457 700 supino
483 655 512 688 H
542 657 558 690 1
589 655 647 690 37.

138 714 278 750 ‘isdem’
311 715 370 750 vel
411 714 572 749 ‘eisdem'
607 713 736 749 melius
764 725 867 760 quam

185 774 338 809 ‘iisdem’
373 777 388 808 1
420 776 475 810 17.

140 834 206 870 Isis
233 835 532 880 apudGermanos
559 839 613 870 est
630 835 754 879 Ertha,
781 836 804 872 i.
834 846 866 870 e.

189 895 295 930 Terra
322 895 349 930 G
376 895 398 930 9
428 901 464 930 et
488 896 547 931 40.

140 957 190 990 ita
216 956 260 991 ad
284 956 446 1001 proxima
471 955 623 991 relatum
651 956 682 990 A
712 954 766 990 10.

141 1017 286 1051 Italicus
310 1018 389 1062 ipse
417 1016 462 1051 de
490 1027 529 1051 se
556 1017 677 1060 iactat,
704 1026 774 1049 non
802 1014 864 1049 alii

192 1080 231 1113 11
268 1078 323 1112 17.

140 1139 210 1172 iter
239 1138 395 1172 militare
424 1137 466 1172 15
500 1137 554 1172 16.

139 1199 269 1233 iterum
304 1199 340 1232 in
378 1197 564 1232 consulum
604 1206 862 1230 commemora-

186 1259 286 1292 tione
315 1258 358 1292 13
384 1258 443 1291 31.

139 1317 333 1352 Iornandes
362 1321 545 1350 correctus
560 1316 722 1350 Prooem.
752 1327 781 1350 c.
805 1317 863 1351 25.

138 1378 270 1413 Iudaea
297 1377 340 1411 ab
356 1377 519 1423 Augusto
547 1386 661 1421 usque
687 1375 730 1409 ad
754 1374 865 1410 Clau-

187 1437 235 1472 dii
262 1437 501 1482 principatum
530 1436 637 1470 modo
659 1436 868 1480 provinciae

189 1498 315 1542 Syriae
342 1497 461 1531 addita
493 1502 587 1541 erat,
622 1496 727 1530 modo
761 1508 780 1531 a
806 1507 867 1531 re-

186 1557 291 1604 gibus
319 1557 518 1591 habebatur
548 1558 587 1591 12
616 1557 674 1593 23.
704 1556 864 1590 eiusdem

183 1617 248 1652 sub
276 1617 425 1652 Claudio
460 1618 624 1662 principe
651 1621 858 1662 procurato-

182 1689 239 1713 res
263 1678 442 1712 Antonius
480 1677 583 1713 Felix
610 1683 646 1712 et
665 1678 854 1713 Ventidius

186 1738 364 1773 Cumanus
401 1740 444 1774 12
481 1738 538 1773 54.
579 1739 656 1772 eius
695 1739 855 1783 caputii

183 1800 204 1834 5
231 1799 265 1834 8.

134 1859 259 1894 Iudaei
302 1859 563 1904 Hierosolymis
602 1859 739 1894 obsessi
778 1864 865 1905 quot

183 1920 319 1954 fuerint
347 1921 376 1954 ll
407 1921 427 1955 5
452 1921 506 1955 13.

132 1979 241 2014 iudex
279 1980 461 2014 silentium
507 1981 697 2025 impatiens
733 1979 862 2014 indicit

183 2040 212 2074 0
247 2040 305 2075 39.

136 2098 269 2132 iudicia
302 2100 499 2133 maiestatis
540 2102 553 2133 1
585 2102 643 2136 72.
688 2100 860 2134 iudicium

181 2158 330 2203 explere
360 2159 387 2192 ll
415 2158 439 2194 4
464 2158 522 2193 40.

132 2218 274 2252 iudiciis
300 2224 506 2264 corruptum
534 2220 569 2252 in
587 2219 743 2264 publicis
764 2219 860 2254 036.

133 2278 263 2312 iudicis
289 2284 408 2323 partes
442 2279 630 2314 adversum
657 2278 856 2313 Germanici

179 2340 326 2384 stirpem
355 2339 506 2374 Seianus
532 2339 724 2374 simulabat
752 2340 775 2374 4
798 2339 856 2374 59.

128 2399 220 2434 Iulia
244 2400 399 2446 Augusti
435 2400 528 2444 filia,
566 2400 751 2447 Agrippae
778 2399 858 2434 col-

175 2459 295 2494 locata
325 2462 342 2494 1
369 2461 404 2495 3.

129 2519 214 2554 Iulii
239 2530 369 2554 nomen
395 2520 566 2565 frequens
605 2520 696 2565 apud
725 2531 855 2565 proce-

177 2590 236 2614 res
263 2579 443 2614 Gallorum
473 2582 501 2615 H
529 2581 552 2614 4
578 2580 636 2615 68.

128 2639 213 2675 Iulii
242 2641 397 2676 Secundi
424 2642 580 2675 oratoria
605 2640 747 2675 indoles
780 2640 855 2676 02.

130 2702 283 2747 iungere
311 2706 456 2745 pontem
486 2703 503 2736 1
532 2700 590 2736 49.

133 2760 177 2795 M.
205 2760 329 2796 Iunius
356 2761 499 2796 Silanus
517 2761 672 2807 Augusti
698 2761 857 2806 abnepos

176 2821 220 2855 13
252 2823 281 2854 1.

127 2879 220 2914 Iunii
245 2880 367 2915 Blaesi
397 2880 467 2914 duo
499 2891 571 2915 non
600 2880 854 2916 commiscendi

174 2941 205 2975 H
235 2942 252 2974 1
281 2940 338 2976 59.

819 231 963 270 INDEX

920 355 999 388 iura
1024 352 1232 387 libertorum
1262 353 1287 388 i.
1309 363 1341 388 e.
1368 351 1448 386 iura
1473 351 1568 387 circa
1592 351 1642 388 li-

969 414 1090 449 bertos
1118 415 1144 448 n
1172 415 1195 449 2
1221 413 1280 449 92.

919 475 1038 509 iurare
1063 475 1099 508 in
1127 474 1238 508 verba
1267 475 1283 508 1
1313 474 1347 508 7.

918 535 996 569 iura
1021 535 1289 570 successionum
1317 534 1345 568 G
1368 534 1430 570 32.

920 596 999 630 iure
1021 595 1171 629 iurando
1195 595 1422 641 obstringere
1447 594 1470 628 4
1495 593 1555 628 31.

918 656 1006 688 iuris
1029 654 1169 689 dicendi
1199 659 1358 699 potestas
1386 655 1422 688 in
1443 652 1640 698 provinciis

965 714 1009 748 ab
1036 716 1200 760 Augusto
1229 718 1265 748 et
1292 713 1374 748 aliis
1399 713 1593 759 equitibus,
1620 723 1642 747 a

961 774 1112 809 Claudio
1139 774 1278 809 libertis
1305 783 1478 808 concessa
1507 774 1551 808 12
1579 773 1639 809 60.

918 835 1078 880 iurisque
1111 836 1278 870 executio
1315 834 1466 879 Cincio,
1511 834 1640 879 copiae

964 895 1137 930 militares
1189 895 1386 930 Corbuloni
1442 894 1640 941 permissae

964 956 1188 990 emendatum
1224 957 1265 991 15
1292 957 1349 991 25.

915 1015 1115 1049 iurisdictio
1155 1017 1177 1049 i.
1210 1027 1240 1050 e.
1272 1016 1328 1049 ius
1362 1014 1504 1050 dicendi
1532 1019 1638 1060 pote-

966 1081 1038 1110 stas
1064 1077 1100 1110 in
1129 1077 1245 1110 causis
1270 1076 1419 1120 privatis
1445 1075 1478 1110 A
1505 1075 1539 1111 6.

915 1137 970 1170 ius
992 1136 1308 1182 auspiciumqueH
1334 1137 1358 1171 4
1383 1136 1442 1172 69.
1472 1136 1527 1170 ius
1546 1136 1638 1171 ima-

963 1197 1084 1241 ginum
1111 1195 1139 1230 Ο
1171 1198 1224 1230 11.

914 1256 968 1289 ius
993 1255 1084 1289 Latii
1111 1254 1321 1299 proceribus
1360 1256 1455 1289 viam
1494 1255 1638 1290 munie-

963 1315 1024 1349 bat
1071 1315 1113 1349 ad
1154 1316 1336 1350 civitatem
1373 1316 1566 1352 Romanam
1603 1320 1640 1352 et

963 1375 1119 1409 honores
1149 1377 1191 1409 15
1214 1376 1274 1410 32.

919 1435 974 1469 ins
1003 1436 1179 1480 praetoris
1206 1437 1226 1470 2
1255 1436 1312 1471 77.
1341 1435 1384 1470 ad
1411 1437 1467 1470 ius
1492 1441 1639 1482 praeto-

966 1497 1014 1530 ris
1041 1496 1226 1531 transferri
1253 1497 1276 1531 2
1302 1496 1360 1532 56.
1400 1497 1455 1532 ius
1481 1498 1638 1532 civitatis

966 1555 993 1591 Ο
1032 1557 1091 1591 32.
1143 1558 1199 1590 ius
1244 1557 1406 1603 suffragii
1444 1557 1637 1592 Caesarum

957 1616 1178 1661 temporibus
1207 1616 1345 1651 nullum
1373 1619 1413 1652 11
1446 1618 1505 1653 23.
1544 1628 1636 1652 con-

954 1677 1073 1712 sulare
1115 1679 1170 1712 ius
1222 1678 1444 1712 tribunorum
1484 1678 1634 1714 militum

958 1740 1047 1784 (non
1087 1743 1265 1785 potestas)
1297 1740 1311 1772 1
1344 1740 1374 1773 1.

914 1800 1005 1833 iusta
1030 1799 1170 1845 augurii
1201 1799 1244 1834 14
1270 1799 1327 1835 20.

914 1860 1089 1894 iustitium
1123 1863 1183 1893 aut
1208 1859 1376 1905 gaudium
1407 1860 1422 1893 1
1454 1859 1529 1894 16.-

912 1919 1091 1954 iuvenalis
1129 1924 1164 1954 et
1200 1920 1371 1954 iuvenilis
1403 1921 1446 1955 13
1471 1920 1530 1955 47.
1576 1919 1636 1954 lu-

960 1980 1059 2014 dicro
1086 1979 1309 2014 Iuvenalium
1328 2006 1338 2024 ,
1365 1990 1436 2014 non
1464 1980 1633 2015 iuvenum

958 2041 986 2074 H
1014 2041 1037 2075 3
1064 2039 1122 2075 62.

911 2099 1092 2134 Iuvenalis
1120 2106 1302 2134 correctus
1332 2101 1358 2134 H
1382 2099 1406 2134 4
1437 2100 1491 2136 10.

908 2160 1075 2193 iuvenior
1102 2159 1129 2194 G
1157 2160 1214 2196 24.

911 2220 1080 2254 iuventus
1118 2219 1153 2253 h.
1189 2231 1221 2254 e.
1260 2220 1430 2254 iuventus
1457 2219 1635 2265 equestris

960 2281 976 2312 1
1004 2281 1039 2314 3.

908 2339 1007 2373 iuxta
1043 2338 1137 2373 idem
1172 2339 1266 2385 quod
1307 2349 1419 2384 prope
1455 2338 1632 2373 accedens

957 2399 1000 2434 ad
1027 2399 1055 2434 G
1082 2400 1139 2435 31.

906 2520 979 2554 labi
1004 2531 1081 2554 cum
1109 2520 1268 2554 ablativo
1297 2521 1326 2554 H
1355 2520 1377 2553 3
1402 2519 1461 2554 29.

908 2581 1072 2615 laborare
1103 2591 1180 2615 cum
1209 2580 1415 2614 accusativo
1443 2578 1577 2613 obiecti
1604 2578 1632 2613 G

956 2642 1015 2676 45.
1044 2652 1165 2686 parum
1192 2627 1375 2675 laboratur
1400 2639 1428 2673 0
1453 2638 1511 2674 29.

906 2701 1058 2736 lacunae
1104 2712 1195 2747 quae
1237 2704 1411 2734 vocantur
1445 2700 1481 2733 in
1518 2699 1631 2733 'l'aciti

955 2761 1058 2795 libris
1083 2762 1105 2796 3
1137 2760 1181 2796 14
1217 2765 1252 2795 et
1286 2760 1327 2795 16
1355 2765 1390 2794 et
1415 2760 1482 2803 47,
1521 2763 1547 2794 4
1571 2760 1629 2802 53,

953 2819 1631 2864 54,640‚118et38,126et

955 2881 1024 2924 54,
1055 2881 1098 2914 14
1124 2881 1189 2924 59,
1228 2882 1270 2916 15
1300 2881 1342 2914 51
1384 2885 1419 2914 et
1448 2880 1491 2914 71
1523 2884 1559 2913 et
1583 2879 1629 2917 72

953 2945 989 2975 et
1016 2940 1147 2986 73,16
1172 2941 1231 2978 26.
1259 2942 1292 2979 H
1321 2942 1338 2976 1
1365 2941 1401 2986 2,
1428 2941 1451 2977 2
1476 2939 1536 2984 68,
1562 2939 1629 2977 36
