1768 3216
1442 239 1474 262 a.
1502 237 1538 262 u.
1565 224 1651 264 823.

157 232 229 268 386
752 224 1057 262 HISTORIARVM

158 348 274 390 cuius
306 357 352 387 os
382 344 514 384 lectae
544 352 697 383 arenae
728 340 911 383 admixto
956 341 1065 383 nitro
1095 341 1138 382 in
1167 341 1317 384 vitrum
1349 347 1650 398 excoquuntur.

155 422 360 464 Modicum
392 418 431 458 id
465 417 558 457 litus
589 415 665 457 sed
699 416 967 470 egerentibus
999 416 1303 458 inexhaustum.

288 494 436 545 Magna
466 502 562 544 pars
594 489 772 532 Iudaeae
801 490 909 532 vicis
941 490 1195 545 dispergitur
1205 504 1217 541 3
1247 490 1403 533 habent
1423 494 1464 533 et
1483 489 1691 544 oppid‚a.8

152 566 441 620 Hierosolyma
438 565 621 635 ,ἓξὲξ
621 568 755 630 caput.
803 565 890 607 lllic
922 565 1150 607 immensae
1178 565 1414 620 opulentiae
1440 564 1650 620 templum,

0 653 45 700 ’ᾳῇ
121 646 193 687 set
222 642 364 696 primis
398 640 658 682 munimentis
689 640 803 692 urbs,
839 640 934 682 dein
965 641 1099 696 regia,
1130 641 1324 696 templum
1349 641 1505 695 intimis
1532 640 1653 684 clau-

9 701 254 777 &pff-{sum
313 716 378 757 Ad
412 715 525 757 fores
554 719 708 758 tantum
740 715 894 757 Iudaeo
926 715 1092 768 aditus3
1123 715 1278 773 limine,
1308 704 1484 770 praete?
1504 727 1653 759 sacer-

154 791 287 843 dotes,
321 790 585 832 arcebantur.

284 865 390 907 Dum
429 865 632 920 Assyrios
674 877 802 920 penes
843 865 1073 919 Medosque
1111 870 1152 908 ct
1179 866 1327 908 Persas
1370 866 1521 908 Oriens
1560 865 1650 918 suit,

151 940 467 994 despectissima
504 953 601 994 pars
632 941 931 982 servientium:
974 945 1191 995 postquam
1232 941 1486 984 Macedones
1526 953 1653 995 prae-

101 1020 338 1070 iopotuere,
371 1028 447 1058 rex
463 1015 695 1057 Antiochus
728 1004 896 1058 demere
924 1016 1263 1070 superstitionem
1294 1020 1334 1059 et
1357 1029 1495 1059 mores
1515 1015 1652 1058 Grae-

302 1178 331 1210 1.
359 1175 446 1209 lecte
473 1175 632 1210 harenae
661 1173 727 1218 Ma,
755 1176 935 1210 coniectae
968 1174 1103 1222 harene
1131 1175 1171 1209 G.
1282 1176 1393 1222 nitro]
1423 1175 1515 1210 uitro
1543 1174 1650 1209 GMa:

152 1229 350 1258 correctum
378 1226 414 1258 in
442 1224 470 1258 R
499 1229 534 1258 et
559 1235 578 1258 a
606 1224 791 1258 Rhenano.
893 1229 1109 1258 excocuntur
1134 1222 1200 1258 Ma.
1280 1226 1313 1259 2.
1352 1223 1414 1258 sed
1438 1222 1651 1258 Rhenanus:

151 1272 235 1308 GMa
261 1279 302 1307 et.
379 1274 415 1308 4.
443 1274 539 1318 yenn'
565 1271 636 1306 Ma:
663 1274 775 1318 yentis
802 1272 840 1306 G.
931 1273 1015 1307 inm.
1042 1271 1108 1306 Ma.
1193 1273 1226 1308 5.
1255 1273 1296 1306 de
1324 1273 1379 1317 (in
1408 1282 1534 1307 versus
1560 1271 1650 1318 line)

148 1323 249 1368 inqia
276 1322 352 1356 Ma:
382 1323 538 1356 correxit
562 1321 674 1356 Iosias
702 1321 894 1356 Mercerus.
968 1322 1002 1357 8.
1031 1332 1204 1367 persaccas
1232 1321 1311 1356 Ma:
1340 1320 1368 1356 G
1389 1332 1526 1368 persas.
1595 1321 1650 1356 10.

149 1383 244 1416 grec.
277 1369 341 1405 Ma.

153 1521 188 1550 et
214 1515 272 1557 50,
299 1515 343 1548 Ν
370 1516 414 1549 31
443 1519 478 1548 et
500 1516 560 1558 36,
593 1515 620 1548 V
647 1514 682 1556 8,
714 1514 757 1548 vl
783 1516 805 1550 3
833 1520 867 1548 et

154 1567 210 1600 14.
240 1563 293 1597 De
314 1563 402 1597 Belo
423 1563 560 1597 Plinius
583 1564 609 1597 V
641 1564 695 1606 17,
724 1563 868 1598 XXXVI

150 1614 209 1648 65.
344 1623 478 1645 arenae
513 1633 559 1639 —
600 1617 867 1656 excoquuntur:

152 1661 198 1696 cf.
225 1660 314 1694 Plin.
343 1661 489 1695 XXXVI
514 1661 560 1696 65
589 1666 624 1694 et
646 1660 705 1695 66.

237 1710 410 1743 modicum
434 1710 471 1743 id
501 1710 604 1743 litus:
645 1709 772 1743 ‘Plinio
801 1720 868 1743 au-

153 1762 250 1792 ctore
284 1759 552 1803 quinyentorum
578 1760 743 1803 passuum
780 1769 868 1802 spa-

151 1808 223 1850 tio,
260 1807 414 1851 Iosepho
449 1806 489 1840 B.
520 1805 594 1840 lud.
622 1806 652 1840 lt
678 1807 701 1841 9
727 1808 792 1851 (10
825 1807 866 1851 2)

153 1861 289 1889 centum
314 1856 530 1890 cubitorum:
556 1854 650 1889 unde
667 1854 867 1888 Bocliartus

153 1903 297 1938 llieroz.
326 1905 348 1938 2
367 1904 387 1938 5
414 1904 437 1939 9
464 1905 499 1937 in
517 1903 632 1936 Plinio
659 1903 753 1937 hene
781 1913 868 1937 cor-

151 1953 238 1996 rigit
264 1952 538 1996 quinquaqinta,
569 1956 606 1984 ut
632 1952 701 1985 iam
729 1953 867 1985 monuit

152 1999 341 2042 Ryckius:
370 2011 450 2033 nam
479 2001 525 2035 50
550 2009 674 2043 passus
708 2001 774 2035 100
801 2011 868 2034 cu.-

152 2047 246 2080 bitos
287 2047 461 2082 efficiunt.
542 2048 698 2081 Isidorus
744 2049 785 2082 16
826 2049 867 2082 15

153 2097 301 2140 quinquo
327 2095 472 2138 milium,
501 2096 690 2130 manifeste
717 2097 868 2131 confusa

152 2145 261 2177 totius
289 2144 444 2178 fluminis
474 2155 639 2178 mensura
669 2144 760 2189 apud
792 2144 867 2178 Pli-

152 2193 250 2226 nium
278 2203 356 2226 cum
374 2203 540 2227 mensura
567 2193 682 2227 litoris
697 2191 866 2227 arenosi’.

151 2241 366 2275 Ensesrms

227 2288 313 2334 Cap.
335 2289 371 2324 8.
412 2289 662 2335 Hierosolyma
678 2291 775 2335 genti
801 2301 866 2324 ca-

146 2344 209 2383 pnt
233 2337 450 2383 (Jerusalem
475 2338 538 2383 qiu
565 2339 641 2373 dem
683 2339 787 2373 Volke
814 2340 868 2373 als

152 2386 406 2431 Ilauptstaclt).·
457 2387 624 2420 Romanis
661 2392 696 2420 et
734 2389 867 2421 exteris

130 2454 133 2456 -
151 2434 319 2479 gentibus
338 2445 408 2467 non
422 2435 683 2478 Hierosolyma,
697 2435 758 2469 sed
772 2436 866 2470 Cae-

149 2493 255 2515 sarea
281 2489 384 2527 caput
399 2483 555 2516 Iudaeae
582 2484 663 2526 fuit,
694 2483 802 2528 idque
822 2484 866 2518 ab

150 2531 228 2574 ipso
259 2531 381 2564 Tacito
424 2531 466 2565 fl.
503 2532 533 2564 11
566 2531 611 2565 79
651 2532 865 2575 appellatur,

147 2578 212 2613 sed
245 2578 380 2623 populo
408 2578 619 2613 ludaeorum
652 2579 866 2623 Hierosoly-

149 2637 229 2670 ma,
267 2627 328 2661 ubi
356 2637 545 2661 commune
571 2628 680 2660 totius
707 2629 866 2661 nationis

148 2675 335 2719 templum.
384 2675 534 2709 Perinde
562 2675 719 2709 dativum
747 2677 867 2720 posuit

148 2724 184 2756 in
211 2724 319 2757 simili
355 2724 545 2758 verborum
584 2723 825 2758 collocatione
853 2724 866 2758 l

149 2771 217 2808 56:
261 2774 404 2806 incenso
435 2773 561 2806 Mattio
602 2773 657 2818 (id
679 2773 776 2817 yenti
801 2784 866 2807 ca-

147 2821 234 2865 put).
262 2820 377 2854 Aliter
396 2832 434 2855 se
461 2820 592 2855 habent
619 2821 730 2855 verba
750 2821 797 2855 lll
819 2822 867 2856 43

149 2877 259 2910 prave
286 2879 363 2902 cum
393 2868 447 2902 his
476 2874 704 2914 comparata:
741 2869 867 2916 Λαρα-

150 2916 332 2950 stodunum
358 2923 462 2962 caput
487 2919 599 2964 gentis
620 2939 663 2946 —
693 2918 868 2953 Sacrovir

151 2971 396 3009 occupaverat.

1025 1515 1214 1549 immensae
1240 1514 1440 1560 opulentiae
1467 1512 1652 1560 templum:

940 1562 985 1596 cf.
1019 1563 1162 1608 losephi
1199 1563 1320 1608 Antiq.
1350 1562 1396 1597 111
1423 1562 1468 1606 6,
1508 1561 1587 1597 Vlll
1615 1564 1650 1598 3.

940 1610 1031 1646 Bell.
1063 1611 1138 1646 lud.
1170 1612 1198 1646 V
1229 1612 1262 1646 5.
1384 1611 1509 1657 primis
1533 1611 1653 1646 muni-

938 1662 1063 1694 mentis
1087 1660 1195 1695 urbs.-
1223 1660 1270 1695 cf.
1287 1659 1432 1704 losephi
1458 1658 1551 1694 Bell.
1577 1659 1652 1693 tud.

943 1709 971 1742 V
998 1710 1022 1744 4
1051 1710 1065 1742 1
1095 1714 1130 1743 et
1156 1709 1193 1743 2.
1271 1709 1512 1745 arcebantur.-
1546 1718 1653 1753 prae-

939 1758 1035 1791 teriti
1063 1759 1234 1802 temporis
1261 1758 1408 1792 formam
1433 1756 1543 1800 dedit,
1571 1757 1654 1802 quia

938 1816 1003 1840 suo
1040 1811 1202 1851 tempore
1231 1806 1401 1850 templum
1430 1804 1546 1848 illud,
1587 1815 1654 1839 va-

938 1859 1068 1889 statum
1093 1866 1115 1889 a
1140 1855 1230 1897 Tito,
1262 1856 1330 1889 iam
1357 1864 1429 1888 non
1456 1858 1543 1888 erat.
1590 1852 1652 1888 cf.

939 1903 1082 1947 losephi
1113 1903 1149 1937 B.
1178 1903 1252 1937 Iud.
1283 1905 1308 1936 V
1341 1904 1362 1938 5
1390 1904 1424 1938 5.

1011 1952 1090 1985 dum
1128 1952 1292 1996 Assyrios
1325 1963 1434 1997 penes
1467 1949 1655 1999 Medosque

939 2006 971 2033 et
998 2000 1124 2034 Persas
1163 2001 1289 2034 Oriens
1326 2001 1423 2044 suit.-
1466 2003 1653 2044 postquam

939 2048 1099 2093 origines
1135 2047 1346 2082 ludaeorum
1385 2047 1530 2081 tradidit
1574 2058 1605 2081 c.
1633 2047 1655 2081 2

939 2097 1030 2139 -3,
1056 2095 1140 2130 dein
1166 2106 1283 2129 mores
1312 2100 1346 2129 et
1375 2096 1538 2130 instituta
1563 2094 1654 2128 reli·

939 2145 1158 2189 gionernque
1189 2145 1348 2178 narravit
1375 2156 1405 2178 c.
1433 2143 1551 2186 4-5‚
1585 2153 1654 2187 po-

939 2198 1070 2227 stremo
1098 2197 1227 2227 terram
1255 2193 1417 2238 finesque
1444 2203 1463 2226 a
1489 2192 1606 2236 capite
1632 2191 1655 2225 6

939 2252 1052 2287 usque
1088 2241 1130 2275 ad
1165 2241 1260 2275 hunc
1298 2240 1415 2275 locum
1451 2240 1654 2284 descripsit,

938 2300 1109 2323 summam
1125 2300 1243 2323 rerum
1273 2301 1292 2324 a
1320 2289 1460 2323 ludaeis
1477 2293 1560 2322 ante
1585 2298 1655 2334 ge-

938 2343 1069 2372 starum
1098 2338 1234 2372 addidit
1261 2350 1292 2372 c.
1319 2338 1453 2373 8—13.

1028 2398 1094 2420 rex
1126 2386 1321 2420 Antiochus
1355 2406 1400 2412 —
1445 2384 1655 2419 Parthorum

939 2435 1027 2469 bello
1051 2434 1245 2480 prohibitus
1275 2441 1344 2469 est.-
1379 2435 1409 2467 is
1436 2433 1564 2477 Syriae
1589 2442 1655 2466 rex

937 2483 1140 2516 Antiochus
1166 2482 1210 2515 IV
1250 2483 1467 2528 cognomine
1492 2479 1655 2525 Epipha-

938 2541 1002 2564 nes
1031 2530 1126 2572 fuit,
1162 2531 1221 2575 qui
1256 2530 1423 2576 regnavit
1466 2527 1656 2564 176—164

938 2584 1020 2613 ante
1057 2578 1141 2612 chr.
1171 2589 1228 2621 n.‚
1271 2578 1422 2612 Iudaeos
1458 2574 1656 2610 infelicit'er

938 2627 1163 2672 oppugnavit
1209 2626 1252 2660 ab
1289 2636 1382 2662 anno
1424 2623 1652 2660 167-164.

940 2676 1019 2709 Vid.
1042 2675 1199 2719 Appiani
1227 2675 1375 2719 Syriaca
1408 2685 1437 2708 c.
1468 2674 1515 2708 45
1546 2677 1583 2708 et
1607 2671 1656 2707 46

939 2729 973 2757 ct
990 2724 1048 2766 66,
1079 2723 1223 2767 losephi
1244 2727 1328 2758 Ant.
1347 2722 1406 2757 ΧΗ
1421 2721 1529 2764 5-9,
1556 2721 1655 2755 Mac-

938 2772 1016 2807 cab.
1045 2772 1059 2805 1
1086 2783 1116 2806 c.
1153 2775 1165 2806 1
1198 2782 1231 2806 v.
1260 2774 1389 2807 21—c.
1413 2770 1436 2805 6
1462 2781 1496 2804 v.
1533 2770 1587 2804 15.

1014 2820 1227 2854 Parthorum
1254 2819 1342 2854 bello
1358 2831 1370 2853 .·
1396 2819 1556 2853 breviter
1580 2821 1655 2850 tra-

937 2869 988 2902 dit
1042 2869 1085 2902 de
1129 2868 1228 2903 bello
1281 2868 1453 2902 adversus
1506 2864 1654 2900 Parthos

937 2921 1067 2962 sponte
1092 2921 1262 2961 suscepto
1290 2916 1333 2950 ab
1359 2913 1552 2950 Antiocho.
1586 2913 1653 2947 Pro

936 2965 1076 3000 Parthis
1094 2965 1220 3001 Persas
1247 2965 1433 3000 nominant
1457 2973 1558 2999 more
1584 2972 1654 2997 an·-
