1768 3216
764 239 852 276 Gn.
880 241 901 276 7
908 241 988 276 -8,
1563 241 1635 276 173

143 365 231 396 11011
260 354 395 396 solum
423 355 530 408 apud
548 356 807 410 negot-iosos
837 360 877 396 et
906 355 1032 397 rebus
1063 356 1260 408 intentos,
1292 355 1370 398 sed
1385 356 1512 398 etiam
1531 355 1641 410 apud

144 440 304 470 vacuos
335 433 376 470 et
406 428 716 481 adolescentes,
749 429 898 483 quibus
930 430 1055 471 modo
1090 434 1131 472 et
1159 434 1275 472 recta
1306 429 1470 472 indoles
1503 434 1567 473 est
1600 434 1643 472 et

145 503 259 545 bona
288 515 384 557 spes
415 503 518 545 sui?
580 504 762 553 Quorum
789 505 956 546 nomina
988 505 1103 558 prius
1132 508 1328 558 parentes
1369 504 1514 560 liberis
1555 504 1643 546 suis

146 577 370 632 ingerunt?
429 577 543 627 Quos
571 579 739 632 saepius
769 578 918 633 vulgus
948 590 1112 632 quoque
1131 579 1364 633 imperitum
1382 582 1423 619 et
1437 578 1646 620 tunicatus

142 651 213 693 liic
241 651 415 706 populus
446 655 709 694 transeunt-es
738 653 909 694 nomine
948 657 1073 694 vocat
1104 658 1144 694 et
1184 653 1315 708 digito
1355 652 1680 697 demonstrat?⁵

146 726 352 768 Advenue
385 738 550 781 quoque
581 731 621 767 et
659 727 874 782 peregrini
909 728 991 769 iam
1030 728 1072 768 in
1111 727 1346 781 municipiis
1385 731 1426 768 et
1465 727 1646 769 coloniis

150 801 238 843 suis
269 800 448 854 auditos,
481 813 575 842 cum
605 801 780 854 primum
804 802 949 844 urbem
969 802 1207 857 attigerunt,
1236 802 1452 856 requirunt
1469 815 1518 844 ac
1534 801 1649 843 velut

105 880 384 931 Sagnoscere
416 875 730 929 concupiscunt.
789 876 936 917 Ausim
967 876 1227 917 contendere
1255 875 1496 918 Marcellum
1537 876 1648 918 bunc

147 949 343 1004 Eprium,
389 949 442 991 de
470 961 551 1003 quo
583 950 709 991 modo
740 949 904 999 locutus
937 962 1052 1003 sum,
1086 955 1126 991 et
1157 951 1344 1004 Crispum
1376 951 1539 993 Vibium
1571 951 1650 1002 (li-

149 1024 316 1071 bentius
348 1025 456 1066 enim
489 1024 613 1067 novis
646 1028 687 1065 et
716 1025 957 1067 recentibus
992 1037 1113 1079 quam
1142 1026 1315 1067 remotis
1345 1030 1386 1068 et
1403 1026 1650 1069 oblitteratis
1664 1035 1705 1066 10

277 1186 308 1218 1.
333 1184 382 1219 πό
406 1183 518 1217 solum
543 1184 636 1230 apud
660 1185 875 1229 negociosos,
912 1184 1052 1218 voculis
1078 1187 1126 1220 πό
1153 1190 1189 1219 et
1215 1185 1309 1232 apud
1332 1186 1506 1220 subducta
1532 1186 1576 1220 ab
1605 1186 1652 1221 al.

151 1242 257 1266 manu
284 1231 432 1275 lineola,
460 1232 497 1266 P.
603 1234 636 1266 2.
662 1244 795 1266 uacuos
820 1233 866 1266 P:
893 1234 1003 1267 ceteri
1030 1234 1182 1268 iuvenes.
1281 1235 1381 1268 modo
1406 1241 1506 1269 recta
1530 1234 1568 1278 P,
1590 1246 1654 1269 su·-

152 1283 351 1326 perscripto
378 1291 413 1314 v.
440 1281 540 1314 modo
567 1280 611 1314 ab
638 1280 684 1315 al.
701 1292 747 1314 m.
778 1287 877 1332 mo2g,
907 1284 967 1326 (.—-
999 1285 1153 1326 morum)
1190 1286 1225 1315 et
1248 1293 1356 1326 super
1380 1289 1479 1317 recta
1504 1283 1654 1317 Pontani

154 1351 260 1375 manu
277 1341 396 1375 addito
412 1346 467 1374 et:
488 1340 515 1374 F
531 1340 631 1374 modo
648 1347 746 1374 recta
762 1346 804 1373 et.
856 1340 892 1374 3.
919 1352 1064 1384 quorum
1089 1342 1141 1376 no*
1158 1341 1269 1385 prius,
1297 1344 1379 1376 voci
1405 1342 1454 1378 „6
1475 1353 1653 1386 superscr.

152 1389 197 1424 ab
221 1389 270 1424 al.
298 1400 345 1424 m.
374 1389 532 1431 nomina,
558 1388 595 1422 P.
622 1394 702 1432 post
727 1399 870 1433 quorum
895 1390 1099 1423 inseruntur
1127 1394 1162 1423 et
1187 1392 1382 1434 suppositis
1421 1392 1562 1435 punctis
1588 1390 1655 1425 de-

150 1437 258 1472 lenda
281 1442 451 1471 notantur
476 1443 508 1470 et
534 1442 645 1481 quoni
668 1439 715 1472 πό
738 1438 849 1482 prius.
956 1438 989 1472 4.
1013 1437 1137 1483 tculqus
1163 1435 1226 1484 «ῗιῃ
1261 1439 1457 1484 imperitum
1482 1439 1519 1473 P.
1617 1439 1652 1473 5.

151 1491 257 1520 uocat
282 1496 460 1531 superscr.
489 1485 532 1519 ab
558 1485 604 1519 al.
634 1496 679 1519 m.
708 1491 807 1518 notat
833 1484 869 1519 P.

1006 1487 1038 1520 7.
1064 1486 1159 1520 uelut
1184 1487 1262 1521 FP:
1288 1487 1400 1522 vultus
1424 1487 1652 1522 Puteolanus.
1694 1487 1699 1490 ’

153 1534 188 1570 9.
215 1546 235 1568 e
253 1546 402 1580 propum
427 1535 568 1579 punctis
595 1534 794 1567 subnotatis
822 1538 858 1568 et
883 1536 1125 1579 superscripto
1162 1536 1206 1569 ab
1232 1535 1278 1569 al.
1305 1547 1351 1570 m.
1383 1538 1516 1583 eprium
1541 1536 1589 1569 P:
1626 1535 1654 1569 F

153 1584 348 1629 proprium.
446 1583 573 1617 bibi-cm
601 1582 637 1625 P,
662 1583 776 1616 vilium
802 1582 838 1616 F.

157 1726 202 1750 ex
228 1716 390 1760 proximo
416 1725 522 1749 versu
549 1716 584 1748 in
610 1716 764 1759 priorem
791 1719 873 1748 ante

158 1774 192 1798 v.
243 1763 410 1798 inlustres
452 1763 546 1798 rnale
587 1765 740 1808 repetita
791 1768 871 1806 est,

158 1811 255 1858 quod
289 1822 332 1846 eo
366 1811 511 1846 facilius
545 1811 710 1846 accidere
743 1813 872 1856 potnit,

158 1861 188 1895 si
216 1860 254 1894 in
283 1860 484 1908 ἀρχετύπῳ
513 1861 610 1904 prior
634 1871 759 1894 versus
785 1860 874 1894 baec

160 1909 368 1943 continebat
406 1908 571 1943 inlustres
612 1915 644 1942 et
684 1910 722 1942 in
759 1915 874 1942 cetero

161 1959 244 1991 orbe
268 1963 446 1991 terrarum
475 1963 506 1991 et
530 1958 568 1991 in
593 1958 698 2000 urbe,
735 1957 826 1991 alter
854 1968 875 1990 a

160 2006 281 2040 verbis
303 2017 376 2039 non
399 2006 510 2040 solum
535 2006 743 2050 incipiebat.
803 2005 874 2039 Iam

160 2059 241 2099 post
264 2054 431 2089 inlustres
456 2054 628 2088 nonnulla
649 2053 875 2087 intercidisse

161 2107 197 2137 et
230 2113 356 2137 manca
387 2104 568 2137 sententia
607 2107 642 2136 et
677 2106 876 2136 structurae

160 2152 287 2185 vitium
329 2151 498 2186 ostendit.
558 2151 648 2185 Eum
695 2150 875 2185 defectum

162 2199 397 2245 probabiliter
430 2200 577 2244 explere
618 2204 764 2233 conatus
799 2210 875 2232 suin

163 2253 199 2282 et
224 2247 511 2292 supplementum
539 2250 574 2281 in
602 2252 774 2282 contextu
791 2258 874 2281 ver-

163 2296 287 2329 borum
314 2295 507 2337 collocavi,
534 2307 576 2330 ea
596 2295 723 2328 ductus
739 2297 876 2328 ratione

163 2354 267 2389 quam
292 2344 328 2376 in
355 2343 542 2377 Prooemio
573 2354 606 2387 p.
624 2342 696 2376 LVI
711 2344 872 2386 exposui.

164 2391 362 2426 Scribentis
390 2391 486 2425 oculi
514 2402 534 2424 a
561 2391 679 2435 priore
708 2397 740 2423 et
763 2391 802 2423 in
834 2389 878 2423 ad

163 2440 362 2485 proximum
389 2439 583 2474 deflectere
610 2438 719 2472 facile
746 2443 878 2482 potue-

163 2494 256 2523 runt.

248 2559 343 2605 apud
378 2570 507 2593 vacuos
540 2564 572 2592 et
614 2557 875 2592 adolescentes:

166 2610 290 2650 vacui,
330 2607 364 2640 11.
396 2619 428 2642 e.
457 2607 590 2649 otiosi,
618 2610 879 2650 componuntur

167 2668 246 2691 cum
275 2657 318 2689 iis
344 2657 404 2699 qui
436 2655 541 2689 rebus
568 2655 719 2696 intenti,
753 2653 878 2687 adole-

166 2709 300 2738 scentes
342 2713 421 2736 cum
456 2703 680 2748 negotiosis:
702 2745 709 2751 “
731 2703 878 2747 negotia

167 2753 261 2786 enim
288 2750 498 2795 plerumque
526 2751 569 2784 ab
589 2750 877 2784 adolescentibus

166 2811 236 2834 non
268 2804 472 2833 tractantur.

248 2869 368 2915 vulqus
406 2869 601 2914 imperitum
633 2873 664 2902 et
704 2869 879 2903 tunicatus

166 2920 225 2953 hic
245 2918 412 2965 populus.-
438 2918 582 2951 denotat
608 2916 783 2951 sordidam
811 2927 877 2961 po-

168 2967 241 3013 puli
268 2971 403 3012 partem
430 2977 450 3001 a
476 2977 514 3000 re
532 2964 677 3011 publica
692 2965 878 3009 alendan13

918 1583 973 1618 10.
1000 1582 1194 1618 obliteratis
1220 1583 1257 1617 P.

942 1726 976 1749 v.
1003 1721 1124 1750 annot.
1152 1716 1196 1749 ad
1222 1716 1263 1749 H.
1289 1715 1337 1750 Ill
1365 1716 1423 1750 58.
1452 1716 1520 1758 Qui
1546 1716 1653 1749 etiarn

941 1765 976 1798 in
1001 1764 1183 1809 publicum
1210 1764 1438 1810 egredientes
1462 1774 1533 1797 11011
1555 1768 1653 1810 toga,

943 1818 980 1845 ut
1007 1814 1106 1846 cives
1133 1812 1293 1855 bonesti,
1330 1813 1392 1846 sed
1425 1813 1566 1846 nonnisi
1593 1817 1654 1846 tu..

942 1863 1023 1895 nica
1043 1862 1163 1895 vestiti
1181 1861 1504 1905 conspiciebantur.
1531 1861 1653 1895 Horat.

941 1909 1055 1954 Epist.
1078 1910 1091 1943 1
1120 1910 1139 1944 7
1159 1909 1204 1944 65
1220 1922 1230 1942 z
1265 1909 1432 1943 Vulteium
1448 1921 1551 1943 mane
1569 1909 1654 1943 Plu·-

943 1959 1055 2004 lippus
1067 1957 1153 1992 m'lia
1166 1958 1367 1992 vendentem
1380 1959 1535 1992 tunicato
1550 1969 1654 1992 scru-

944 2013 981 2040 ta
1003 2006 1140 2052 popello
1167 2013 1324 2052 occupat.
1373 2007 1570 2040 Pronomen
1597 2006 1655 2039 hic

945 2066 1022 2088 curn
1064 2059 1270 2099 contemptu
1312 2056 1461 2099 perinde
1501 2055 1655 2100 positum

943 2104 986 2138 A.
1012 2104 1082 2138 43:
1110 2104 1168 2137 hic
1193 2103 1293 2137 aliud
1315 2115 1424 2149 ayeus
1447 2103 1606 2150 populus.

1028 2198 1185 2232 advenae
1221 2209 1351 2241 quoque
1392 2204 1421 2230 et
1451 2197 1654 2242 pereqrn'm':

944 2256 1074 2280 nomen
1098 2247 1280 2291 pereyrini
1305 2245 1339 2278 h.
1356 2245 1379 2278 l.
1404 2254 1472 2278 non
1490 2244 1656 2287 exprimit

944 2299 1072 2327 statum
1101 2293 1243 2326 civilem
1271 2295 1370 2336 (nam
1408 2291 1548 2325 incolae
1574 2301 1655 2324 mu-

944 2342 1157 2384 nicipiorum
1204 2345 1239 2373 et
1289 2339 1507 2373 coloniarum
1555 2339 1654 2372 cives

945 2389 1093 2422 Romani
1122 2393 1234 2428 erant,
1261 2398 1331 2420 non
1351 2388 1566 2432 peregrini),
1591 2385 1655 2420 sed

946 2446 1009 2471 eos
1029 2437 1089 2481 qui
1108 2446 1259 2482 peregre
1278 2436 1311 2469 in
1327 2435 1449 2470 urbem
1466 2439 1653 2469 venerunt.

1015 2540 1059 2563 ac
1083 2529 1176 2564 velut
1200 2540 1413 2575 aquoscere:
1434 2528 1524 2563 tales
1538 2538 1654 2574 agno-

946 2588 1047 2612 scere
1065 2578 1191 2612 volunt
1217 2578 1341 2623 quales
1368 2578 1461 2610 fama
1482 2581 1517 2610 et
1550 2577 1655 2620 cogi..

946 2627 1080 2661 tatione
1110 2628 1237 2661 animis
1261 2628 1335 2659 suis
1362 2625 1606 2659 informarunt.

1019 2722 1066 2757 Ca
1098 2751 1104 2757 .
1142 2723 1177 2756 8.

949 2770 1017 2805 hoc
1044 2734 1092 2805 cl?
1122 2775 1241 2803 annot.
1273 2768 1315 2802 ad
1343 2769 1384 2802 Η.
1409 2767 1440 2800 ll
1457 2769 1512 2808 10,
1536 2766 1653 2801 1v43.

947 2819 1001 2853 De
1027 2818 1194 2852 facundia
1221 2818 1296 2850 eius
1314 2815 1554 2857 Quintilianus
1580 2813 1607 2848 Χ
1635 2816 1653 2848 1

951 2867 1040 2901 119:
1069 2866 1211 2910 Crispus
1239 2864 1443 2910 compositus
1472 2869 1503 2896 et
1527 2863 1655 2896 iumen-

948 2915 1010 2948 dus
1036 2920 1067 2947 et
1093 2913 1316 2947 delectationi
1346 2917 1470 2953 natus,
1507 2910 1656 2956 privatis

949 2969 1064 2997 tamen
1089 2963 1204 2997 causis
1230 2972 1331 3007 quam
1352 2959 1501 3007 publicis
1517 2958 1652 2993 melior.

1223 2722 1381 2766 Crispum
1423 2720 1571 2752 Vibium:
1610 2718 1654 2752 de
