1768 3216
124 206 216 264 a*
233 219 294 256 69.

591 219 726 254 LIBER
756 219 815 254 111.
867 219 953 254 CAP.
982 221 1138 256 25-27.

1558 217 1630 251 221

123 335 318 378 nensium
347 337 486 376 castra
517 345 607 387 sua,
642 334 791 376 castris
823 333 976 375 vallum
1008 333 1345 387 circumiecerat,
1378 345 1511 389 eaque
1538 345 1634 374 mu-

124 411 309 452 nimenta
353 421 498 452 rursus
531 413 716 451 auxerat.

781 409 964 458 Quorum
1003 414 1177 464 aspectu
1218 410 1398 452 haesere
1427 409 1629 462 victores,

124 475 868 538 ἰηεᾱῐίς-ᾰΰῦἳῢῦῖῷῑίῗῑῖᾒὴθτθηῑ.
910 484 1103 538 Incipere
1131 485 1483 539 oppugnationem
1520 484 1634 525 sesso

124 544 202 614 per
232 559 342 601 diem
373 564 623 613 noctemque
656 559 847 600 exercitu
878 558 1050 601 arduum
1093 563 1132 600 et
1162 559 1274 601 nullo
1307 560 1418 601 iuxta
1446 559 1635 601 subsidio

126 646 297 689 anceps.

358 634 430 677 Sin
457 634 706 676 Bedriacum
738 634 956 687 redirent,
987 634 1277 676 intolerandus
1306 639 1387 676 tam
1418 634 1536 688 longi
1565 633 1669 674 iti-5

126 709 242 750 neris
271 709 405 762 labor,
436 713 477 750 et
506 710 683 751 victoria
713 709 764 751 ad
796 710 962 750 inritum
994 710 1303 751 revolvebatur.

1365 708 1530 750 Munir'e
1560 721 1638 750 ca·-

127 788 230 857 Q
262 784 336 825 id
332 796 497 839 quoque
529 784 774 838 propinquis
809 784 997 825 hostibus
1022 784 1356 836 formidolosum,
1390 772 1639 837 nnisper-

127 862 202 900 s'os
230 862 292 899 et
287 869 402 912 opus
435 858 657 900 molientes
691 858 826 899 subita
856 837 1076 912 eruptione
1099 858 1330 900 turbarent.
1380 858 1521 923 Quae
1514 869 1639 921 super

129 937 279 975 cuncta
307 932 495 974 terrebat
526 932 708 986 ipsorum
736 932 858 974 miles
886 932 1064 986 periculi
1086 945 1207 987 quam
1227 945 1372 974 morae
1390 927 1640 986 patientior:

146 981 275 999 Μ

130 1008 281 1063 quippe
309 1008 474 1063 ingrata
506 1020 614 1062 quae
643 1012 742 1060 tuta,
775 1021 828 1049 ex
856 1008 1092 1049 temeritate
1123 1020 1243 1061 spes3
1286 1007 1507 1061 omnisque
1537 1018 1640 1047 eae-
1654 1014 1693 1044 ιο

132 1158 351 1200 inclinavit
394 1158 626 1210 AntoniuS,
679 1158 878 1212 cingique
923 1157 1075 1199 vallum
1116 1170 1275 1199 corona
1314 1158 1445 1199 iussit.
1759 1213 1763 1216 .

129 1233 292 1288 sagittis
323 1233 520 1287 saxisque
551 1234 712 1274 eminus
743 1233 989 1285 certabant,
1027 1233 1188 1274 maiore
1218 1232 1509 1274 Flavianorum
1539 1243 1642 1285 per-

129 1307 257 1359 nicie,
290 1307 333 1348 in
362 1319 468 1361 quos
501 1307 582 1348 tela
614 1307 797 1360 desuper
827 1307 1099 1349 librabantur.

129 1393 210 1435 que
239 1381 479 1436 legionibus
507 1381 710 1434 attribuit,
750 1385 794 1422 ut
821 1381 1052 1437 discretus
1054 1381 1191 1437 labor
1220 1381 1352 1423 fortes
1379 1379 1759 1441 ignavosquest,
1754 1410 1768 1460 {⁴

58 1076 115 1116 2⁷
128 1083 204 1125 des
234 1087 276 1124 et
301 1082 478 1124 vulnera
509 1087 550 1124 et
577 1083 750 1138 sanguis
783 1083 982 1124 aviditate
1010 1082 1196 1136 praedae
1214 1082 1510 1141 pensabantur
1551 1080 1639 1121 Huc
1676 1079 1768 1137 ism.

1503 1157 1639 1198 P11m0
1686 1167 1698 1187 x
1764 1153 1768 1164 ⁴

1259 1137 1450 1154 ms*

131 1457 429 1512 distingueret,
470 1461 592 1511 atque
632 1457 721 1511 ipsa
761 1458 1034 1499 contentione
1077 1458 1246 1499 decoris
1290 1457 1640 1499 accenderentur.

129 1530 322 1574 Proxima
368 1531 643 1574 Bedriacensi
693 1533 788 1573 viae
837 1533 1006 1574 tertiani
1055 1532 1359 1586 septimanique
1408 1544 1640 1586 sumpsere,

132 1606 375 1649 dexteriora
403 1606 500 1649 valli
533 1611 683 1649 octava
712 1619 761 1649 ac
781 1607 955 1661 septima
980 1607 1231 1657 Claudiana3
1259 1606 1642 1649 tertiadecumanos

270 1743 305 1778 3.
333 1744 410 1789 obp.
438 1742 504 1778 ma.

134 1791 255 1837 citum)
263 1817 270 1825 .

604 1746 715 1789 sessos
741 1743 814 1778 Ma.

137 1890 192 1923 11.
221 1888 316 1924 coln.
344 1888 405 1924 Or.
483 1890 538 1924 14.
567 1889 696 1924 ballum
723 1889 788 1924 Ma.

136 2000 248 2034 coorti
266 2026 290 2044 ,‚
314 1999 407 2035 idem
436 2001 504 2045 ipsi
532 2001 719 2042 fecerant,
762 2001 855 2046 quod

135 2058 205 2082 non
230 2049 342 2083 multo
370 2054 449 2094 post
475 2049 638 2083 Flaviani
668 2049 761 2094 apud
788 2049 856 2084 Ve-

134 2109 262 2131 ronam
287 2097 402 2131 moliti
429 2102 511 2132 sunt
545 2098 608 2132 sed
642 2109 712 2131 non
741 2097 784 2131 ad
811 2097 856 2131 fi-

135 2157 216 2180 uem
245 2143 518 2190 perduxerunt3
547 2157 581 2180 v.
612 2147 652 2181 H.
683 2146 729 2180 111
758 2148 813 2182 10.

211 2228 320 2262 eaque
344 2218 559 2251 munimenta
595 2230 717 2253 rursus
742 2230 857 2252 auxe-

138 2270 195 2299 rat
211 2277 221 2297 .·
251 2265 450 2300 'l'heodisce
463 2271 652 2301 convertas
673 2267 746 2301 und
762 2267 856 2300 hatte

139 2313 232 2347 diese
260 2314 616 2360 Besesliqunyswerke
650 2327 727 2349 zum
751 2316 857 2349 1·ωεί-

140 2360 272 2395 temnat
295 2362 487 2396 vermehrt:
523 2368 626 2397 aucta
653 2364 746 2397 enim
776 2374 857 2396 mu-

139 2411 299 2444 nimenta
325 2408 563 2458 intelligenda
589 2417 671 2445 sunt
698 2423 739 2445 ea
766 2422 858 2456 quae

138 2458 300 2503 Rapaces
333 2464 441 2505 atque
467 2460 614 2502 Italici,
651 2471 729 2494 cum
768 2459 858 2494 Cre-

138 2517 279 2541 monam
315 2518 435 2542 rursus
458 2509 632 2555 ,ingressi
675 2513 757 2543 sunt
797 2507 856 2555 (H.

138 2555 168 2589 ΙΙ
201 2556 281 2599 100,
307 2555 354 2590 111
385 2556 458 2601 14),
486 2558 662 2593 fecerunt.
733 2557 857 2602 ltaque

139 2603 249 2638 verba
299 2604 499 2638 Othoniano
541 2606 627 2639 bello
678 2606 858 2650 pertinent

139 2653 281 2685 nonnisi
312 2652 355 2685 ad
380 2654 558 2687 moenibus
571 2655 856 2688 Cremonensium

142 2719 187 2725 —
210 2700 487 2743 circumiecerat,
518 2711 589 2734 non
615 2703 722 2735 etiam
749 2702 793 2736 ad
814 2713 857 2737 ea

142 2746 186 2780 de
212 2748 340 2792 quibus
366 2759 461 2782 nunc
487 2758 603 2783 sermo
631 2755 697 2784 est.

232 2820 368 2852 munire
403 2825 545 2853 castra.-
586 2819 622 2854 h.
651 2831 682 2854 e.
722 2831 856 2864 ponere

144 2871 259 2901 castra
286 2869 431 2902 munita.
525 2879 612 2913 quae
637 2880 741 2914 snper
768 2880 857 2903 cun-

143 2921 224 2949 cta.-
266 2925 361 2951 nova
394 2916 535 2953 dicendi
563 2917 653 2950 ratio
678 2927 742 2961 pro
769 2929 858 2962 quae

144 2969 272 2999 cuncta
297 2976 399 3012 super
416 2965 475 3000 vel
494 2977 597 3012 super
611 2975 698 3010 quae
718 2972 856 3003 cuncta.

843 1743 871 1778 G
894 1746 998 1789 sesso.

390 1793 424 1827 5.
453 1792 618 1826 bedriaco
655 1793 722 1827 litt.
753 1804 770 1826 ο
798 1803 975 1836 super-,ser
1003 1804 1027 1825 u
1055 1792 1121 1827 Ma.

132 1840 167 1875 8.
195 1839 305 1874 subite
330 1841 492 1886 ruptione
519 1840 584 1883 Ma,
611 1841 725 1875 subita
751 1842 948 1887 irruptione
975 1840 1014 1876 G.

1086 1745 1121 1779 4.
1150 1745 1308 1778 exercitu
1334 1742 1386 1778 Ma
1415 1746 1505 1788 (non
1535 1754 1642 1776 exer-

1246 1793 1279 1827 7.
1307 1791 1554 1837 formidolosas
1576 1790 1641 1825 Ma.

1094 1842 1149 1877 10.
1178 1842 1278 1887 quipe
1303 1840 1368 1876 Ma.
1447 1840 1547 1874 cedes
1573 1838 1641 1876 Ma.

1001 1999 1086 2043 Cap.
1115 2000 1172 2034 27.
1199 2010 1280 2032 mox
1303 1999 1434 2034 vallum
1456 2005 1645 2046 portasque

927 2048 1120 2093 legionibus
1168 2048 1350 2085 attribuit.
1345 2064 1354 2072 ·
1399 2050 1458 2094 qui
1506 2049 1644 2083 eminus

928 2098 1069 2142 sagittis
1095 2098 1264 2142 saxisque
1299 2097 1508 2140 certabant,
1552 2097 1645 2131 levis

928 2150 1127 2179 armaturae
1153 2145 1288 2186 milites
1315 2145 1440 2189 fuere3
1474 2149 1556 2190 post
1579 2146 1645 2180 hos

927 2193 1093 2239 legiones
1120 2193 1162 2226 ad
1197 2194 1358 2238 proxima
1396 2194 1483 2228 valli
1521 2199 1645 2239 porta..

926 2252 1076 2287 rumque
1102 2252 1324 2276 successere.
1363 2242 1505 2286 Duplex
1532 2244 1644 2289 igitur

928 2290 1028 2324 adest
1047 2291 1240 2334 oppositio,
1270 2295 1304 2324 et
1331 2291 1480 2334 primum
1502 2291 1644 2335 quidem

927 2337 1058 2372 vallum
1093 2343 1280 2383 portasque
1314 2339 1488 2382 ‘opposuit
1525 2344 1645 2373 certa-

927 2387 1013 2420 mini
1042 2387 1242 2420 cohortium
1273 2397 1316 2420 ex
1346 2387 1558 2433 longinquo,
1588 2388 1645 2422 le-

929 2436 1056 2481 giones
1085 2439 1203 2468 autem
1232 2436 1284 2469 eis
1316 2436 1376 2481 qui
1414 2436 1556 2482 sagittis
1583 2447 1645 2470 sa-

928 2484 1057 2529 xisque
1084 2484 1303 2529 pugnabant.

998 2538 1035 2566 ut
1063 2532 1232 2566 discretus
1259 2532 1361 2566 labor
1394 2535 1504 2577 sortes
1538 2534 1645 2579 iqua-

927 2592 1052 2625 vosque
1078 2580 1331 2626 distinyueret:
1369 2581 1560 2616 discretum
1589 2582 1645 2615 la-

927 2629 1049 2663 borem
1077 2629 1245 2675 intellige
1272 2630 1493 2675 singularum
1523 2630 1643 2675 legio-

926 2688 1032 2720 num3
1069 2678 1116 2712 cf.
1144 2677 1185 2711 H.
1213 2677 1261 2711 IV
1289 2679 1358 2712 23:
1399 2689 1462 2721 quo
1492 2678 1645 2711 discreta

929 2728 1038 2759 virtus
1065 2727 1285 2770 manifestius
1310 2731 1541 2771 spectaretur.

995 2775 1161 2819 proxima
1188 2773 1416 2807 Bedriacensi
1441 2774 1519 2807 viae
1540 2774 1646 2808 —ad

929 2822 1140 2855 Brioeianam
1163 2827 1324 2865 portam:
1352 2821 1531 2856 dimidiam
1558 2833 1644 2866 par-

928 2875 998 2903 tem
1028 2870 1138 2902 totius
1167 2868 1288 2912 oppidi
1324 2868 1512 2916 designat:
1549 2871 1644 2905 alte-

927 2928 999 2951 ram
1029 2918 1123 2950 enim
1150 2916 1264 2950 Padus
1293 2917 1336 2951 ab
1363 2918 1498 2963 impetu
1524 2929 1643 2965 oppu-

929 2966 1112 3011 gnantium
1142 2965 1319 3002 tuebatur.

1663 810 1768 930 aa

1158 1307 1257 1348 Mox
1282 1306 1435 1348 vallum
1470 1310 1641 1360 portas-
1683 1286 1755 1361 >Q
