1768 3216
41 1502 99 1543 49

106 189 196 228 no.
219 190 280 227 69.

580 192 715 228 LIBER
738 191 798 227 111.
851 192 939 229 CAr.
966 193 1123 229 47—49.

105 310 153 349 ut
175 306 418 350 vexillarios
449 321 472 350 e
501 307 739 363 legionibus
770 308 1003 363 ducemque
1028 307 1217 350 Virdium
1244 308 1477 362 Geminum,
1506 321 1609 363 spe-

108 384 243 424 ctatae
271 382 459 435 militiae,
492 382 713 438 deligeret.
745 382 818 425 Ille
850 383 1171 437 incompositum
1201 387 1242 425 et
1270 383 1455 438 praedae
1488 383 1608 438 cupi-

108 456 392 513 diuervagum
422 458 587 500 hostem
620 457 791 499 adortus
822 457 965 512 coegit
993 458 1036 498 in
1064 470 1218 508 naves3
1262 457 1507 511 effectisque
1535 470 1611 499 ra-

106 531 208 585 ptim
232 531 468 575 Liburnicis
497 531 739 586 adsequitur
767 531 991 574 Anicetum
1021 532 1068 573 in
1095 532 1205 574 ostio
1248 531 1428 574 fluminis
1460 532 1608 584 Chobi,

107 608 237 648 tutum
255 606 332 649 sub
350 605 689 649 Sedochezorum
706 606 822 662 regis
855 606 1027 659 auxilio,
1057 619 1178 660 quem
1207 607 1385 661 pecunia
1406 607 1611 661 donisque
1624 623 1643 653 5

108 679 163 723 ad
207 681 453 724 societatem
496 681 745 735 perpulerat.
805 681 870 722 Ac
916 682 1050 735 primo
1098 694 1176 723 rex
1225 681 1348 723 minis
1403 682 1612 735 armisque

108 755 336 812 supplicem
382 756 491 798 tueri
500 769 512 807 3
559 761 778 810 postquam
826 769 992 798 merces
1049 756 1301 810 proditionis
1335 760 1413 800 aut
1457 756 1610 798 bellum

108 829 432 883 ostendebatur,
458 830 584 883 fluxa,
615 835 659 871 ut
688 834 751 872 est
782 830 997 882 barbaris,
1029 830 1112 871 fide
1140 834 1286 883 pactus
1314 829 1483 871 Aniceti
1516 830 1612 872 exi—

35 903 38 907 ’
107 904 208 963 {Bm
235 903 435 960 perlugas
459 903 645 957 tradidit,
676 904 871 959 belloque
898 875 1074 985 servili1
1087 903 1180 946 finis
1210 904 1440 958 impositus.

1432 895 1459 900 *ἢ
1467 888 1557 905 Ὗᾼργἡ
1574 888 1581 890 .

1646 793 1768 853 ΐέέιῗέ

1621 883 1644 907 c„
1668 862 1768 910 ἴτω,

1646 922 1666 956 s
1744 911 1768 961 {a

1656 948 1768 975 Wm

241 979 412 1021 Laetum
457 991 508 1020 ea
547 979 726 1020 victoria
767 979 1097 1033 Vespasianum,
1144 979 1305 1020 cunctis
1352 991 1480 1032 super
1516 982 1613 1020 vota
1630 960 1717 1049 {3192
1742 997 1768 1047 ἀ

106 1051 342 1107 fluentibus,
371 1053 668 1096 Cremonensis
697 1053 848 1107 proelii
879 1053 1046 1095 nuntius
1078 1053 1119 1094 in
1135 1053 1330 1108 Aegypto
1355 1053 1610 1107 adsequitur.
1694 1055 1697 1059 ’

106 1127 170 1169 Εο
198 1129 490 1183 properantius
510 1128 809 1171 Alexandriam
838 1128 989 1183 pergit,
1022 1131 1065 1169 ut
1095 1128 1230 1170 fracto
1250 1127 1405 1170 Vitellii
1425 1128 1614 1170 exercitu

106 1201 254 1245 urbem
283 1215 449 1258 quoque
481 1207 682 1246 externae
712 1203 804 1257 opis
837 1203 1024 1258 indigam
1055 1203 1164 1245 fame
1194 1207 1378 1258 urgeret.
1427 1202 1615 1257 Namque

109 1280 150 1317 et
177 1276 389 1331 Africam,
421 1278 571 1320 eodem
600 1278 733 1319 latere
763 1278 909 1330 sitam,
941 1282 1053 1320 terra
1085 1277 1273 1331 marique
1305 1277 1505 1320 invadere
1534 1291 1615 1332 pa·-

107 1352 250 1406 rabat,
281 1352 436 1396 clausis
467 1365 660 1419 annonae
691 1353 890 1396 subsidiis
923 1353 1107 1408 inopiam
1137 1365 1186 1395 ac
1218 1353 1473 1395 discordiam
1504 1353 1666 1395 hostius

110 1427 309 1480 facturus.

243 1502 350 1544 Dum
379 1501 463 1544 hac·
489 1502 616 1544 totius
647 1502 763 1544 orbis
792 1502 1009 1544 nutatione
1042 1502 1211 1544 fortuna
1254 1502 1418 1556 imperii
1449 1502 1612 1554 transit,

109 1576 270 1619 Primus
296 1577 506 1619 Antonius
544 1588 805 1631 nequaquam
843 1576 935 1630 pari
972 1576 1213 1619 innocentia
1242 1580 1336 1630 post
1366 1576 1613 1618 Cremonam

245 1710 281 1743 4.
319 1709 436 1743 ochibi
459 1708 554 1743 Gma.
655 1709 689 1744 9.

103 1755 262 1803 ,bamque
346 1768 488 1803 nanque
513 1756 578 1792 Ma.

110 1805 205 1839 tione
229 1804 269 1848 G,

107 1935 207 1979 [aces
234 1932 346 1979 (haec
374 1933 438 1967 ille
470 1933 615 1980 probat)
654 1945 719 1979 per
746 1945 826 1968 me..

109 1982 294 2027 taphoram
319 1981 433 2016 dictas
456 1983 650 2025 existimat,
673 1988 712 2016 ut
730 1982 826 2016 clas-

108 2031 289 2114 sicas-'faces
322 2031 713 2114 :izi-cencSejldelaluczna
731 2032 827 2113 qugd

110 2128 168 2162 dia
193 2081 431 2162 §aggerum-
447 2090 595 2174 navigia
620 2092 742 2163 classii
758 2103 826 2173 ap:

109 2175 238 2220 pellari
262 2186 335 2210 non
359 2181 548 2221 poterant,
588 2188 707 2222 neque
731 2177 824 2211 Ani-

111 2225 181 2258 ceti
211 2229 354 2268 paratus
387 2224 511 2259 bellici
544 2225 608 2259 sed
641 2230 764 2269 raptus
790 2231 826 2260 et

111 2271 279 2306 incendia
316 2272 519 2317 caedesque
553 2284 648 2307 nunc
683 2284 824 2307 memo..

110 2324 231 2354 rantur
240 2331 251 2353 ε
267 2319 313 2354 de
325 2320 478 2355 navibus
493 2332 514 2354 a
526 2321 686 2355 barbaris
697 2323 824 2366 raptim

109 2367 310 2403 aedificatis
333 2379 417 2403 mox
442 2369 582 2403 demum
607 2370 775 2423 refertur.

179 2438 291 2477 latam
313 2439 431 2474 alvum
455 2440 531 2474 sine
562 2439 702 2474 vinculo
729 2441 825 2475 aeris

108 2493 170 2522 aut
179 2489 272 2534 sev-ri
281 2500 477 2523 connexam
487 2501 499 2521 ε
521 2493 693 2524 converte
703 2489 823 2523 Theo-

108 2535 209 2572 discc
243 2538 349 2572 einen
388 2537 523 2571 breieen
548 2537 696 2581 Bauclt,
732 2538 823 2571 ohne

116 2583 280 2619 Vct-hand
302 2596 372 2620 von
400 2585 474 2620 Era
511 2585 596 2619 oder
618 2585 733 2620 Eisen
758 2598 822 2619 zu-

108 2635 394 2678 sammenqeffiqt.
422 2633 570 2667 Scilicet
590 2635 822 2679 contemptim

108 2685 271 2714 narrator
286 2680 374 2714 dicit
394 2680 462 2714 illa
486 2682 634 2727 navigia
655 2682 733 2716 fere
747 2687 823 2716 tota

110 2732 274 2762 constare
300 2727 392 2762 alvo.
434 2727 600 2762 Ceterum
627 2729 743 2763 alvum
773 2730 822 2764 li-

108 2775 230 2810 berius
255 2775 390 2821 pendet
414 2786 459 2810 ex
482 2782 622 2811 vocant.
678 2778 821 2813 Similes

108 2835 220 2859 naves
245 2824 278 2860 11
301 2824 325 2860 6
350 2829 387 2859 et
412 2823 450 2859 G.
478 2825 528 2860 44
559 2825 819 2861 describuntur.

174 2894 261 2940 Cap.
288 2895 349 2931 48.
392 2895 599 2931 vexillarios
625 2907 644 2930 e
671 2896 823 2942 legioni-

108 2944 191 2980 bus.-
217 2944 356 2991 aliquot
367 2944 503 2982 vexilla
528 2944 681 2980 militum
700 2945 824 2992 legio-

720 1710 794 1755 n'np.
823 1706 888 1742 Ma.

635 1807 641 1810 .
681 1758 735 1792 17.
763 1757 832 1791 hac
865 1756 917 1790 G:
946 1754 1001 1790 Ma
1026 1767 1081 1791 ac.

992 1709 1048 1742 13.
1081 1707 1200 1742 urbem
1227 1718 1358 1752 quoque
1384 1706 1435 1740 G:
1467 1705 1522 1741 Ma
1545 1718 1610 1740 ur-

1188 1757 1371 1791 nutatione
1395 1753 1468 1789 Ma:
1494 1761 1611 1789 muta-

895 1934 1089 1976 nariorum‚
1116 1943 1186 1967 non
1215 1938 1325 1967 totam
1351 1932 1534 1978 legionem
1551 1938 1613 1967 aut

896 1982 1017 2027 plnres
1044 1982 1211 2028 legiones
1236 1993 1315 2016 cum
1344 1981 1475 2026 aquilis
1499 1982 1586 2015 suis.

972 2053 1108 2087 Chobi:
1137 2053 1267 2087 cotum
1290 2053 1450 2086 nominat
1476 2051 1612 2086 leius

900 2101 1013 2137 v14:
1057 2103 1184 2147 flumen
1221 2101 1351 2136 Cobum
1388 2113 1406 2134 e
1451 2101 1612 2136 Caucaso

891 2162 958 2197 per
983 2152 1123 2184 Suanos
1147 2152 1280 2195 Ῑῐηεηες
1310 2151 1453 2197 Χῶβον
1487 2150 1613 2184 Arria-

895 2210 962 2232 nus
989 2200 1024 2232 in
1051 2199 1180 2244 peripl.
1204 2199 1304 2232 Pont.
1339 2197 1431 2233 Eux.
1498 2199 1537 2232 ln
1565 2198 1613 2232 li-

895 2248 969 2282 bris
1004 2247 1174 2281 'l'acitinis
1218 2248 1447 2292 peregrinum
1482 2257 1613 2280 nomen

896 2306 940 2330 eo
966 2301 1170 2340 corruptum
1205 2300 1282 2338 est,
1312 2299 1361 2337 ‚ut
1395 2296 1612 2339 transposito

894 2345 918 2378 Ιι
970 2344 1085 2378 forma
1134 2343 1393 2388 procuderetur
1435 2342 1613 2377 accedens

894 2393 1056 2437 proxime
1078 2392 1122 2427 ad
1141 2392 1487 2426 verbumcokibere.
1516 2391 1614 2425 Cho-

894 2437 955 2474 bus'
980 2451 1088 2485 supra
1113 2441 1237 2474 Phasis
1269 2441 1363 2474 ostia
1395 2440 1432 2474 in
1461 2439 1612 2474 Pontum

894 2489 1022 2523 influit.

964 2549 1114 2582 namque
1139 2543 1172 2572 et
1195 2537 1381 2583 Africam:
1409 2537 1611 2584 siAegypti

895 2591 1112 2621 commeatus
1139 2586 1218 2620 urbi
1248 2591 1418 2621 externae
1445 2587 1524 2630 opis
1550 2586 1610 2618 in-

894 2633 999 2681 (ligae
1026 2634 1214 2677 deessent„
1241 2646 1287 2669 ex
1311 2635 1434 2669 Africa
1459 2635 1611 2678 provin-

894 2684 950 2716 cia
976 2683 1107 2718 advehi
1133 2684 1260 2727 copiae
1285 2683 1452 2716 frumenti
1479 2686 1609 2726 potue-

892 2741 953 2774 re3
994 2736 1212 2776 quapropter
1256 2732 1362 2764 etiam
1398 2729 1490 2763 hanc
1523 2730 1610 2774 pro-'-

893 2780 1050 2812 vinciam
1075 2779 1247 2812 invadere
1275 2779 1518 2823 Vespasianus
1542 2788 1609 2823 pa-

894 2827 995 2860 rabat
1022 2827 1151 2861 famem
1181 2827 1315 2860 Romae
1345 2825 1500 2861 molitus.
1528 2824 1538 2829 ⁴

965 2896 1050 2941 Cap.
1066 2897 1126 2932 49.
1154 2897 1257 2931 totius
1283 2897 1377 2932 orbis
1405 2897 1609 2932 ammiane:

893 2945 940 2980 cf.
968 2944 1060 2981 Pliu.
1086 2945 1221 2993 Paneg.
1251 2945 1294 2981 5.·
1314 2946 1513 2993 coyiporro
1535 2957 1615 2981 non
