1768 3216
463 586 963 646 CORNELII
1021 586 1367 644 TACITI

284 749 456 805 ΒΕ
557 750 1517 808 eRAToRIBVS

519 904 1292 971 DIALGGVS.

585 1195 990 1239 BREVIARIVM
1039 1196 1224 1238 LIBRI.

300 1336 386 1383 cap.
418 1337 560 1372 1—15:
598 1338 831 1383 praeparatio
860 1339 1044 1373 sermonis.
1085 1338 1180 1373 Iusto
1208 1338 1315 1372 Fabio
1343 1349 1447 1385 saepe
1475 1349 1518 1373 ex
1539 1339 1654 1374 Tacito

154 1396 362 1441 requirenti,
390 1409 465 1440 cur,
494 1409 570 1432 cum
592 1399 720 1444 priora
746 1397 865 1432 secula
893 1404 941 1432 tot
967 1399 1190 1433 eminentium
1208 1404 1388 1433 oratorum
1403 1399 1555 1444 inqeniis
1571 1399 1653 1445 qlo-

153 1457 277 1501 riaque
290 1457 485 1502 floruerint,
505 1469 569 1492 sua
586 1459 801 1504 potissimum
814 1464 912 1493 aetas
927 1459 1066 1493 deserta
1091 1464 1123 1492 et
1149 1456 1253 1495 laude
1283 1458 1501 1504 eloquentiae
1528 1459 1654 1494 orbata

154 1516 214 1550 ¹02·ae
239 1528 366 1553 nomen
391 1518 503 1564 ipsum
530 1519 683 1553 oratoris
709 1519 883 1562 retineat,
908 1519 960 1553 ita
985 1519 1275 1564 satisfaciendum
1300 1518 1359 1553 hic
1380 1523 1502 1565 putat,
1529 1524 1567 1554 ut
1593 1519 1650 1554 di-

152 1577 423 1611 sertissimorum
449 1579 520 1612 suis
547 1579 755 1625 temporibus
780 1579 957 1613 hominum
981 1590 1175 1613 sermonem
1200 1584 1346 1625 repetat,
1374 1589 1457 1624 quos
1471 1580 1547 1625 ipse
1561 1590 1651 1614 eau-

153 1636 228 1670 dem
255 1636 349 1671 hanc
374 1640 611 1683 quaestionem
633 1645 895 1685 pertractantes
921 1640 1056 1674 iuvenis
1083 1639 1267 1673 admodum
1293 1639 1426 1673 audivit
1449 1639 1515 1686 (1).
1562 1639 1654 1674 Nam

155 1702 296 1743 postero
323 1698 378 1731 die
406 1709 508 1743 quam
535 1699 715 1734 Curiatius
743 1699 927 1733 Maternus
955 1699 1124 1733 Catonem
1149 1700 1379 1742 recitaverat,
1406 1705 1577 1734 venerunt
1606 1699 1654 1733 ad

159 1768 234 1791 eum
262 1757 407 1793 Marcus
432 1758 530 1804 Aper
567 1765 598 1793 et
635 1759 745 1794 Iulius
782 1759 983 1803 Secundus,
1022 1758 1251 1794 celeberrima
1284 1765 1354 1794 tum
1390 1760 1463 1804 sori
1493 1759 1651 1805 inmitia,

153 1828 228 1851 cum
254 1819 338 1863 ipsis
365 1819 469 1853 etiam
493 1819 647 1864 scriptor
670 1821 839 1854 sermonis
867 1821 932 1866 (2).
985 1820 1082 1866 Aper
1109 1819 1272 1854 Materno
1301 1820 1498 1854 carminum
1523 1830 1653 1866 expro-

154 1877 233 1911 brat
261 1878 405 1911 nimium
433 1890 611 1922 amorum,
634 1880 745 1925 ipsum
771 1891 794 1913 a
822 1879 1006 1914 Musarum
1030 1880 1236 1914 commercio
1263 1880 1302 1912 in
1326 1881 1443 1924 forum
1467 1878 1652 1913 retrahere

153 1938 319 1983 cupiens.-
351 1938 411 1971 itte
444 1939 594 1972 iudicem
627 1939 747 1973 adesse
774 1940 973 1974 Secundum
999 1940 1171 1983 laetatur,
1209 1940 1267 1984 qui
1291 1950 1329 1973 se
1353 1938 1408 1972 cel
1433 1939 1471 1972 in
1496 1940 1652 1984 futurum

150 2001 239 2030 vetet
266 2009 385 2031 versus
410 1999 553 2042 facere,
589 1998 643 2033 vel
666 2011 731 2034 sua
757 2011 887 2044 quoque
914 2001 1124 2034 auctoritate
1150 1998 1344 2045 compellat,
1372 2004 1409 2033 ut
1434 1999 1568 2032 omissis
1591 1999 1651 2044 [ο-

152 2055 311 2091 rensibus
337 2058 452 2091 causis
478 2059 690 2092 sanctiorem
713 2060 812 2093 illam
841 2065 871 2093 et
898 2060 1134 2104 anqustiorem
1151 2059 1382 2103 eloquentiam
1399 2059 1492 2093 colat
1512 2059 1650 2106 (3-4).

154 2115 301 2149 Gratam
326 2116 540 2151 adversandi
571 2120 791 2153 occasionem
816 2125 940 2153 nactus
964 2118 1062 2164 Aper
1088 2118 1320 2162 eloquentiam
1345 2118 1540 2152 oratoriam
1560 2128 1652 2163 prae

147 2177 247 2221 poesi
272 2176 395 2211 laudat
421 2178 464 2212 ab
489 2178 659 2222 utilitate,
701 2179 898 2225 voluptate,
935 2179 1125 2223 diqnitate‚
1148 2179 1337 2224 propositis
1365 2177 1529 2223 exemptis
1562 2177 1652 2212 Vibii

153 2235 270 2282 Crispi
296 2242 327 2272 et
354 2237 460 2283 Eprii
486 2238 654 2273 Marcelli
678 2240 817 2287 (5-8).
870 2239 1044 2273 Carmina
1067 2244 1182 2272 autem
1210 2243 1241 2272 et
1266 2250 1386 2272 versus
1401 2238 1520 2272 eodem
1534 2237 1650 2272 iudice

149 2306 261 2340 neque
288 2297 492 2341 diynitatem
524 2298 633 2332 ullam
668 2299 870 2333 auctoribus
905 2299 976 2333 suis
1011 2299 1226 2342 conciliant,
1263 2309 1373 2343 neque
1408 2297 1560 2332 utilitate
1593 2309 1651 2333 eos

150 2355 269 2398 alunt5
295 2356 504 2403 roluptatem
531 2358 678 2401 brevem,
705 2358 844 2393 laudem
868 2360 1013 2392 inanem
1038 2364 1071 2393 et
1095 2359 1352 2404 infructuosam
1375 2363 1645 2403 consequuntur.

150 2415 295 2449 Accedit
320 2417 409 2460 quod
431 2424 614 2463 poetarum
639 2419 788 2453 studium
812 2420 924 2464 magis
951 2430 1053 2463 quam
1079 2424 1259 2453 oratorum
1285 2419 1427 2464 offensis
1464 2418 1666 2452 obnoxium—

151 2480 200 2508 est
227 2476 390 2524 (9-10).
446 2477 580 2511 Contra
607 2478 791 2512 Maternus
819 2479 914 2521 dicit,
942 2478 1107 2522 quidquid
1131 2479 1169 2511 in
1193 2490 1229 2512 se
1255 2479 1402 2512 notitiae
1428 2489 1472 2511 ac
1497 2479 1649 2512 nominis

149 2534 205 2576 sit,
232 2536 344 2580 maqis
370 2537 566 2571 carminum
592 2549 694 2582 quam
721 2540 919 2573 orationum
943 2538 1060 2584 gloria
1089 2544 1243 2584 partum.
1307 2538 1448 2571 Mittere
1486 2550 1522 2572 se
1562 2538 1650 2572 velle

149 2604 280 2629 vanam
307 2606 432 2629 causas
459 2598 636 2631 orantium
660 2600 828 2644 speciem,
863 2604 990 2632 statum
1015 2604 1132 2632 autem
1158 2609 1203 2631 ac
1226 2598 1450 2631 securitatem
1475 2598 1649 2632 innocen-

150 2655 201 2688 tia
223 2657 337 2701 potius
365 2668 465 2701 quam
495 2658 693 2702 eloquentia
718 2659 859 2703 defendi
885 2659 975 2706 (11).
1027 2659 1156 2693 Poetae
1188 2659 1299 2704 maqis
1338 2664 1370 2692 et
1405 2659 1521 2692 verius
1554 2658 1650 2692 cele-'

151 2714 299 2749 brantur
326 2727 428 2760 quam
454 2723 613 2752 oratores
639 2719 730 2765 (12).
785 2719 943 2752 Fortuna
967 2724 1085 2753 vatum
1111 2724 1143 2753 et
1166 2719 1255 2764 felix
1282 2729 1358 2752 cum
1385 2718 1496 2752 Musis
1522 2725 1648 2753 contu-

151 2774 308 2809 bernium
332 2783 475 2822 superat
499 2778 690 2823 inquietam
724 2784 755 2812 et
790 2779 935 2811 anxiam
972 2780 1124 2813 oratoris
1163 2779 1270 2812 vitam
1304 2779 1394 2825 (13).
1456 2778 1648 2812 Intervenit

161 2835 340 2880 Vipstanus
366 2837 522 2871 Messala
546 2849 590 2872 ac
615 2839 733 2873 statim
756 2838 916 2883 forensia
941 2838 996 2873 sui
1020 2839 1183 2885 temporis
1211 2839 1353 2884 negotia
1378 2843 1409 2872 et
1427 2832 1645 2872 declamato-

153 2895 244 2928 rium
268 2896 418 2930 studium
444 2897 577 2943 oblique
603 2899 815 2943 insectatur,
842 2904 974 2934 veteres
1001 2905 1160 2935 oratores
1187 2898 1329 2933 multum
1350 2899 1536 2945 praestare
1558 2910 1647 2946 pro-

147 2955 258 3002 fessus
284 2956 469 3004 (Μὴ-15).
