1768 3216
196 216 267 255 108

187 333 229 379 in
260 333 433 379 sormam
463 330 708 386 provinciae
740 333 929 387 proxima
959 346 1055 388 pars
1095 333 1350 379 Britanniae.

918 409 1130 460 Quaedam
1179 409 1368 452 civitates
1417 408 1680 464 Cogidumno

184 420 307 462 super
339 411 631 450 veteranorum
663 407 843 450 colonia.

810 213 1069 254 AGRIGOLAE

1421 334 1578 380 Addita
1614 334 1685 379 in-

185 481 276 535 regi
295 481 474 525 donatae
496 482 554 534 (is
576 482 627 524 ad
650 486 833 525 nostram
851 495 983 537 usque
1001 483 1245 527 memoriam
1267 483 1492 528 fidissimus
1510 484 1684 538 mansit)

179 559 324 598 vetere
356 569 404 598 ac
441 556 521 600 iarn
560 557 721 611 pridem
761 562 931 612 recepta
970 558 1110 613 populi
1150 558 1324 601 Romani
1366 558 1681 612 consuetudine,

148 634 224 673 sut
253 630 427 673 haberet
458 631 728 674 instrumenta
759 633 969 675 servitutis
1001 637 1041 675 ct
1069 645 1210 688 regeS.
1248 634 1346 677 Mox
1373 633 1521 677 Didius
1540 633 1681 679 Gallus

173 710 300 765 'parta
328 719 351 748 a
383 706 592 763 prioribus
629 708 846 761 continuit,
879 708 1023 763 paucis
1055 708 1276 751 admodum
1308 709 1492 754 castellis
1533 709 1575 752 in
1613 708 1682 754 ul·-

180 780 335 823 teriora
378 782 606 835 promotis,
648 795 722 837 per
763 794 868 837 quae
913 783 1023 825 fama
1069 784 1180 825 aucti
1222 783 1351 827 officii
1394 788 1678 839 quaereretur.

176 855 340 901 Didium
373 856 546 908 Quintus
578 857 780 902 Veranius
812 859 987 912 excepit,
1020 859 1138 912 isque
1170 858 1276 900 intra
1298 871 1450 904 annum
1473 859 1678 905 extinctus

178 935 255 974 est.
317 931 538 975 Suetonius
570 932 667 975 hinc
706 933 896 975 Paulinus
937 933 1106 976 biennio
1148 925 1372 989 prosperas
1413 946 1482 977 res
1522 934 1680 988 habult,

126 1008 165 1040 ¹⁰
182 1005 367 1048 subactis
413 1006 650 1049 nationibus
697 1007 951 1062 firmatisque
1000 1007 1222 1062 praesidiis
1235 1021 1247 1059 ;
1304 1020 1479 1062 quorum
1529 1008 1679 1052 fiducia

175 1078 339 1125 Monam
371 1080 559 1135 insulam,
592 1086 636 1124 ut
666 1082 778 1124 vires
810 1082 1036 1125 rebellibus
1069 1083 1404 1137 ministrantem,
1450 1083 1678 1141 adgressus

245 1213 278 1249 2,
309 1211 523 1257 Coqidumno
550 1216 596 1248 I':
626 1214 830 1259 Coqidunno
846 1216 901 1258 A,
934 1214 1113 1259 C'oyiduno
1144 1214 1374 1249 Puteolanus.

1443 1215 1478 1251 4.
1505 1219 1541 1249 ut
1561 1220 1679 1250 uetere

175 1281 218 1291 -.-
247 1260 495 1296 consuetudine
525 1260 668 1295 liaberet
695 1265 781 1297 TA:
810 1268 927 1296 uetere
958 1284 1003 1290 -—-
1031 1264 1302 1306 consuetudine,
1328 1269 1366 1298 ut
1390 1262 1535 1298 haherel
1564 1265 1676 1299 tacito

176 1307 382 1343 Rhenanus.

173 1367 302 1391 nanus:
424 1357 458 1392 8.

173 1406 265 1444 vires
292 1407 381 1443 FA:
409 1407 507 1443 uiros
533 1407 761 1446 Puteolanus.

228 1539 475 1569 veteranorum
502 1536 669 1570 colonia.-
699 1539 732 1572 ei
760 1549 888 1573 nomen

175 1582 476 1628 Camulodunutn5
504 1597 537 1620 v.
567 1585 629 1621 >411
653 1587 700 1623 32
726 1598 805 1622 cum
822 1599 889 1622 an-

174 1633 382 1668 notatione:

243 1709 357 1738 vetere
385 1725 429 1731 —-
456 1706 702 1740 consuetudine
719 1733 727 1749 ,
757 1712 794 1741 ul
820 1707 888 1741 Ιια-

174 1750 268 1786 heret
305 1774 348 1780 -
383 1759 414 1787 ct
439 1766 560 1800 reyes:
605 1754 814 1800 particulam
839 1761 887 1799 ut,

173 1800 209 1835 in
237 1801 336 1835 libris
354 1802 535 1837 Vaticanis
565 1808 600 1837 et
627 1804 782 1849 antiquis
809 1804 888 1838 edi-

172 1849 330 1884 tionibus
368 1856 449 1886 ante
484 1858 600 1886 vetere
636 1853 815 1896 positam,
851 1854 887 1886 in

171 1907 312 1932 versum
346 1901 507 1943 proxime
542 1901 749 1935 inferiorem
779 1901 887 1935 tacite

171 1948 357 1981 revocavit
392 1948 585 1982 Rhenanus
606 1976 615 1991 ,
666 1955 704 1983 ut
740 1949 887 1983 verbum

172 1993 316 2028 haberet
362 1996 534 2040 (populus
569 1998 764 2042 Romanus)
799 1998 886 2032 sub-

172 2042 267 2076 iecto
304 2053 368 2076 suo
416 2046 627 2079 instructum
669 2052 885 2090 compareat,

173 2090 267 2135 quod
294 2091 429 2136 alioqui
457 2093 629 2127 incertum
658 2094 770 2136 foret,
807 2106 885 2128 cum

172 2138 242 2172 duo
269 2138 379 2185 legati
419 2146 501 2174 ante
540 2143 711 2176 nominati
753 2148 884 2186 essent,

171 2186 330 2221 Plautius
371 2193 406 2222 et
433 2188 607 2224 Ostorius.
669 2191 754 2225 Nam
792 2202 885 2236 quo-

171 2236 287 2269 minus
314 2236 462 2271 verbum
488 2239 631 2272 liaberet
647 2239 689 2273 ad
705 2239 885 2274 Ostorium

170 2283 283 2318 altero
318 2285 399 2319 loco
434 2287 653 2321 nominatum
687 2289 883 2333 reseratur,

169 2332 361 2377 prohibent
385 2335 596 2379 interposita
628 2342 771 2382 uterque
796 2337 883 2372 bello

170 2383 339 2427 eqreqius.
402 2382 441 2417 ln
475 2386 623 2430 antiquo
657 2385 720 2420 illo
758 2386 883 2421 codice

169 2430 266 2473 prior
291 2441 439 2474 vorsus,
469 2438 571 2475 puto,
603 2436 724 2478 coepit
752 2445 772 2468 a
801 2435 883 2468 VE-

169 2477 305 2520 TERE,
343 2478 433 2512 alter
460 2480 503 2513 ab
531 2481 602 2522 VT,
641 2493 732 2527 quae
759 2485 883 2526 proxi.-

168 2536 245 2560 mus
281 2526 396 2560 scriba
434 2528 551 2562 iunxit
594 2529 648 2563 VT
689 2531 899 2565 VETERE.-

167 2574 222 2608 De
256 2584 295 2609 re
331 2575 425 2609 conf.
461 2576 582 2610 Livius
620 2578 728 2612 xle
764 2582 812 2614 24
848 2584 884 2613 et

167 2623 318 2667 epistola
347 2623 558 2658 Mithridatis
595 2626 637 2659 ad
664 2637 785 2671 regem
812 2628 882 2661 Ar-

164 2681 283 2705 sacem
318 2672 354 2704 in
392 2671 601 2718 fragmentis
635 2674 716 2708 libri
743 2674 788 2708 1v
814 2676 879 2708 Hi..

164 2721 352 2754 storiarum
367 2719 538 2755 Sallustii.
565 2723 739 2757 Recentia
755 2734 880 2757 exem-

165 2768 225 2812 pla
251 2768 389 2802 Tacitus
415 2771 580 2816 suggerit
607 2770 685 2806 XIV
712 2772 776 2814 26,
816 2772 878 2807 XV

169 2818 200 2860 1,
229 2817 270 2851 H.
299 2815 331 2850 11
355 2817 413 2851 81.

238 2888 365 2922 Didius
392 2889 533 2925 Gallus:
562 2901 594 2924 v.
610 2891 719 2925 Tacit.
739 2891 802 2926 XII
817 2892 876 2928 40.

241 2959 380 2998 Didium
412 2962 558 3005 Quintus
609 2961 779 2999 Veranius
814 2974 877 2998 ex-

494 1368 710 1402 praenomen
737 1360 882 1402 Quintus
910 1364 964 1394 est
987 1360 1030 1396 ab
1059 1359 1207 1400 editore.
1359 1362 1413 1399 11.

454 1310 488 1344 5.
518 1315 550 1344 et
575 1321 675 1356 reyes
700 1321 756 1344 om
785 1314 826 1354 A,
856 1316 887 1344 et
914 1312 1006 1356 regis
1033 1314 1064 1346 Γ
1084 1316 1119 1345 et
1138 1311 1374 1348 Puteolanus:
1403 1313 1559 1347 correxit
1578 1312 1679 1348 Rhe-

1454 1362 1487 1398 N
1489 1372 1604 1397 omam
1630 1363 1675 1398 Δ.

959 1540 1068 1585 cepit:
1096 1539 1172 1573 XIV
1198 1539 1256 1575 29.
1320 1539 1364 1574 Ut
1398 1539 1511 1574 ceteri
1553 1549 1676 1574 omnes

959 1588 1167 1622 consulares
1202 1587 1313 1634 legati
1346 1587 1552 1622 Britanniae
1582 1588 1676 1634 (Aa-

958 1636 1011 1671 lus
1037 1636 1206 1679 Plautius,
1236 1637 1392 1671 Ostorius
1409 1637 1578 1682 Scapula,
1606 1636 1677 1672 Di-

958 1685 1034 1719 dius
1071 1685 1213 1727 Gallus,
1264 1686 1451 1719 Suetonius
1486 1685 1674 1728 Paulinus,

958 1745 989 1768 c.
1021 1734 1064 1769 16
1094 1733 1276 1767 Petronius
1306 1732 1547 1778 Turpilianus,
1573 1733 1673 1777 {Tre-

957 1781 1079 1816 bellius
1106 1782 1306 1825 Maoelmus,
1348 1782 1476 1816 Vettius
1505 1781 1672 1824 Bolanus,

958 1842 988 1864 c.
1022 1831 1061 1865 17
1090 1830 1231 1865 Petilius
1263 1831 1451 1877 Cerialis),
1486 1832 1539 1865 sic
1565 1831 1672 1865 etiam

960 1879 1134 1913 Veranius
1174 1879 1235 1912 ubi
1271 1880 1421 1924 primum
1457 1884 1673 1914 memoratus

957 1932 1023 1970 est,
1054 1927 1148 1961 haud
1174 1927 1282 1962 dubie
1309 1927 1446 1961 duobus
1470 1928 1673 1962 nominibus

956 1981 1103 2009 vocatus
1130 1981 1196 2018 est,
1223 1976 1285 2010 sed
1311 1976 1431 2018 Quinti
1456 1987 1674 2020 praenomen

956 2035 975 2057 a
1002 2035 1059 2058 me
1092 2024 1249 2058 additum
1286 2023 1428 2058 delituit
1463 2025 1499 2058 in
1531 2025 1674 2070 scriptis

955 2071 1055 2105 libris
1084 2076 1119 2106 et
1134 2072 1250 2114 editis,
1273 2073 1468 2117 antiquitus
1490 2083 1554 2117 per
1573 2083 1674 2107 com-

954 2120 1121 2164 pendium
1172 2130 1380 2164 expressum
1418 2121 1512 2166 (Q.)
1557 2131 1673 2168 eoque

954 2168 1116 2214 proclive
1143 2168 1186 2203 ad
1217 2168 1512 2209 intercidendum.

1026 2239 1213 2273 Suetonius
1238 2239 1322 2273 ltine
1347 2235 1536 2274 Paulinus:
1575 2239 1671 2276 conf.

956 2287 1031 2322 XIV
1059 2287 1215 2323 29—39.
1279 2289 1332 2322 Dc
1359 2289 1462 2323 Mona
1491 2288 1607 2323 insula
1636 2299 1671 2324 v.

953 2341 1074 2370 annot.
1102 2335 1146 2370 ad
1175 2335 1255 2371 XIV
1281 2337 1328 2373 29
1356 2342 1390 2372 et
1404 2337 1539 2372 Plinius
1559 2337 1592 2372 11
1613 2337 1670 2381 77,

1017 2434 1233 2477 firmatisque
1255 2435 1445 2480 praesidiis
1459 2445 1472 2468 .·
1497 2434 1532 2468 h.
1551 2446 1583 2469 c.
1601 2435 1670 2481 fir-

952 2481 1017 2514 mis
1038 2482 1229 2526 praesidiis
1250 2483 1383 2527 positis.
1431 2481 1535 2530 Qonf.
1554 2483 1578 2525 ,1
1603 2483 1670 2518 51:

952 2529 1117 2563 vicesima
1142 2529 1231 2574 legio
1267 2536 1368 2575 terga
1400 2531 1555 2574 firmavit
1587 2530 1670 2576 (tir-

953 2587 1009 2611 ma
1034 2578 1189 2611 reddidit
1216 2583 1363 2625 terga);
1405 2578 1483 2614 Xlll
1508 2579 1576 2614 41:
1604 2590 1671 2612 nec

952 2625 989 2659 id
1014 2626 1112 2660 nobis
1136 2627 1264 2661 virium
1289 2633 1367 2661 erat
1393 2627 1482 2672 quod
1495 2627 1669 2671 firmando

950 2675 1128 2719 praesidio
1145 2675 1263 2720 (firmo
1281 2676 1458 2719 praesidio
1480 2675 1667 2722 faciendo)

950 2728 982 2755 et
996 2724 1207 2768 capessendo
1220 2724 1306 2758 bello
1328 2725 1552 2759 divideretur.
1579 2725 1668 2770 Agr.

948 2771 1017 2805 35:
1043 2777 1080 2805 ut
1103 2772 1256 2817 peditum
1282 2772 1419 2806 auxilia
1451 2794 1495 2800 —
1522 2773 1672 2807 mediam

948 2820 1060 2853 aciem
1081 2822 1266 2864 firmarent
1293 2822 1445 2865 (lirmam
1471 2822 1586 2856 aciem
1613 2821 1671 2855 ef-

927 2867 1131 2914 ficerent).
1159 2870 1200 2904 H.
1231 2870 1262 2904 V
1287 2871 1348 2904 12:
1375 2870 1526 2904 mediam
1550 2869 1671 2904 urbem

949 2915 1123 2960 Ioannes,
1171 2918 1333 2966 templum
1364 2917 1563 2954 Eleazarus
1586 2918 1664 2965 ffir-

947 2970 1118 3000 manerat.
