<?xml version="1.0" encoding="UTF-8"?>
<!DOCTYPE html PUBLIC "-//W3C//DTD XHTML 1.0 Transitional//EN"
    "http://www.w3.org/TR/xhtml1/DTD/xhtml1-transitional.dtd">
<html xmlns="http://www.w3.org/1999/xhtml" xml:lang="en" lang="en">
 <head>
  <title>
</title>
<meta http-equiv="Content-Type" content="text/html;charset=utf-8" />
  <meta name='ocr-system' content='tesseract 3.04.00' />
  <meta name='ocr-capabilities' content='ocr_page ocr_carea ocr_par ocr_line ocrx_word'/>
</head>
<body>
  <div class='ocr_page' id='page_1' title='image "./operaadcodicesan03taciuoft/operaadcodicesan03taciuoft_0387.png"; bbox 0 0 1768 3216; ppageno 0'>
   <div class='ocr_carea' id='block_1_1' title="bbox 140 213 1614 279">
    <p class='ocr_par' dir='ltr' id='par_1_1' title="bbox 140 213 1614 279">
     <span class='ocr_line' id='line_1_1' title="bbox 140 213 1614 279; baseline -0.004 -1"><span class='ocrx_word' id='word_1_1' title='bbox 140 213 226 279; x_wconf 59' lang='grc' dir='ltr'><strong>ἆο.</strong></span> <span class='ocrx_word' id='word_1_2' title='bbox 254 241 312 277; x_wconf 82' lang='grc'><strong>70.</strong></span> <span class='ocrx_word' id='word_1_3' title='bbox 637 239 773 278; x_wconf 70' lang='lat' dir='ltr'><strong>Lmen</strong></span> <span class='ocrx_word' id='word_1_4' title='bbox 799 241 837 278; x_wconf 85' lang='lat' dir='ltr'><strong>v,</strong></span> <span class='ocrx_word' id='word_1_5' title='bbox 892 239 979 276; x_wconf 61' lang='lat' dir='ltr'><strong>en.</strong></span> <span class='ocrx_word' id='word_1_6' title='bbox 1007 241 1114 278; x_wconf 75' lang='lat'><strong>2-3.</strong></span> <span class='ocrx_word' id='word_1_7' title='bbox 1568 233 1614 272; x_wconf 65' lang='lat' dir='ltr'><strong>eo</strong></span> 
     </span>
    </p>
   </div>
   <div class='ocr_carea' id='block_1_2' title="bbox 66 356 1675 1008">
    <p class='ocr_par' dir='ltr' id='par_1_2' title="bbox 66 356 1641 413">
     <span class='ocr_line' id='line_1_2' title="bbox 66 356 1641 413; baseline -0.003 -13"><span class='ocrx_word' id='word_1_8' title='bbox 66 393 84 409; x_wconf 79' lang='lat'><strong>,</strong></span> <span class='ocrx_word' id='word_1_9' title='bbox 140 356 272 411; x_wconf 78' lang='lat' dir='ltr'><strong>initia,</strong></span> <span class='ocrx_word' id='word_1_10' title='bbox 304 357 509 413; x_wconf 82' lang='lat' dir='ltr'>Solymos,</span> <span class='ocrx_word' id='word_1_11' title='bbox 543 358 797 401; x_wconf 83' lang='lat' dir='ltr'><strong>carminibus</strong></span> <span class='ocrx_word' id='word_1_12' title='bbox 819 357 989 399; x_wconf 81' lang='lat' dir='ltr'>Homeri</span> <span class='ocrx_word' id='word_1_13' title='bbox 1024 356 1276 399; x_wconf 81' lang='lat' dir='ltr'><strong>celebratam</strong></span> <span class='ocrx_word' id='word_1_14' title='bbox 1305 358 1500 412; x_wconf 81' lang='lat' dir='ltr'>gentem,</span> <span class='ocrx_word' id='word_1_15' title='bbox 1533 364 1641 396; x_wconf 91' lang='lat' dir='ltr'><strong>con-</strong></span> 
     </span>
    </p>

    <p class='ocr_par' dir='ltr' id='par_1_3' title="bbox 97 430 1675 1008">
     <span class='ocr_line' id='line_1_3' title="bbox 97 430 1640 488; baseline -0.003 -12"><span class='ocrx_word' id='word_1_16' title='bbox 97 431 252 483; x_wconf 67' lang='lat' dir='ltr'><strong>aditae</strong></span> <span class='ocrx_word' id='word_1_17' title='bbox 275 432 369 474; x_wconf 86' lang='lat' dir='ltr'><strong>urbi</strong></span> <span class='ocrx_word' id='word_1_18' title='bbox 388 433 676 488; x_wconf 80' lang='lat' dir='ltr'><strong>Hierosolyma</strong></span> <span class='ocrx_word' id='word_1_19' title='bbox 707 445 860 474; x_wconf 89' lang='lat' dir='ltr'><strong>nomen</strong></span> <span class='ocrx_word' id='word_1_20' title='bbox 890 444 913 473; x_wconf 93' lang='lat' dir='ltr'><strong>e</strong></span> <span class='ocrx_word' id='word_1_21' title='bbox 933 444 1009 474; x_wconf 92' lang='lat' dir='ltr'><strong>suo</strong></span> <span class='ocrx_word' id='word_1_22' title='bbox 1031 431 1198 475; x_wconf 79' lang='lat' dir='ltr'><strong>fecisse.</strong></span> <span class='ocrx_word' id='word_1_23' title='bbox 1247 430 1415 473; x_wconf 88' lang='lat' dir='ltr'>Plurimi</span> <span class='ocrx_word' id='word_1_24' title='bbox 1445 433 1640 472; x_wconf 77' lang='lat' dir='ltr'><strong>auctores</strong></span> 
     </span>
     <span class='ocr_line' id='line_1_4' title="bbox 140 503 1640 562; baseline -0.003 -13"><span class='ocrx_word' id='word_1_25' title='bbox 140 508 421 560; x_wconf 88' lang='lat' dir='ltr'><strong>consentiunt,</strong></span> <span class='ocrx_word' id='word_1_26' title='bbox 454 512 544 549; x_wconf 87' lang='lat' dir='ltr'><strong>orta</strong></span> <span class='ocrx_word' id='word_1_27' title='bbox 574 519 649 561; x_wconf 89' lang='lat' dir='ltr'><strong>per</strong></span> <span class='ocrx_word' id='word_1_28' title='bbox 678 508 911 562; x_wconf 75' lang='lat' dir='ltr'><strong>Aegyptum</strong></span> <span class='ocrx_word' id='word_1_29' title='bbox 938 507 1033 549; x_wconf 82' lang='lat' dir='ltr'><strong>tabe</strong></span> <span class='ocrx_word' id='word_1_30' title='bbox 1065 519 1172 560; x_wconf 84' lang='lat' dir='ltr'><strong>quae</strong></span> <span class='ocrx_word' id='word_1_31' title='bbox 1213 518 1394 560; x_wconf 84' lang='lat' dir='ltr'><strong>corpora</strong></span> <span class='ocrx_word' id='word_1_32' title='bbox 1434 503 1640 554; x_wconf 85' lang='lat' dir='ltr'><strong>foedaret,</strong></span> 
     </span>
     <span class='ocr_line' id='line_1_5' title="bbox 139 580 1644 636; baseline -0.003 -12"><span class='ocrx_word' id='word_1_33' title='bbox 139 594 285 636; x_wconf 75' lang='lat' dir='ltr'><strong>regem</strong></span> <span class='ocrx_word' id='word_1_34' title='bbox 306 581 578 635; x_wconf 83' lang='lat' dir='ltr'>Bocchorim,</span> <span class='ocrx_word' id='word_1_35' title='bbox 612 582 724 623; x_wconf 85' lang='lat' dir='ltr'><strong>adito</strong></span> <span class='ocrx_word' id='word_1_36' title='bbox 756 581 997 623; x_wconf 85' lang='lat' dir='ltr'>Hammonis</span> <span class='ocrx_word' id='word_1_37' title='bbox 1030 581 1200 625; x_wconf 84' lang='lat' dir='ltr'><strong>oraculo</strong></span> <span class='ocrx_word' id='word_1_38' title='bbox 1231 580 1462 623; x_wconf 88' lang='lat' dir='ltr'><strong>remedium</strong></span> <span class='ocrx_word' id='word_1_39' title='bbox 1492 582 1644 633; x_wconf 88' lang='lat' dir='ltr'><strong>peten-</strong></span> 
     </span>
     <span class='ocr_line' id='line_1_6' title="bbox 139 652 1675 712; baseline -0.003 -14"><span class='ocrx_word' id='word_1_40' title='bbox 139 659 251 709; x_wconf 81' lang='lat' dir='ltr'><strong>tem,</strong></span> <span class='ocrx_word' id='word_1_41' title='bbox 295 668 476 712; x_wconf 80' lang='lat' dir='ltr'><strong>purgare</strong></span> <span class='ocrx_word' id='word_1_42' title='bbox 520 669 696 712; x_wconf 86' lang='lat' dir='ltr'><strong>regnum</strong></span> <span class='ocrx_word' id='word_1_43' title='bbox 727 661 768 698; x_wconf 90' lang='lat' dir='ltr'><strong>et</strong></span> <span class='ocrx_word' id='word_1_44' title='bbox 796 657 837 698; x_wconf 91' lang='lat' dir='ltr'><strong>id</strong></span> <span class='ocrx_word' id='word_1_45' title='bbox 869 668 1004 711; x_wconf 88' lang='lat' dir='ltr'><strong>genus</strong></span> <span class='ocrx_word' id='word_1_46' title='bbox 1035 655 1245 697; x_wconf 90' lang='lat' dir='ltr'><strong>hominum</strong></span> <span class='ocrx_word' id='word_1_47' title='bbox 1275 659 1320 696; x_wconf 90' lang='lat' dir='ltr'><strong>ut</strong></span> <span class='ocrx_word' id='word_1_48' title='bbox 1348 654 1526 696; x_wconf 90' lang='lat' dir='ltr'><strong>invisum</strong></span> <span class='ocrx_word' id='word_1_49' title='bbox 1552 652 1675 694; x_wconf 73' lang='lat' dir='ltr'><strong>deiss</strong></span> 
     </span>
     <span class='ocr_line' id='line_1_7' title="bbox 139 728 1644 784; baseline -0.003 -13"><span class='ocrx_word' id='word_1_50' title='bbox 139 729 243 772; x_wconf 82' lang='lat' dir='ltr'><strong>alias</strong></span> <span class='ocrx_word' id='word_1_51' title='bbox 276 730 316 771; x_wconf 92' lang='lat' dir='ltr'><strong>in</strong></span> <span class='ocrx_word' id='word_1_52' title='bbox 347 735 482 772; x_wconf 86' lang='lat' dir='ltr'><strong>terras</strong></span> <span class='ocrx_word' id='word_1_53' title='bbox 513 731 695 774; x_wconf 86' lang='lat' dir='ltr'><strong>avehere</strong></span> <span class='ocrx_word' id='word_1_54' title='bbox 723 732 895 774; x_wconf 90' lang='lat' dir='ltr'><strong>iussum.</strong></span> <span class='ocrx_word' id='word_1_55' title='bbox 943 731 1013 774; x_wconf 89' lang='lat' dir='ltr'><strong>Sic</strong></span> <span class='ocrx_word' id='word_1_56' title='bbox 1045 730 1318 784; x_wconf 82' lang='lat' dir='ltr'><strong>conquisitum</strong></span> <span class='ocrx_word' id='word_1_57' title='bbox 1341 728 1644 780; x_wconf 88' lang='lat' dir='ltr'><strong>collectumque</strong></span> 
     </span>
     <span class='ocr_line' id='line_1_8' title="bbox 139 802 1643 859; baseline -0.003 -12"><span class='ocrx_word' id='word_1_58' title='bbox 139 804 303 859; x_wconf 87' lang='lat' dir='ltr'><strong>vulgus,</strong></span> <span class='ocrx_word' id='word_1_59' title='bbox 333 809 549 859; x_wconf 81' lang='lat' dir='ltr'>postquam</span> <span class='ocrx_word' id='word_1_60' title='bbox 579 807 709 848; x_wconf 84' lang='lat' dir='ltr'><strong>vastis</strong></span> <span class='ocrx_word' id='word_1_61' title='bbox 742 806 849 847; x_wconf 90' lang='lat' dir='ltr'><strong>locis</strong></span> <span class='ocrx_word' id='word_1_62' title='bbox 880 805 1070 846; x_wconf 86' lang='lat' dir='ltr'><strong>relictum</strong></span> <span class='ocrx_word' id='word_1_63' title='bbox 1087 805 1155 857; x_wconf 87' lang='lat' dir='ltr'><strong>sit,</strong></span> <span class='ocrx_word' id='word_1_64' title='bbox 1185 803 1337 846; x_wconf 90' lang='lat' dir='ltr'><strong>ceteris</strong></span> <span class='ocrx_word' id='word_1_65' title='bbox 1358 815 1433 857; x_wconf 88' lang='lat' dir='ltr'><strong>per</strong></span> <span class='ocrx_word' id='word_1_66' title='bbox 1449 802 1643 844; x_wconf 81' lang='lat' dir='ltr'><strong>lacrimas</strong></span> 
     </span>
     <span class='ocr_line' id='line_1_9' title="bbox 139 877 1643 934; baseline -0.003 -14"><span class='ocrx_word' id='word_1_67' title='bbox 139 879 414 933; x_wconf 83' lang='lat' dir='ltr'><strong>torpentihuS,</strong></span> <span class='ocrx_word' id='word_1_68' title='bbox 445 880 619 934; x_wconf 89' lang='lat' dir='ltr'>Moysen</span> <span class='ocrx_word' id='word_1_69' title='bbox 649 892 775 921; x_wconf 91' lang='lat' dir='ltr'><strong>unum</strong></span> <span class='ocrx_word' id='word_1_70' title='bbox 806 879 972 922; x_wconf 80' lang='lat' dir='ltr'><strong>exulum</strong></span> <span class='ocrx_word' id='word_1_71' title='bbox 1005 879 1221 921; x_wconf 92' lang='lat' dir='ltr'><strong>monuisse</strong></span> <span class='ocrx_word' id='word_1_72' title='bbox 1253 891 1306 920; x_wconf 89' lang='lat' dir='ltr'><strong>ne</strong></span> <span class='ocrx_word' id='word_1_73' title='bbox 1329 889 1450 931; x_wconf 86' lang='lat' dir='ltr'><strong>quam</strong></span> <span class='ocrx_word' id='word_1_74' title='bbox 1470 877 1643 918; x_wconf 89' lang='lat' dir='ltr'><strong>deorum</strong></span> 
     </span>
     <span class='ocr_line' id='line_1_10' title="bbox 139 943 1642 1008; baseline -0.003 -12"><span class='ocrx_word' id='word_1_75' title='bbox 139 953 406 996; x_wconf 88' lang='lat' dir='ltr'><strong>hominumve</strong></span> <span class='ocrx_word' id='word_1_76' title='bbox 442 965 561 1008; x_wconf 91' lang='lat' dir='ltr'><strong>opem</strong></span> <span class='ocrx_word' id='word_1_77' title='bbox 594 943 864 1008; x_wconf 80' lang='lat' dir='ltr'><strong>expectarent</strong></span> <span class='ocrx_word' id='word_1_78' title='bbox 894 954 1082 1008; x_wconf 89' lang='lat' dir='ltr'><strong>utrisque</strong></span> <span class='ocrx_word' id='word_1_79' title='bbox 1121 952 1302 1006; x_wconf 87' lang='lat' dir='ltr'><strong>deserti,</strong></span> <span class='ocrx_word' id='word_1_80' title='bbox 1355 951 1431 993; x_wconf 93' lang='lat' dir='ltr'><strong>sed</strong></span> <span class='ocrx_word' id='word_1_81' title='bbox 1475 950 1642 993; x_wconf 87' lang='lat' dir='ltr'><strong>sibimet</strong></span> 
     </span>
    </p>
   </div>
   <div class='ocr_carea' id='block_1_3' title="bbox 1430 1019 1476 1030">
    <p class='ocr_par' dir='ltr' id='par_1_4' title="bbox 1430 1019 1476 1030">
     <span class='ocr_line' id='line_1_11' title="bbox 1430 1019 1476 1030; baseline 0 -4"><span class='ocrx_word' id='word_1_82' title='bbox 1430 1019 1476 1030; x_wconf 40' lang='grc' dir='ltr'><strong>,μ-</strong></span> 
     </span>
    </p>
   </div>
   <div class='ocr_carea' id='block_1_4' title="bbox 138 1123 1646 1648">
    <p class='ocr_par' dir='ltr' id='par_1_5' title="bbox 138 1123 1646 1648">
     <span class='ocr_line' id='line_1_12' title="bbox 238 1123 1643 1162; baseline -0.004 -1"><span class='ocrx_word' id='word_1_83' title='bbox 238 1125 242 1128; x_wconf 66' lang='grc'><em>’</em></span> <span class='ocrx_word' id='word_1_84' title='bbox 275 1129 306 1162; x_wconf 89' lang='lat'><strong>1.</strong></span> <span class='ocrx_word' id='word_1_85' title='bbox 338 1126 500 1161; x_wconf 77' lang='lat' dir='ltr'><strong>conditae</strong></span> <span class='ocrx_word' id='word_1_86' title='bbox 524 1126 605 1161; x_wconf 75' lang='lat' dir='ltr'><strong>urbi</strong></span> <span class='ocrx_word' id='word_1_87' title='bbox 628 1125 732 1161; x_wconf 69' lang='lat' dir='ltr'><strong>GMaz</strong></span> <span class='ocrx_word' id='word_1_88' title='bbox 759 1127 937 1161; x_wconf 81' lang='lat' dir='ltr'><strong>conditam</strong></span> <span class='ocrx_word' id='word_1_89' title='bbox 959 1126 1080 1160; x_wconf 81' lang='lat' dir='ltr'><strong>urbem</strong></span> <span class='ocrx_word' id='word_1_90' title='bbox 1108 1124 1339 1159; x_wconf 81' lang='lat' dir='ltr'><strong>Puteolanus.</strong></span> <span class='ocrx_word' id='word_1_91' title='bbox 1439 1126 1472 1159; x_wconf 84' lang='lat'><strong>2.</strong></span> <span class='ocrx_word' id='word_1_92' title='bbox 1520 1123 1643 1157; x_wconf 77' lang='lat' dir='ltr'><strong>hiero-</strong></span> 
     </span>
     <span class='ocr_line' id='line_1_13' title="bbox 138 1171 1644 1220; baseline -0.003 -10"><span class='ocrx_word' id='word_1_93' title='bbox 138 1174 272 1220; x_wconf 75' lang='lat' dir='ltr'><strong>solyma</strong></span> <span class='ocrx_word' id='word_1_94' title='bbox 297 1186 376 1210; x_wconf 87' lang='lat' dir='ltr'><strong>cum</strong></span> <span class='ocrx_word' id='word_1_95' title='bbox 402 1175 538 1210; x_wconf 89' lang='lat' dir='ltr'><strong>lineola</strong></span> <span class='ocrx_word' id='word_1_96' title='bbox 564 1186 672 1220; x_wconf 90' lang='lat' dir='ltr'><strong>super</strong></span> <span class='ocrx_word' id='word_1_97' title='bbox 697 1175 765 1210; x_wconf 88' lang='lat' dir='ltr'><strong>litt.</strong></span> <span class='ocrx_word' id='word_1_98' title='bbox 795 1187 818 1210; x_wconf 80' lang='lat' dir='ltr'><em>a</em></span> <span class='ocrx_word' id='word_1_99' title='bbox 842 1176 1048 1210; x_wconf 74' lang='lat' dir='ltr'><strong>recentiore</strong></span> <span class='ocrx_word' id='word_1_100' title='bbox 1077 1185 1183 1208; x_wconf 87' lang='lat' dir='ltr'><strong>manu</strong></span> <span class='ocrx_word' id='word_1_101' title='bbox 1210 1173 1317 1207; x_wconf 82' lang='lat' dir='ltr'><strong>duct-a</strong></span> <span class='ocrx_word' id='word_1_102' title='bbox 1351 1171 1404 1207; x_wconf 74' lang='lat' dir='ltr'><strong>Ma</strong></span> <span class='ocrx_word' id='word_1_103' title='bbox 1425 1184 1433 1206; x_wconf 90' lang='lat'><strong>:</strong></span> <span class='ocrx_word' id='word_1_104' title='bbox 1475 1172 1644 1218; x_wconf 79' lang='lat' dir='ltr'><strong>hyeroso-</strong></span> 
     </span>
     <span class='ocr_line' id='line_1_14' title="bbox 140 1221 1644 1266; baseline -0.002 -9"><span class='ocrx_word' id='word_1_105' title='bbox 140 1223 227 1258; x_wconf 72' lang='lat' dir='ltr'><strong>linui</strong></span> <span class='ocrx_word' id='word_1_106' title='bbox 253 1223 293 1258; x_wconf 90' lang='lat' dir='ltr'><strong>G.</strong></span> <span class='ocrx_word' id='word_1_107' title='bbox 391 1235 517 1258; x_wconf 83' lang='lat' dir='ltr'><strong>nomen</strong></span> <span class='ocrx_word' id='word_1_108' title='bbox 543 1235 561 1257; x_wconf 89' lang='lat' dir='ltr'><strong>e</strong></span> <span class='ocrx_word' id='word_1_109' title='bbox 587 1223 802 1259; x_wconf 87' lang='lat' dir='ltr'><strong>Rhenanus:</strong></span> <span class='ocrx_word' id='word_1_110' title='bbox 829 1225 971 1258; x_wconf 81' lang='lat' dir='ltr'><strong>nomine</strong></span> <span class='ocrx_word' id='word_1_111' title='bbox 999 1221 1094 1266; x_wconf 52' lang='lat' dir='ltr'><strong>GM&amp;</strong></span> <span class='ocrx_word' id='word_1_112' title='bbox 1184 1223 1216 1256; x_wconf 94' lang='grc'><strong>7.</strong></span> <span class='ocrx_word' id='word_1_113' title='bbox 1245 1222 1364 1266; x_wconf 68' lang='lat' dir='ltr'><strong>volgus</strong></span> <span class='ocrx_word' id='word_1_114' title='bbox 1390 1221 1448 1256; x_wconf 88' lang='lat' dir='ltr'><strong>Or.</strong></span> <span class='ocrx_word' id='word_1_115' title='bbox 1537 1221 1644 1255; x_wconf 81' lang='lat' dir='ltr'><strong>vastis</strong></span> 
     </span>
     <span class='ocr_line' id='line_1_15' title="bbox 140 1269 1645 1319; baseline -0.003 -13"><span class='ocrx_word' id='word_1_116' title='bbox 140 1271 299 1306; x_wconf 74' lang='lat' dir='ltr'><strong>Arabiae</strong></span> <span class='ocrx_word' id='word_1_117' title='bbox 323 1272 410 1307; x_wconf 75' lang='lat' dir='ltr'><strong>locis</strong></span> <span class='ocrx_word' id='word_1_118' title='bbox 436 1272 676 1307; x_wconf 76' lang='lat' dir='ltr'><strong>Tertullianus</strong></span> <span class='ocrx_word' id='word_1_119' title='bbox 701 1273 858 1319; x_wconf 84' lang='lat' dir='ltr'><strong>Apolog.</strong></span> <span class='ocrx_word' id='word_1_120' title='bbox 889 1283 918 1306; x_wconf 92' lang='lat' dir='ltr'><strong>c.</strong></span> <span class='ocrx_word' id='word_1_121' title='bbox 951 1271 1006 1314; x_wconf 86' lang='lat'><strong>16,</strong></span> <span class='ocrx_word' id='word_1_122' title='bbox 1032 1271 1227 1305; x_wconf 80' lang='lat' dir='ltr'><strong>memoriae</strong></span> <span class='ocrx_word' id='word_1_123' title='bbox 1255 1270 1359 1303; x_wconf 86' lang='lat' dir='ltr'><strong>vitio.</strong></span> <span class='ocrx_word' id='word_1_124' title='bbox 1451 1269 1486 1304; x_wconf 87' lang='lat'><strong>8.</strong></span> <span class='ocrx_word' id='word_1_125' title='bbox 1525 1280 1645 1303; x_wconf 84' lang='lat' dir='ltr'><strong>mosen</strong></span> 
     </span>
     <span class='ocr_line' id='line_1_16' title="bbox 140 1317 1644 1367; baseline -0.003 -12"><span class='ocrx_word' id='word_1_126' title='bbox 140 1319 206 1364; x_wconf 58' lang='lat' dir='ltr'><strong>Ma,</strong></span> <span class='ocrx_word' id='word_1_127' title='bbox 233 1320 317 1355; x_wconf 85' lang='lat' dir='ltr'><strong>dein</strong></span> <span class='ocrx_word' id='word_1_128' title='bbox 342 1320 398 1355; x_wconf 88' lang='lat' dir='ltr'><strong>bis</strong></span> <span class='ocrx_word' id='word_1_129' title='bbox 422 1333 575 1367; x_wconf 80' lang='lat' dir='ltr'><strong>moyses:</strong></span> <span class='ocrx_word' id='word_1_130' title='bbox 614 1321 642 1356; x_wconf 89' lang='lat' dir='ltr'>G</span> <span class='ocrx_word' id='word_1_131' title='bbox 666 1333 836 1366; x_wconf 80' lang='lat' dir='ltr'><strong>moysem,</strong></span> <span class='ocrx_word' id='word_1_132' title='bbox 864 1331 946 1354; x_wconf 80' lang='lat' dir='ltr'><strong>mox</strong></span> <span class='ocrx_word' id='word_1_133' title='bbox 974 1320 1122 1364; x_wconf 82' lang='lat' dir='ltr'><strong>Moyses.</strong></span> <span class='ocrx_word' id='word_1_134' title='bbox 1256 1319 1290 1354; x_wconf 88' lang='lat'><strong>9.</strong></span> <span class='ocrx_word' id='word_1_135' title='bbox 1319 1318 1472 1362; x_wconf 80' lang='lat' dir='ltr'><strong>utrisque</strong></span> <span class='ocrx_word' id='word_1_136' title='bbox 1499 1317 1574 1360; x_wconf 67' lang='lat' dir='ltr'><strong>Ma,</strong></span> <span class='ocrx_word' id='word_1_137' title='bbox 1601 1317 1644 1351; x_wconf 81' lang='lat' dir='ltr'><strong>ab</strong></span> 
     </span>
     <span class='ocr_line' id='line_1_17' title="bbox 139 1366 1645 1416; baseline -0.002 -14"><span class='ocrx_word' id='word_1_138' title='bbox 139 1366 294 1414; x_wconf 76' lang='lat' dir='ltr'><strong>utrisque</strong></span> <span class='ocrx_word' id='word_1_139' title='bbox 320 1369 359 1403; x_wconf 92' lang='lat' dir='ltr'><strong>G.</strong></span> <span class='ocrx_word' id='word_1_140' title='bbox 440 1370 515 1416; x_wconf 78' lang='lat' dir='ltr'><strong>sed]</strong></span> <span class='ocrx_word' id='word_1_141' title='bbox 546 1369 662 1404; x_wconf 89' lang='lat' dir='ltr'><strong>Orosii</strong></span> <span class='ocrx_word' id='word_1_142' title='bbox 694 1372 731 1415; x_wconf 84' lang='lat'><strong>(1</strong></span> <span class='ocrx_word' id='word_1_143' title='bbox 766 1371 827 1416; x_wconf 90' lang='grc'><strong>10)</strong></span> <span class='ocrx_word' id='word_1_144' title='bbox 859 1369 972 1403; x_wconf 85' lang='lat' dir='ltr'><strong>codex</strong></span> <span class='ocrx_word' id='word_1_145' title='bbox 1000 1368 1247 1414; x_wconf 82' lang='lat' dir='ltr'><strong>Sangallensis</strong></span> <span class='ocrx_word' id='word_1_146' title='bbox 1278 1378 1350 1401; x_wconf 90' lang='lat' dir='ltr'><strong>sec.</strong></span> <span class='ocrx_word' id='word_1_147' title='bbox 1379 1366 1424 1400; x_wconf 88' lang='lat' dir='ltr'><strong>lx</strong></span> <span class='ocrx_word' id='word_1_148' title='bbox 1451 1377 1485 1399; x_wconf 90' lang='lat' dir='ltr'><strong>n.</strong></span> <span class='ocrx_word' id='word_1_149' title='bbox 1514 1366 1597 1408; x_wconf 86' lang='lat'><strong>621,</strong></span> <span class='ocrx_word' id='word_1_150' title='bbox 1625 1376 1645 1399; x_wconf 86' lang='lat' dir='ltr'><strong>a</strong></span> 
     </span>
     <span class='ocr_line' id='line_1_18' title="bbox 139 1415 1644 1461; baseline -0.002 -11"><span class='ocrx_word' id='word_1_151' title='bbox 139 1417 282 1451; x_wconf 85' lang='lat' dir='ltr'><strong>Baitero</strong></span> <span class='ocrx_word' id='word_1_152' title='bbox 310 1417 483 1461; x_wconf 86' lang='lat' dir='ltr'><strong>collatus,</strong></span> <span class='ocrx_word' id='word_1_153' title='bbox 512 1423 547 1452; x_wconf 85' lang='lat' dir='ltr'><strong>et</strong></span> <span class='ocrx_word' id='word_1_154' title='bbox 576 1418 627 1453; x_wconf 90' lang='lat' dir='ltr'><strong>G:</strong></span> <span class='ocrx_word' id='word_1_155' title='bbox 665 1418 719 1452; x_wconf 81' lang='lat' dir='ltr'><strong>Ma</strong></span> <span class='ocrx_word' id='word_1_156' title='bbox 746 1425 789 1452; x_wconf 86' lang='lat' dir='ltr'><strong>et.</strong></span> <span class='ocrx_word' id='word_1_157' title='bbox 887 1417 1021 1451; x_wconf 81' lang='lat' dir='ltr'><strong>sibimet</strong></span> <span class='ocrx_word' id='word_1_158' title='bbox 1050 1418 1152 1450; x_wconf 83' lang='lat' dir='ltr'><strong>duces</strong></span> <span class='ocrx_word' id='word_1_159' title='bbox 1181 1415 1329 1450; x_wconf 79' lang='lat' dir='ltr'><strong>caeleste</strong></span> <span class='ocrx_word' id='word_1_160' title='bbox 1357 1415 1542 1448; x_wconf 77' lang='lat' dir='ltr'><strong>crederent</strong></span> <span class='ocrx_word' id='word_1_161' title='bbox 1564 1415 1644 1460; x_wconf 82' lang='lat' dir='ltr'><strong>pri-</strong></span> 
     </span>
     <span class='ocr_line' id='line_1_19' title="bbox 139 1463 1644 1510; baseline -0.003 -10"><span class='ocrx_word' id='word_1_162' title='bbox 139 1477 231 1501; x_wconf 88' lang='lat' dir='ltr'><strong>mum</strong></span> <span class='ocrx_word' id='word_1_163' title='bbox 260 1466 399 1500; x_wconf 86' lang='lat' dir='ltr'><strong>editor:</strong></span> <span class='ocrx_word' id='word_1_164' title='bbox 425 1467 558 1501; x_wconf 77' lang='lat' dir='ltr'><strong>sibimet</strong></span> <span class='ocrx_word' id='word_1_165' title='bbox 585 1467 670 1501; x_wconf 81' lang='lat' dir='ltr'><strong>duce</strong></span> <span class='ocrx_word' id='word_1_166' title='bbox 697 1467 840 1501; x_wconf 81' lang='lat' dir='ltr'><strong>caelesti</strong></span> <span class='ocrx_word' id='word_1_167' title='bbox 867 1466 1072 1508; x_wconf 81' lang='lat' dir='ltr'><strong>crederent,</strong></span> <span class='ocrx_word' id='word_1_168' title='bbox 1095 1466 1210 1510; x_wconf 83' lang='lat' dir='ltr'><strong>primo</strong></span> <span class='ocrx_word' id='word_1_169' title='bbox 1238 1464 1291 1498; x_wconf 69' lang='lat' dir='ltr'><strong>Ma</strong></span> <span class='ocrx_word' id='word_1_170' title='bbox 1319 1468 1353 1497; x_wconf 88' lang='lat' dir='ltr'><strong>et</strong></span> <span class='ocrx_word' id='word_1_171' title='bbox 1381 1463 1455 1506; x_wconf 86' lang='lat' dir='ltr'><strong>alii,</strong></span> <span class='ocrx_word' id='word_1_172' title='bbox 1485 1463 1551 1496; x_wconf 78' lang='lat' dir='ltr'><strong>sibi</strong></span> <span class='ocrx_word' id='word_1_173' title='bbox 1577 1468 1644 1496; x_wconf 88' lang='lat' dir='ltr'><strong>met</strong></span> 
     </span>
     <span class='ocr_line' id='line_1_20' title="bbox 139 1511 1646 1561; baseline -0.003 -13"><span class='ocrx_word' id='word_1_174' title='bbox 139 1520 177 1548; x_wconf 78' lang='lat' dir='ltr'><strong>ut</strong></span> <span class='ocrx_word' id='word_1_175' title='bbox 202 1514 284 1549; x_wconf 73' lang='lat' dir='ltr'><strong>duci</strong></span> <span class='ocrx_word' id='word_1_176' title='bbox 308 1515 452 1550; x_wconf 80' lang='lat' dir='ltr'><strong>caelesti</strong></span> <span class='ocrx_word' id='word_1_177' title='bbox 475 1516 683 1551; x_wconf 81' lang='lat' dir='ltr'><strong>crederent:</strong></span> <span class='ocrx_word' id='word_1_178' title='bbox 707 1517 819 1561; x_wconf 82' lang='lat' dir='ltr'><strong>primo</strong></span> <span class='ocrx_word' id='word_1_179' title='bbox 850 1515 877 1549; x_wconf 89' lang='lat' dir='ltr'><strong>G</strong></span> <span class='ocrx_word' id='word_1_180' title='bbox 909 1519 944 1548; x_wconf 82' lang='lat' dir='ltr'><strong>et</strong></span> <span class='ocrx_word' id='word_1_181' title='bbox 970 1514 1043 1548; x_wconf 82' lang='lat' dir='ltr'><strong>alii.</strong></span> <span class='ocrx_word' id='word_1_182' title='bbox 1097 1513 1178 1547; x_wconf 82' lang='lat' dir='ltr'><strong>duci</strong></span> <span class='ocrx_word' id='word_1_183' title='bbox 1203 1512 1369 1553; x_wconf 72' lang='lat' dir='ltr'><strong>caelesti,</strong></span> <span class='ocrx_word' id='word_1_184' title='bbox 1406 1522 1476 1545; x_wconf 90' lang='lat' dir='ltr'><strong>non</strong></span> <span class='ocrx_word' id='word_1_185' title='bbox 1503 1517 1540 1545; x_wconf 83' lang='lat' dir='ltr'><strong>ut</strong></span> <span class='ocrx_word' id='word_1_186' title='bbox 1566 1511 1646 1545; x_wconf 78' lang='lat' dir='ltr'><strong>duci</strong></span> 
     </span>
     <span class='ocr_line' id='line_1_21' title="bbox 141 1559 1643 1611; baseline -0.001 -14"><span class='ocrx_word' id='word_1_187' title='bbox 141 1562 303 1606; x_wconf 76' lang='lat' dir='ltr'><strong>caelesti,</strong></span> <span class='ocrx_word' id='word_1_188' title='bbox 345 1563 461 1598; x_wconf 85' lang='lat' dir='ltr'><strong>Orosii</strong></span> <span class='ocrx_word' id='word_1_189' title='bbox 489 1564 603 1598; x_wconf 86' lang='lat' dir='ltr'><strong>codex</strong></span> <span class='ocrx_word' id='word_1_190' title='bbox 630 1564 876 1611; x_wconf 83' lang='lat' dir='ltr'><strong>Sangallensis</strong></span> <span class='ocrx_word' id='word_1_191' title='bbox 904 1568 939 1598; x_wconf 87' lang='lat' dir='ltr'><strong>et</strong></span> <span class='ocrx_word' id='word_1_192' title='bbox 965 1568 1037 1598; x_wconf 86' lang='lat' dir='ltr'><strong>tres</strong></span> <span class='ocrx_word' id='word_1_193' title='bbox 1062 1561 1293 1596; x_wconf 83' lang='lat' dir='ltr'><strong>Trevirenses</strong></span> <span class='ocrx_word' id='word_1_194' title='bbox 1320 1571 1340 1595; x_wconf 82' lang='lat' dir='ltr'><strong>a</strong></span> <span class='ocrx_word' id='word_1_195' title='bbox 1369 1560 1430 1595; x_wconf 86' lang='lat' dir='ltr'><strong>Dr.</strong></span> <span class='ocrx_word' id='word_1_196' title='bbox 1460 1559 1579 1595; x_wconf 84' lang='lat' dir='ltr'><strong>Saalio</strong></span> <span class='ocrx_word' id='word_1_197' title='bbox 1607 1561 1643 1595; x_wconf 88' lang='lat' dir='ltr'><strong>in</strong></span> 
     </span>
     <span class='ocr_line' id='line_1_22' title="bbox 144 1610 1451 1648; baseline -0.002 -2"><span class='ocrx_word' id='word_1_198' title='bbox 144 1622 262 1646; x_wconf 91' lang='lat' dir='ltr'><strong>meum</strong></span> <span class='ocrx_word' id='word_1_199' title='bbox 291 1622 392 1646; x_wconf 87' lang='lat' dir='ltr'><strong>usum</strong></span> <span class='ocrx_word' id='word_1_200' title='bbox 421 1612 588 1648; x_wconf 87' lang='lat' dir='ltr'><strong>consulti.</strong></span> <span class='ocrx_word' id='word_1_201' title='bbox 1442 1610 1451 1618; x_wconf 86' lang='lat'><strong><em>&#39;</em></strong></span> 
     </span>
    </p>
   </div>
   <div class='ocr_carea' id='block_1_5' title="bbox 139 1734 856 1977">
    <p class='ocr_par' dir='ltr' id='par_1_6' title="bbox 139 1734 856 1977">
     <span class='ocr_line' id='line_1_23' title="bbox 141 1734 854 1779; baseline 0.001 -12"><span class='ocrx_word' id='word_1_202' title='bbox 141 1745 218 1768; x_wconf 88' lang='lat' dir='ltr'><strong>sum</strong></span> <span class='ocrx_word' id='word_1_203' title='bbox 246 1739 300 1769; x_wconf 80' lang='lat' dir='ltr'><strong>est</strong></span> <span class='ocrx_word' id='word_1_204' title='bbox 315 1738 460 1779; x_wconf 84' lang='lat' dir='ltr'><strong>propter</strong></span> <span class='ocrx_word' id='word_1_205' title='bbox 481 1734 743 1779; x_wconf 80' lang='lat' dir='ltr'><strong>discrepantem</strong></span> <span class='ocrx_word' id='word_1_206' title='bbox 766 1734 854 1769; x_wconf 88' lang='lat' dir='ltr'><strong>sub-</strong></span> 
     </span>
     <span class='ocr_line' id='line_1_24' title="bbox 143 1783 855 1827; baseline 0.001 -11"><span class='ocrx_word' id='word_1_207' title='bbox 143 1783 228 1817; x_wconf 88' lang='lat' dir='ltr'><strong>iecti</strong></span> <span class='ocrx_word' id='word_1_208' title='bbox 256 1788 292 1817; x_wconf 90' lang='lat' dir='ltr'><strong>et</strong></span> <span class='ocrx_word' id='word_1_209' title='bbox 322 1783 516 1827; x_wconf 85' lang='lat' dir='ltr'><strong>praedicati</strong></span> <span class='ocrx_word' id='word_1_210' title='bbox 544 1785 697 1817; x_wconf 90' lang='lat' dir='ltr'><strong>nominis</strong></span> <span class='ocrx_word' id='word_1_211' title='bbox 726 1794 855 1817; x_wconf 90' lang='lat' dir='ltr'><strong>nume-</strong></span> 
     </span>
     <span class='ocr_line' id='line_1_25' title="bbox 142 1831 856 1876; baseline 0 -12"><span class='ocrx_word' id='word_1_212' title='bbox 142 1841 232 1866; x_wconf 86' lang='lat' dir='ltr'><strong>rum.</strong></span> <span class='ocrx_word' id='word_1_213' title='bbox 282 1831 397 1865; x_wconf 85' lang='lat' dir='ltr'><strong>Etiam</strong></span> <span class='ocrx_word' id='word_1_214' title='bbox 438 1831 533 1876; x_wconf 79' lang='lat' dir='ltr'><strong>apud</strong></span> <span class='ocrx_word' id='word_1_215' title='bbox 574 1832 786 1866; x_wconf 80' lang='lat' dir='ltr'><strong>Strabonem</strong></span> <span class='ocrx_word' id='word_1_216' title='bbox 821 1836 856 1865; x_wconf 89' lang='lat' dir='ltr'><strong>et</strong></span> 
     </span>
     <span class='ocr_line' id='line_1_26' title="bbox 142 1876 851 1924; baseline -0.001 -10"><span class='ocrx_word' id='word_1_217' title='bbox 142 1879 300 1914; x_wconf 89' lang='lat' dir='ltr'><strong>Dionem</strong></span> <span class='ocrx_word' id='word_1_218' title='bbox 339 1885 375 1914; x_wconf 90' lang='lat' dir='ltr'><strong>et</strong></span> <span class='ocrx_word' id='word_1_219' title='bbox 411 1880 602 1924; x_wconf 88' lang='lat' dir='ltr'><strong>Iosephum</strong></span> <span class='ocrx_word' id='word_1_220' title='bbox 639 1891 781 1924; x_wconf 86' lang='lat' dir='ltr'><strong>semper</strong></span> <span class='ocrx_word' id='word_1_221' title='bbox 808 1876 851 1915; x_wconf 78' lang='grc' dir='ltr'><strong>τοὶ</strong></span> 
     </span>
     <span class='ocr_line' id='line_1_27' title="bbox 139 1926 826 1977; baseline -0.003 -14"><span class='ocrx_word' id='word_1_222' title='bbox 139 1928 399 1977; x_wconf 77' lang='grc' dir='ltr'><strong><em>Ἱεροσόλυμα,</em></strong></span> <span class='ocrx_word' id='word_1_223' title='bbox 427 1939 497 1962; x_wconf 91' lang='lat' dir='ltr'><strong>non</strong></span> <span class='ocrx_word' id='word_1_224' title='bbox 526 1928 544 1972; x_wconf 82' lang='grc' dir='ltr'><em>ἧ</em></span> <span class='ocrx_word' id='word_1_225' title='bbox 568 1926 826 1977; x_wconf 77' lang='grc' dir='ltr'><strong><em>Ἱεροσόλυμα.</em></strong></span> 
     </span>
    </p>
   </div>
   <div class='ocr_carea' id='block_1_6' title="bbox 140 1997 857 2669">
    <p class='ocr_par' dir='ltr' id='par_1_7' title="bbox 140 1997 857 2669">
     <span class='ocr_line' id='line_1_28' title="bbox 215 1997 855 2044; baseline 0 -12"><span class='ocrx_word' id='word_1_226' title='bbox 215 1997 300 2044; x_wconf 87' lang='lat' dir='ltr'><strong>Cap.</strong></span> <span class='ocrx_word' id='word_1_227' title='bbox 328 1999 362 2034; x_wconf 83' lang='lat'><strong>3.</strong></span> <span class='ocrx_word' id='word_1_228' title='bbox 406 1999 552 2044; x_wconf 81' lang='lat' dir='ltr'><strong>plurimi</strong></span> <span class='ocrx_word' id='word_1_229' title='bbox 578 2006 740 2034; x_wconf 80' lang='lat' dir='ltr'><strong>auctores</strong></span> <span class='ocrx_word' id='word_1_230' title='bbox 767 2011 855 2033; x_wconf 86' lang='lat' dir='ltr'><strong>con-</strong></span> 
     </span>
     <span class='ocr_line' id='line_1_29' title="bbox 140 2047 856 2092; baseline 0.001 -12"><span class='ocrx_word' id='word_1_231' title='bbox 140 2047 316 2081; x_wconf 75' lang='lat' dir='ltr'><strong>sentiunt:</strong></span> <span class='ocrx_word' id='word_1_232' title='bbox 343 2058 435 2092; x_wconf 88' lang='lat' dir='ltr'><strong>quae</strong></span> <span class='ocrx_word' id='word_1_233' title='bbox 461 2047 506 2082; x_wconf 82' lang='lat' dir='ltr'><strong>ad</strong></span> <span class='ocrx_word' id='word_1_234' title='bbox 532 2050 666 2082; x_wconf 86' lang='lat' dir='ltr'><strong>exitum</strong></span> <span class='ocrx_word' id='word_1_235' title='bbox 692 2060 736 2082; x_wconf 89' lang='lat' dir='ltr'><strong>ex</strong></span> <span class='ocrx_word' id='word_1_236' title='bbox 762 2053 856 2082; x_wconf 86' lang='lat' dir='ltr'><strong>terra</strong></span> 
     </span>
     <span class='ocr_line' id='line_1_30' title="bbox 141 2094 855 2141; baseline 0.004 -13"><span class='ocrx_word' id='word_1_237' title='bbox 141 2094 405 2141; x_wconf 80' lang='lat' dir='ltr'><strong>Aegyptiorum</strong></span> <span class='ocrx_word' id='word_1_238' title='bbox 432 2097 611 2140; x_wconf 82' lang='lat' dir='ltr'><strong>attinent,</strong></span> <span class='ocrx_word' id='word_1_239' title='bbox 652 2096 742 2131; x_wconf 87' lang='lat' dir='ltr'><strong>haec</strong></span> <span class='ocrx_word' id='word_1_240' title='bbox 768 2107 855 2141; x_wconf 85' lang='lat' dir='ltr'><strong>pro-</strong></span> 
     </span>
     <span class='ocr_line' id='line_1_31' title="bbox 147 2143 856 2191; baseline 0.004 -15"><span class='ocrx_word' id='word_1_241' title='bbox 147 2143 257 2187; x_wconf 86' lang='lat' dir='ltr'><strong>pioris</strong></span> <span class='ocrx_word' id='word_1_242' title='bbox 293 2145 363 2177; x_wconf 85' lang='lat' dir='ltr'><strong>iam</strong></span> <span class='ocrx_word' id='word_1_243' title='bbox 389 2146 560 2189; x_wconf 88' lang='lat' dir='ltr'><strong>temporis</strong></span> <span class='ocrx_word' id='word_1_244' title='bbox 590 2150 672 2179; x_wconf 89' lang='lat' dir='ltr'><strong>sunt</strong></span> <span class='ocrx_word' id='word_1_245' title='bbox 700 2145 856 2191; x_wconf 90' lang='lat' dir='ltr'><strong>ideoque</strong></span> 
     </span>
     <span class='ocr_line' id='line_1_32' title="bbox 145 2190 856 2238; baseline 0.004 -14"><span class='ocrx_word' id='word_1_246' title='bbox 145 2192 261 2225; x_wconf 87' lang='lat' dir='ltr'><strong>miuus</strong></span> <span class='ocrx_word' id='word_1_247' title='bbox 293 2190 472 2238; x_wconf 77' lang='lat' dir='ltr'><strong>ambigua.</strong></span> <span class='ocrx_word' id='word_1_248' title='bbox 522 2193 576 2227; x_wconf 90' lang='lat' dir='ltr'><strong>De</strong></span> <span class='ocrx_word' id='word_1_249' title='bbox 604 2205 642 2227; x_wconf 91' lang='lat' dir='ltr'><strong>re</strong></span> <span class='ocrx_word' id='word_1_250' title='bbox 670 2194 765 2228; x_wconf 86' lang='lat' dir='ltr'><strong>conf.</strong></span> <span class='ocrx_word' id='word_1_251' title='bbox 794 2194 856 2227; x_wconf 91' lang='lat' dir='ltr'><strong>lo-</strong></span> 
     </span>
     <span class='ocr_line' id='line_1_33' title="bbox 141 2239 856 2286; baseline 0.006 -14"><span class='ocrx_word' id='word_1_252' title='bbox 141 2239 274 2284; x_wconf 82' lang='lat' dir='ltr'><strong>sephus</strong></span> <span class='ocrx_word' id='word_1_253' title='bbox 302 2245 426 2274; x_wconf 87' lang='lat' dir='ltr'><strong>contra</strong></span> <span class='ocrx_word' id='word_1_254' title='bbox 443 2241 574 2284; x_wconf 87' lang='lat' dir='ltr'><strong>Apion.</strong></span> <span class='ocrx_word' id='word_1_255' title='bbox 592 2242 605 2275; x_wconf 89' lang='lat'>1</span> <span class='ocrx_word' id='word_1_256' title='bbox 627 2242 673 2276; x_wconf 82' lang='lat'><strong>26</strong></span> <span class='ocrx_word' id='word_1_257' title='bbox 693 2247 728 2275; x_wconf 91' lang='lat' dir='ltr'><strong>et</strong></span> <span class='ocrx_word' id='word_1_258' title='bbox 750 2252 856 2286; x_wconf 85' lang='lat' dir='ltr'><strong>prae-</strong></span> 
     </span>
     <span class='ocr_line' id='line_1_34' title="bbox 143 2288 855 2335; baseline 0.001 -15"><span class='ocrx_word' id='word_1_259' title='bbox 143 2289 248 2331; x_wconf 88' lang='lat' dir='ltr'><strong>cipue</strong></span> <span class='ocrx_word' id='word_1_260' title='bbox 273 2288 322 2323; x_wconf 83' lang='lat'><strong>34</strong></span> <span class='ocrx_word' id='word_1_261' title='bbox 349 2299 448 2333; x_wconf 89' lang='lat' dir='ltr'><strong>sqq.,</strong></span> <span class='ocrx_word' id='word_1_262' title='bbox 476 2289 571 2323; x_wconf 86' lang='lat' dir='ltr'><strong>unde</strong></span> <span class='ocrx_word' id='word_1_263' title='bbox 603 2291 855 2335; x_wconf 88' lang='lat' dir='ltr'><strong>cognoscimus</strong></span> 
     </span>
     <span class='ocr_line' id='line_1_35' title="bbox 144 2335 857 2378; baseline 0.001 -10"><span class='ocrx_word' id='word_1_264' title='bbox 144 2335 345 2378; x_wconf 77' lang='lat' dir='ltr'><strong>Lysimachi</strong></span> <span class='ocrx_word' id='word_1_265' title='bbox 391 2337 631 2371; x_wconf 85' lang='lat' dir='ltr'><strong>narrationem</strong></span> <span class='ocrx_word' id='word_1_266' title='bbox 672 2337 715 2371; x_wconf 90' lang='lat' dir='ltr'><strong>de</strong></span> <span class='ocrx_word' id='word_1_267' title='bbox 758 2338 857 2371; x_wconf 85' lang='lat' dir='ltr'><strong>exitu</strong></span> 
     </span>
     <span class='ocr_line' id='line_1_36' title="bbox 142 2382 857 2429; baseline 0.003 -13"><span class='ocrx_word' id='word_1_268' title='bbox 142 2382 352 2417; x_wconf 82' lang='lat' dir='ltr'><strong>ludaeorum</strong></span> <span class='ocrx_word' id='word_1_269' title='bbox 371 2384 552 2429; x_wconf 85' lang='lat' dir='ltr'><strong>Aegyptio</strong></span> <span class='ocrx_word' id='word_1_270' title='bbox 564 2385 721 2419; x_wconf 84' lang='lat' dir='ltr'><strong>Tacitum</strong></span> <span class='ocrx_word' id='word_1_271' title='bbox 748 2396 857 2419; x_wconf 88' lang='lat' dir='ltr'><strong>secu-</strong></span> 
     </span>
     <span class='ocr_line' id='line_1_37' title="bbox 142 2432 857 2475; baseline 0.004 -11"><span class='ocrx_word' id='word_1_272' title='bbox 142 2436 215 2464; x_wconf 86' lang='lat' dir='ltr'><strong>tum</strong></span> <span class='ocrx_word' id='word_1_273' title='bbox 243 2442 335 2465; x_wconf 85' lang='lat' dir='ltr'><strong>esse.</strong></span> <span class='ocrx_word' id='word_1_274' title='bbox 379 2432 612 2475; x_wconf 80' lang='lat' dir='ltr'><strong>Lysimachus</strong></span> <span class='ocrx_word' id='word_1_275' title='bbox 642 2432 857 2467; x_wconf 75' lang='lat' dir='ltr'><strong>Alexandri*-</strong></span> 
     </span>
     <span class='ocr_line' id='line_1_38' title="bbox 142 2479 856 2516; baseline 0.003 -3"><span class='ocrx_word' id='word_1_276' title='bbox 142 2490 209 2513; x_wconf 89' lang='lat' dir='ltr'><strong>nus</strong></span> <span class='ocrx_word' id='word_1_277' title='bbox 245 2479 359 2514; x_wconf 81' lang='lat' dir='ltr'><strong>altero</strong></span> <span class='ocrx_word' id='word_1_278' title='bbox 395 2485 478 2514; x_wconf 90' lang='lat' dir='ltr'><strong>ante</strong></span> <span class='ocrx_word' id='word_1_279' title='bbox 514 2479 597 2515; x_wconf 87' lang='lat' dir='ltr'><strong>Chr.</strong></span> <span class='ocrx_word' id='word_1_280' title='bbox 633 2482 757 2516; x_wconf 86' lang='lat' dir='ltr'><strong>seculo</strong></span> <span class='ocrx_word' id='word_1_281' title='bbox 796 2481 856 2516; x_wconf 90' lang='lat' dir='ltr'><strong>vel</strong></span> 
     </span>
     <span class='ocr_line' id='line_1_39' title="bbox 143 2529 856 2576; baseline 0.006 -16"><span class='ocrx_word' id='word_1_282' title='bbox 143 2529 257 2573; x_wconf 83' lang='lat' dir='ltr'><strong>primo</strong></span> <span class='ocrx_word' id='word_1_283' title='bbox 285 2530 434 2563; x_wconf 89' lang='lat' dir='ltr'><strong>ineunte</strong></span> <span class='ocrx_word' id='word_1_284' title='bbox 460 2530 564 2563; x_wconf 87' lang='lat' dir='ltr'><strong>vixit.</strong></span> <span class='ocrx_word' id='word_1_285' title='bbox 630 2530 748 2564; x_wconf 86' lang='lat' dir='ltr'><strong>Verba</strong></span> <span class='ocrx_word' id='word_1_286' title='bbox 774 2529 856 2576; x_wconf 84' lang='lat' dir='ltr'><strong>plu-</strong></span> 
     </span>
     <span class='ocr_line' id='line_1_40' title="bbox 143 2577 855 2624; baseline 0.003 -14"><span class='ocrx_word' id='word_1_287' title='bbox 143 2577 226 2610; x_wconf 73' lang='lat' dir='ltr'><strong>rimi</strong></span> <span class='ocrx_word' id='word_1_288' title='bbox 250 2582 412 2611; x_wconf 78' lang='lat' dir='ltr'><strong>auctores</strong></span> <span class='ocrx_word' id='word_1_289' title='bbox 447 2597 483 2603; x_wconf 90' lang='lat'>-</span> <span class='ocrx_word' id='word_1_290' title='bbox 514 2578 675 2612; x_wconf 78' lang='lat' dir='ltr'><strong>miserias</strong></span> <span class='ocrx_word' id='word_1_291' title='bbox 699 2578 855 2624; x_wconf 78' lang='lat' dir='ltr'><strong>pepulis-</strong></span> 
     </span>
     <span class='ocr_line' id='line_1_41' title="bbox 143 2624 728 2669; baseline 0.002 -10"><span class='ocrx_word' id='word_1_292' title='bbox 143 2630 219 2659; x_wconf 78' lang='lat' dir='ltr'><strong>sent</strong></span> <span class='ocrx_word' id='word_1_293' title='bbox 247 2626 426 2669; x_wconf 87' lang='lat' dir='ltr'><strong>excerpsit</strong></span> <span class='ocrx_word' id='word_1_294' title='bbox 454 2624 602 2659; x_wconf 86' lang='lat' dir='ltr'><strong>Orosius</strong></span> <span class='ocrx_word' id='word_1_295' title='bbox 629 2626 642 2660; x_wconf 92' lang='lat'>1</span> <span class='ocrx_word' id='word_1_296' title='bbox 673 2628 728 2662; x_wconf 85' lang='lat'><strong>10.</strong></span> 
     </span>
    </p>
   </div>
   <div class='ocr_carea' id='block_1_7' title="bbox 143 2695 857 3031">
    <p class='ocr_par' dir='ltr' id='par_1_8' title="bbox 143 2695 857 3031">
     <span class='ocr_line' id='line_1_42' title="bbox 232 2695 856 2742; baseline 0.005 -14"><span class='ocrx_word' id='word_1_297' title='bbox 232 2695 309 2728; x_wconf 84' lang='lat' dir='ltr'><strong>tabe</strong></span> <span class='ocrx_word' id='word_1_298' title='bbox 348 2706 436 2739; x_wconf 81' lang='lat' dir='ltr'><strong>quae</strong></span> <span class='ocrx_word' id='word_1_299' title='bbox 473 2707 626 2742; x_wconf 79' lang='lat' dir='ltr'><strong>corpora</strong></span> <span class='ocrx_word' id='word_1_300' title='bbox 670 2697 856 2741; x_wconf 79' lang='lat' dir='ltr'><strong>foedaret:</strong></span> 
     </span>
     <span class='ocr_line' id='line_1_43' title="bbox 144 2743 857 2790; baseline 0 -14"><span class='ocrx_word' id='word_1_301' title='bbox 144 2743 274 2776; x_wconf 85' lang='lat' dir='ltr'><strong>vitavit</strong></span> <span class='ocrx_word' id='word_1_302' title='bbox 298 2743 443 2776; x_wconf 86' lang='lat' dir='ltr'><strong>nomina</strong></span> <span class='ocrx_word' id='word_1_303' title='bbox 469 2746 570 2789; x_wconf 82' lang='lat' dir='ltr'><strong>quasi</strong></span> <span class='ocrx_word' id='word_1_304' title='bbox 606 2745 772 2790; x_wconf 86' lang='lat' dir='ltr'><strong>rubigine</strong></span> <span class='ocrx_word' id='word_1_305' title='bbox 799 2746 857 2778; x_wconf 88' lang='lat' dir='ltr'><strong>in..</strong></span> 
     </span>
     <span class='ocr_line' id='line_1_44' title="bbox 147 2791 855 2836; baseline 0.004 -12"><span class='ocrx_word' id='word_1_306' title='bbox 147 2791 243 2824; x_wconf 78' lang='lat' dir='ltr'><strong>fecta</strong></span> <span class='ocrx_word' id='word_1_307' title='bbox 268 2791 474 2836; x_wconf 72' lang='lat' dir='ltr'><strong>vitiliyinem</strong></span> <span class='ocrx_word' id='word_1_308' title='bbox 501 2796 536 2825; x_wconf 87' lang='lat' dir='ltr'><strong>et</strong></span> <span class='ocrx_word' id='word_1_309' title='bbox 567 2793 731 2827; x_wconf 81' lang='lat' dir='ltr'><strong>scabiem.</strong></span> <span class='ocrx_word' id='word_1_310' title='bbox 792 2793 855 2827; x_wconf 90' lang='lat' dir='ltr'><strong>Iu-</strong></span> 
     </span>
     <span class='ocr_line' id='line_1_45' title="bbox 144 2839 856 2886; baseline 0.006 -15"><span class='ocrx_word' id='word_1_311' title='bbox 144 2840 258 2872; x_wconf 88' lang='lat' dir='ltr'><strong>stinus</strong></span> <span class='ocrx_word' id='word_1_312' title='bbox 276 2839 421 2873; x_wconf 80' lang='lat' dir='ltr'><strong>XXXVI</strong></span> <span class='ocrx_word' id='word_1_313' title='bbox 442 2841 482 2874; x_wconf 83' lang='lat'><strong>2:</strong></span> <span class='ocrx_word' id='word_1_314' title='bbox 516 2840 576 2873; x_wconf 84' lang='lat' dir='ltr'><strong>sed</strong></span> <span class='ocrx_word' id='word_1_315' title='bbox 592 2840 754 2886; x_wconf 70' lang='lat' dir='ltr'><strong>Aeqypeii</strong></span> <span class='ocrx_word' id='word_1_316' title='bbox 780 2853 856 2875; x_wconf 83' lang='lat' dir='ltr'><strong>cum</strong></span> 
     </span>
     <span class='ocr_line' id='line_1_46' title="bbox 145 2886 854 2933; baseline 0.004 -13"><span class='ocrx_word' id='word_1_317' title='bbox 145 2886 294 2920; x_wconf 79' lang='lat' dir='ltr'><strong>scabiem</strong></span> <span class='ocrx_word' id='word_1_318' title='bbox 331 2893 363 2921; x_wconf 80' lang='lat' dir='ltr'><strong>et</strong></span> <span class='ocrx_word' id='word_1_319' title='bbox 398 2887 605 2933; x_wconf 67' lang='lat' dir='ltr'><strong>vitiliginem</strong></span> <span class='ocrx_word' id='word_1_320' title='bbox 637 2895 854 2933; x_wconf 78' lang='lat' dir='ltr'><strong>paterentur,</strong></span> 
     </span>
     <span class='ocr_line' id='line_1_47' title="bbox 145 2935 857 2983; baseline 0.006 -15"><span class='ocrx_word' id='word_1_321' title='bbox 145 2946 309 2980; x_wconf 75' lang='lat' dir='ltr'><strong>responso</strong></span> <span class='ocrx_word' id='word_1_322' title='bbox 335 2937 458 2970; x_wconf 73' lang='lat' dir='ltr'><strong>moniti</strong></span> <span class='ocrx_word' id='word_1_323' title='bbox 484 2947 559 2970; x_wconf 75' lang='lat' dir='ltr'><strong>eum</strong></span> <span class='ocrx_word' id='word_1_324' title='bbox 575 2935 762 2983; x_wconf 77' lang='lat' dir='ltr'><strong>(Moysen)</strong></span> <span class='ocrx_word' id='word_1_325' title='bbox 781 2949 857 2972; x_wconf 81' lang='lat' dir='ltr'><strong>cum</strong></span> 
     </span>
     <span class='ocr_line' id='line_1_48' title="bbox 143 2984 856 3031; baseline 0.004 -14"><span class='ocrx_word' id='word_1_326' title='bbox 143 2984 281 3030; x_wconf 69' lang='lat' dir='ltr'><strong>aeqris,</strong></span> <span class='ocrx_word' id='word_1_327' title='bbox 315 2995 359 3019; x_wconf 85' lang='lat' dir='ltr'><strong>ne</strong></span> <span class='ocrx_word' id='word_1_328' title='bbox 383 2986 491 3031; x_wconf 77' lang='lat' dir='ltr'><strong>pestis</strong></span> <span class='ocrx_word' id='word_1_329' title='bbox 524 2985 572 3019; x_wconf 77' lang='lat' dir='ltr'><strong>ad</strong></span> <span class='ocrx_word' id='word_1_330' title='bbox 591 2984 712 3031; x_wconf 82' lang='lat' dir='ltr'><strong>plures</strong></span> <span class='ocrx_word' id='word_1_331' title='bbox 735 2996 856 3031; x_wconf 80' lang='lat' dir='ltr'><strong>serpe-</strong></span> 
     </span>
    </p>
   </div>
   <div class='ocr_carea' id='block_1_8' title="bbox 921 1731 1645 3034">
    <p class='ocr_par' dir='ltr' id='par_1_9' title="bbox 923 1731 1548 1779">
     <span class='ocr_line' id='line_1_49' title="bbox 923 1731 1548 1779; baseline -0.005 -11"><span class='ocrx_word' id='word_1_332' title='bbox 923 1740 996 1777; x_wconf 87' lang='lat' dir='ltr'><strong>ret,</strong></span> <span class='ocrx_word' id='word_1_333' title='bbox 1037 1735 1195 1768; x_wconf 84' lang='lat' dir='ltr'><strong>terminis</strong></span> <span class='ocrx_word' id='word_1_334' title='bbox 1226 1734 1374 1779; x_wconf 67' lang='lat' dir='ltr'><strong>Aegypti</strong></span> <span class='ocrx_word' id='word_1_335' title='bbox 1402 1731 1548 1778; x_wconf 81' lang='lat' dir='ltr'><strong>pellunt.</strong></span> 
     </span>
    </p>

    <p class='ocr_par' dir='ltr' id='par_1_10' title="bbox 921 1781 1645 3034">
     <span class='ocr_line' id='line_1_50' title="bbox 1002 1781 1645 1817; baseline -0.005 -1"><span class='ocrx_word' id='word_1_336' title='bbox 1002 1783 1063 1816; x_wconf 84' lang='lat' dir='ltr'><strong>sed</strong></span> <span class='ocrx_word' id='word_1_337' title='bbox 1088 1783 1222 1817; x_wconf 80' lang='lat' dir='ltr'><strong>sibimet</strong></span> <span class='ocrx_word' id='word_1_338' title='bbox 1249 1783 1352 1816; x_wconf 84' lang='lat' dir='ltr'><strong>duces</strong></span> <span class='ocrx_word' id='word_1_339' title='bbox 1389 1781 1537 1815; x_wconf 81' lang='lat' dir='ltr'><strong>caeleste</strong></span> <span class='ocrx_word' id='word_1_340' title='bbox 1564 1792 1645 1814; x_wconf 82' lang='lat' dir='ltr'><strong>cre-</strong></span> 
     </span>
     <span class='ocr_line' id='line_1_51' title="bbox 930 1829 1645 1876; baseline -0.004 -11"><span class='ocrx_word' id='word_1_341' title='bbox 930 1831 1052 1865; x_wconf 87' lang='lat' dir='ltr'><strong>derent</strong></span> <span class='ocrx_word' id='word_1_342' title='bbox 1076 1832 1250 1876; x_wconf 81' lang='lat' dir='ltr'><strong>primum,</strong></span> <span class='ocrx_word' id='word_1_343' title='bbox 1296 1831 1394 1864; x_wconf 80' lang='lat' dir='ltr'><strong>cuius</strong></span> <span class='ocrx_word' id='word_1_344' title='bbox 1420 1851 1465 1857; x_wconf 86' lang='lat'><strong>——</strong></span> <span class='ocrx_word' id='word_1_345' title='bbox 1490 1829 1645 1874; x_wconf 71' lang='lat' dir='ltr'><strong>pepulis-</strong></span> 
     </span>
     <span class='ocr_line' id='line_1_52' title="bbox 927 1877 1644 1924; baseline -0.004 -11"><span class='ocrx_word' id='word_1_346' title='bbox 927 1886 1028 1914; x_wconf 83' lang='lat' dir='ltr'><strong>sent:</strong></span> <span class='ocrx_word' id='word_1_347' title='bbox 1057 1890 1149 1924; x_wconf 86' lang='lat' dir='ltr'><strong>quae</strong></span> <span class='ocrx_word' id='word_1_348' title='bbox 1178 1880 1264 1913; x_wconf 86' lang='lat' dir='ltr'><strong>vitia</strong></span> <span class='ocrx_word' id='word_1_349' title='bbox 1291 1879 1420 1913; x_wconf 89' lang='lat' dir='ltr'><strong>librum</strong></span> <span class='ocrx_word' id='word_1_350' title='bbox 1439 1877 1493 1912; x_wconf 67' lang='lat' dir='ltr'><strong>Ma</strong></span> <span class='ocrx_word' id='word_1_351' title='bbox 1518 1883 1553 1912; x_wconf 90' lang='lat' dir='ltr'><strong>et</strong></span> <span class='ocrx_word' id='word_1_352' title='bbox 1581 1888 1644 1911; x_wconf 91' lang='lat' dir='ltr'><strong>ce-</strong></span> 
     </span>
     <span class='ocr_line' id='line_1_53' title="bbox 927 1926 1642 1971; baseline -0.003 -10"><span class='ocrx_word' id='word_1_353' title='bbox 927 1934 1023 1962; x_wconf 87' lang='lat' dir='ltr'><strong>teros</strong></span> <span class='ocrx_word' id='word_1_354' title='bbox 1050 1928 1247 1971; x_wconf 86' lang='lat' dir='ltr'><strong>obsident,</strong></span> <span class='ocrx_word' id='word_1_355' title='bbox 1278 1938 1321 1961; x_wconf 87' lang='lat' dir='ltr'><strong>ea</strong></span> <span class='ocrx_word' id='word_1_356' title='bbox 1347 1938 1391 1961; x_wconf 88' lang='lat' dir='ltr'><strong>ex</strong></span> <span class='ocrx_word' id='word_1_357' title='bbox 1420 1926 1642 1971; x_wconf 90' lang='lat' dir='ltr'><strong>compendiis</strong></span> 
     </span>
     <span class='ocr_line' id='line_1_54' title="bbox 926 1975 1645 2018; baseline -0.003 -8"><span class='ocrx_word' id='word_1_358' title='bbox 926 1977 1106 2010; x_wconf 85' lang='lat' dir='ltr'><strong>scribendi</strong></span> <span class='ocrx_word' id='word_1_359' title='bbox 1142 1981 1226 2011; x_wconf 83' lang='lat' dir='ltr'><strong>nata</strong></span> <span class='ocrx_word' id='word_1_360' title='bbox 1257 1980 1341 2009; x_wconf 88' lang='lat' dir='ltr'><strong>sunt</strong></span> <span class='ocrx_word' id='word_1_361' title='bbox 1376 1976 1521 2018; x_wconf 83' lang='lat' dir='ltr'><strong>omnia,</strong></span> <span class='ocrx_word' id='word_1_362' title='bbox 1559 1975 1645 2009; x_wconf 80' lang='lat' dir='ltr'><strong>duce</strong></span> 
     </span>
     <span class='ocr_line' id='line_1_55' title="bbox 924 2024 1645 2070; baseline -0.004 -11"><span class='ocrx_word' id='word_1_363' title='bbox 924 2036 986 2069; x_wconf 91' lang='lat' dir='ltr'><strong>pro</strong></span> <span class='ocrx_word' id='word_1_364' title='bbox 1012 2025 1115 2059; x_wconf 82' lang='lat' dir='ltr'><strong>duces</strong></span> <span class='ocrx_word' id='word_1_365' title='bbox 1141 2035 1185 2059; x_wconf 84' lang='lat' dir='ltr'><strong>ex</strong></span> <span class='ocrx_word' id='word_1_366' title='bbox 1207 2025 1455 2070; x_wconf 82' lang='lat' dir='ltr'><strong>antiquissima</strong></span> <span class='ocrx_word' id='word_1_367' title='bbox 1469 2024 1645 2068; x_wconf 88' lang='lat' dir='ltr'><strong>scriptura</strong></span> 
     </span>
     <span class='ocr_line' id='line_1_56' title="bbox 924 2072 1642 2118; baseline -0.003 -11"><span class='ocrx_word' id='word_1_368' title='bbox 924 2074 1012 2108; x_wconf 67' lang='lat' dir='ltr'><strong>duce</strong></span> <span class='ocrx_word' id='word_1_369' title='bbox 1034 2073 1124 2118; x_wconf 84' lang='lat' dir='ltr'><strong>(hoc</strong></span> <span class='ocrx_word' id='word_1_370' title='bbox 1153 2074 1247 2107; x_wconf 89' lang='lat' dir='ltr'><strong>enim</strong></span> <span class='ocrx_word' id='word_1_371' title='bbox 1271 2073 1483 2117; x_wconf 90' lang='lat' dir='ltr'><strong>plerumque</strong></span> <span class='ocrx_word' id='word_1_372' title='bbox 1509 2072 1642 2114; x_wconf 80' lang='lat' dir='ltr'><strong>ducem,</strong></span> 
     </span>
     <span class='ocr_line' id='line_1_57' title="bbox 924 2121 1642 2167; baseline -0.001 -12"><span class='ocrx_word' id='word_1_373' title='bbox 924 2122 987 2156; x_wconf 88' lang='lat' dir='ltr'><strong>sed</strong></span> <span class='ocrx_word' id='word_1_374' title='bbox 1022 2122 1215 2167; x_wconf 83' lang='lat' dir='ltr'><strong>aliquando</strong></span> <span class='ocrx_word' id='word_1_375' title='bbox 1242 2122 1345 2156; x_wconf 83' lang='lat' dir='ltr'><strong>duces</strong></span> <span class='ocrx_word' id='word_1_376' title='bbox 1375 2121 1512 2163; x_wconf 83' lang='lat' dir='ltr'><strong>valet),</strong></span> <span class='ocrx_word' id='word_1_377' title='bbox 1557 2132 1642 2154; x_wconf 81' lang='lat' dir='ltr'><strong>cae-</strong></span> 
     </span>
     <span class='ocr_line' id='line_1_58' title="bbox 924 2169 1641 2214; baseline -0.001 -11"><span class='ocrx_word' id='word_1_378' title='bbox 924 2169 1001 2204; x_wconf 83' lang='lat' dir='ltr'><strong>lesti</strong></span> <span class='ocrx_word' id='word_1_379' title='bbox 1042 2180 1105 2214; x_wconf 89' lang='lat' dir='ltr'><strong>pro</strong></span> <span class='ocrx_word' id='word_1_380' title='bbox 1147 2170 1295 2204; x_wconf 82' lang='lat' dir='ltr'><strong>caeleste</strong></span> <span class='ocrx_word' id='word_1_381' title='bbox 1331 2174 1477 2214; x_wconf 88' lang='lat' dir='ltr'><strong>propter</strong></span> <span class='ocrx_word' id='word_1_382' title='bbox 1517 2170 1641 2213; x_wconf 90' lang='lat' dir='ltr'><strong>proxi-</strong></span> 
     </span>
     <span class='ocr_line' id='line_1_59' title="bbox 924 2219 1639 2264; baseline -0.001 -13"><span class='ocrx_word' id='word_1_383' title='bbox 924 2229 1018 2251; x_wconf 89' lang='lat' dir='ltr'><strong>mum</strong></span> <span class='ocrx_word' id='word_1_384' title='bbox 1046 2219 1151 2259; x_wconf 81' lang='lat' dir='ltr'><strong>duce,</strong></span> <span class='ocrx_word' id='word_1_385' title='bbox 1180 2220 1295 2264; x_wconf 78' lang='lat' dir='ltr'><strong>primo</strong></span> <span class='ocrx_word' id='word_1_386' title='bbox 1325 2228 1386 2261; x_wconf 90' lang='lat' dir='ltr'><strong>pro</strong></span> <span class='ocrx_word' id='word_1_387' title='bbox 1413 2219 1566 2263; x_wconf 79' lang='lat' dir='ltr'><strong>primum</strong></span> <span class='ocrx_word' id='word_1_388' title='bbox 1594 2228 1639 2251; x_wconf 88' lang='lat' dir='ltr'><strong>ex</strong></span> 
     </span>
     <span class='ocr_line' id='line_1_60' title="bbox 922 2265 1635 2312; baseline -0.001 -13"><span class='ocrx_word' id='word_1_389' title='bbox 922 2268 1050 2312; x_wconf 70' lang='lat' dir='ltr'><strong>primo.</strong></span> <span class='ocrx_word' id='word_1_390' title='bbox 1124 2266 1183 2300; x_wconf 88' lang='lat' dir='ltr'><strong>Sic</strong></span> <span class='ocrx_word' id='word_1_391' title='bbox 1210 2265 1256 2300; x_wconf 92' lang='lat' dir='ltr'><strong>XI</strong></span> <span class='ocrx_word' id='word_1_392' title='bbox 1293 2267 1336 2301; x_wconf 91' lang='lat'><strong>10</strong></span> <span class='ocrx_word' id='word_1_393' title='bbox 1370 2277 1479 2310; x_wconf 75' lang='lat' dir='ltr'><strong>reqno</strong></span> <span class='ocrx_word' id='word_1_394' title='bbox 1519 2265 1575 2309; x_wconf 83' lang='lat' dir='ltr'><strong>(h.</strong></span> <span class='ocrx_word' id='word_1_395' title='bbox 1605 2276 1635 2298; x_wconf 88' lang='lat' dir='ltr'><strong>e.</strong></span> 
     </span>
     <span class='ocr_line' id='line_1_61' title="bbox 925 2314 1642 2360; baseline -0.001 -13"><span class='ocrx_word' id='word_1_396' title='bbox 925 2318 1056 2360; x_wconf 72' lang='lat' dir='ltr'><strong>reyno)</strong></span> <span class='ocrx_word' id='word_1_397' title='bbox 1086 2324 1148 2358; x_wconf 92' lang='lat' dir='ltr'><strong>pro</strong></span> <span class='ocrx_word' id='word_1_398' title='bbox 1173 2325 1331 2359; x_wconf 66' lang='lat' dir='ltr'><strong>regnum.</strong></span> <span class='ocrx_word' id='word_1_399' title='bbox 1379 2314 1419 2346; x_wconf 89' lang='lat' dir='ltr'><strong>ln</strong></span> <span class='ocrx_word' id='word_1_400' title='bbox 1446 2324 1525 2346; x_wconf 85' lang='lat' dir='ltr'><strong>mea</strong></span> <span class='ocrx_word' id='word_1_401' title='bbox 1552 2323 1642 2346; x_wconf 87' lang='lat' dir='ltr'><strong>con-</strong></span> 
     </span>
     <span class='ocr_line' id='line_1_62' title="bbox 926 2359 1641 2406; baseline -0.001 -11"><span class='ocrx_word' id='word_1_402' title='bbox 926 2363 1064 2396; x_wconf 81' lang='lat' dir='ltr'><strong>iectura</strong></span> <span class='ocrx_word' id='word_1_403' title='bbox 1091 2362 1195 2396; x_wconf 81' lang='lat' dir='ltr'><strong>duces</strong></span> <span class='ocrx_word' id='word_1_404' title='bbox 1223 2372 1286 2406; x_wconf 87' lang='lat' dir='ltr'><strong>pro</strong></span> <span class='ocrx_word' id='word_1_405' title='bbox 1315 2362 1400 2395; x_wconf 84' lang='lat' dir='ltr'><strong>duce</strong></span> <span class='ocrx_word' id='word_1_406' title='bbox 1426 2361 1483 2395; x_wconf 86' lang='lat' dir='ltr'><strong>Fr.</strong></span> <span class='ocrx_word' id='word_1_407' title='bbox 1511 2359 1641 2395; x_wconf 85' lang='lat' dir='ltr'><strong>lacobo</strong></span> 
     </span>
     <span class='ocr_line' id='line_1_63' title="bbox 925 2409 1644 2454; baseline 0.001 -11"><span class='ocrx_word' id='word_1_408' title='bbox 925 2409 1149 2452; x_wconf 84' lang='lat' dir='ltr'><strong>Lubecensi,</strong></span> <span class='ocrx_word' id='word_1_409' title='bbox 1200 2410 1349 2444; x_wconf 84' lang='lat' dir='ltr'><strong>caeleste</strong></span> <span class='ocrx_word' id='word_1_410' title='bbox 1397 2420 1461 2454; x_wconf 88' lang='lat' dir='ltr'><strong>pro</strong></span> <span class='ocrx_word' id='word_1_411' title='bbox 1500 2409 1644 2444; x_wconf 80' lang='lat' dir='ltr'><strong>caelesti</strong></span> 
     </span>
     <span class='ocr_line' id='line_1_64' title="bbox 925 2457 1640 2504; baseline 0 -12"><span class='ocrx_word' id='word_1_412' title='bbox 925 2457 1224 2504; x_wconf 86' lang='lat' dir='ltr'><strong>Bezzenbergero</strong></span> <span class='ocrx_word' id='word_1_413' title='bbox 1251 2458 1411 2492; x_wconf 88' lang='lat' dir='ltr'><strong>debetur.</strong></span> <span class='ocrx_word' id='word_1_414' title='bbox 1478 2457 1580 2492; x_wconf 89' lang='lat' dir='ltr'><strong>Hunc</strong></span> <span class='ocrx_word' id='word_1_415' title='bbox 1605 2460 1640 2492; x_wconf 88' lang='lat' dir='ltr'><strong>iu</strong></span> 
     </span>
     <span class='ocr_line' id='line_1_65' title="bbox 927 2506 1642 2552; baseline 0.001 -12"><span class='ocrx_word' id='word_1_416' title='bbox 927 2507 1057 2540; x_wconf 89' lang='lat' dir='ltr'><strong>ceteris</strong></span> <span class='ocrx_word' id='word_1_417' title='bbox 1093 2517 1165 2540; x_wconf 91' lang='lat' dir='ltr'><strong>non</strong></span> <span class='ocrx_word' id='word_1_418' title='bbox 1199 2517 1329 2552; x_wconf 86' lang='lat' dir='ltr'><strong>sequar</strong></span> <span class='ocrx_word' id='word_1_419' title='bbox 1364 2506 1581 2540; x_wconf 85' lang='lat' dir='ltr'><strong>scribentem</strong></span> <span class='ocrx_word' id='word_1_420' title='bbox 1611 2513 1642 2541; x_wconf 86' lang='lat' dir='ltr'><strong>et</strong></span> 
     </span>
     <span class='ocr_line' id='line_1_66' title="bbox 926 2555 1640 2597; baseline -0.001 -8"><span class='ocrx_word' id='word_1_421' title='bbox 926 2555 1059 2589; x_wconf 75' lang='lat' dir='ltr'><strong>sibimet</strong></span> <span class='ocrx_word' id='word_1_422' title='bbox 1103 2555 1206 2589; x_wconf 79' lang='lat' dir='ltr'><strong>duces</strong></span> <span class='ocrx_word' id='word_1_423' title='bbox 1254 2555 1404 2589; x_wconf 85' lang='lat' dir='ltr'><strong>caeleste</strong></span> <span class='ocrx_word' id='word_1_424' title='bbox 1444 2556 1640 2597; x_wconf 83' lang='lat' dir='ltr'><strong>crederent,</strong></span> 
     </span>
     <span class='ocr_line' id='line_1_67' title="bbox 921 2603 1641 2649; baseline -0.001 -13"><span class='ocrx_word' id='word_1_425' title='bbox 921 2604 1036 2649; x_wconf 82' lang='lat' dir='ltr'><strong>primo</strong></span> <span class='ocrx_word' id='word_1_426' title='bbox 1050 2604 1147 2638; x_wconf 83' lang='lat' dir='ltr'><strong>cuius</strong></span> <span class='ocrx_word' id='word_1_427' title='bbox 1161 2603 1297 2638; x_wconf 72' lang='lat' dir='ltr'><strong>auxilio</strong></span> <span class='ocrx_word' id='word_1_428' title='bbox 1315 2604 1514 2638; x_wconf 79' lang='lat' dir='ltr'><strong>incedentes</strong></span> <span class='ocrx_word' id='word_1_429' title='bbox 1529 2614 1641 2648; x_wconf 83' lang='lat' dir='ltr'><strong>prae-</strong></span> 
     </span>
     <span class='ocr_line' id='line_1_68' title="bbox 925 2651 1640 2697; baseline -0.001 -12"><span class='ocrx_word' id='word_1_430' title='bbox 925 2652 1032 2686; x_wconf 79' lang='lat' dir='ltr'><strong>sentis</strong></span> <span class='ocrx_word' id='word_1_431' title='bbox 1066 2653 1229 2686; x_wconf 83' lang='lat' dir='ltr'><strong>miserias</strong></span> <span class='ocrx_word' id='word_1_432' title='bbox 1268 2652 1492 2697; x_wconf 77' lang='lat' dir='ltr'><strong>pepulissent.</strong></span> <span class='ocrx_word' id='word_1_433' title='bbox 1549 2651 1640 2684; x_wconf 85' lang='lat' dir='ltr'><strong>Cae-</strong></span> 
     </span>
     <span class='ocr_line' id='line_1_69' title="bbox 925 2700 1640 2745; baseline -0.001 -13"><span class='ocrx_word' id='word_1_434' title='bbox 925 2700 1008 2734; x_wconf 83' lang='lat' dir='ltr'><strong>leste</strong></span> <span class='ocrx_word' id='word_1_435' title='bbox 1035 2700 1125 2734; x_wconf 88' lang='lat' dir='ltr'><strong>illud</strong></span> <span class='ocrx_word' id='word_1_436' title='bbox 1151 2711 1193 2734; x_wconf 86' lang='lat' dir='ltr'><strong>ac</strong></span> <span class='ocrx_word' id='word_1_437' title='bbox 1216 2701 1378 2745; x_wconf 77' lang='lat' dir='ltr'><strong>primum,</strong></span> <span class='ocrx_word' id='word_1_438' title='bbox 1409 2700 1510 2732; x_wconf 88' lang='lat' dir='ltr'><strong>cuius</strong></span> <span class='ocrx_word' id='word_1_439' title='bbox 1535 2700 1640 2732; x_wconf 82' lang='lat' dir='ltr'><strong>auxi-</strong></span> 
     </span>
     <span class='ocr_line' id='line_1_70' title="bbox 926 2746 1639 2791; baseline -0.007 -9"><span class='ocrx_word' id='word_1_440' title='bbox 926 2748 975 2782; x_wconf 90' lang='lat' dir='ltr'><strong>lio</strong></span> <span class='ocrx_word' id='word_1_441' title='bbox 1003 2753 1211 2791; x_wconf 86' lang='lat' dir='ltr'><strong>praesentes</strong></span> <span class='ocrx_word' id='word_1_442' title='bbox 1236 2749 1397 2781; x_wconf 83' lang='lat' dir='ltr'><strong>miserias</strong></span> <span class='ocrx_word' id='word_1_443' title='bbox 1424 2746 1544 2780; x_wconf 83' lang='lat' dir='ltr'><strong>Iudaei</strong></span> <span class='ocrx_word' id='word_1_444' title='bbox 1572 2757 1639 2790; x_wconf 89' lang='lat' dir='ltr'><strong>pe-</strong></span> 
     </span>
     <span class='ocr_line' id='line_1_71' title="bbox 926 2795 1640 2840; baseline 0.001 -12"><span class='ocrx_word' id='word_1_445' title='bbox 926 2795 1115 2839; x_wconf 72' lang='lat' dir='ltr'><strong>putei-unt,</strong></span> <span class='ocrx_word' id='word_1_446' title='bbox 1156 2796 1224 2829; x_wconf 84' lang='lat' dir='ltr'><strong>fuit</strong></span> <span class='ocrx_word' id='word_1_447' title='bbox 1256 2806 1345 2840; x_wconf 81' lang='lat' dir='ltr'><strong>grex</strong></span> <span class='ocrx_word' id='word_1_448' title='bbox 1379 2796 1559 2828; x_wconf 84' lang='lat' dir='ltr'><strong>asinorum</strong></span> <span class='ocrx_word' id='word_1_449' title='bbox 1596 2795 1640 2829; x_wconf 79' lang='lat' dir='ltr'><strong>ad</strong></span> 
     </span>
     <span class='ocr_line' id='line_1_72' title="bbox 926 2843 1639 2886; baseline 0 -10"><span class='ocrx_word' id='word_1_450' title='bbox 926 2847 1081 2876; x_wconf 86' lang='lat' dir='ltr'><strong>mentem</strong></span> <span class='ocrx_word' id='word_1_451' title='bbox 1114 2843 1224 2876; x_wconf 76' lang='lat' dir='ltr'><strong>&#39;faciti</strong></span> <span class='ocrx_word' id='word_1_452' title='bbox 1252 2843 1312 2876; x_wconf 90' lang='lat' dir='ltr'><strong>vel</strong></span> <span class='ocrx_word' id='word_1_453' title='bbox 1338 2843 1457 2886; x_wconf 83' lang='lat' dir='ltr'><strong>potius</strong></span> <span class='ocrx_word' id='word_1_454' title='bbox 1483 2845 1639 2877; x_wconf 80' lang='lat' dir='ltr'><strong>auctoris</strong></span> 
     </span>
     <span class='ocr_line' id='line_1_73' title="bbox 925 2890 1638 2935; baseline 0.004 -12"><span class='ocrx_word' id='word_1_455' title='bbox 925 2901 1029 2935; x_wconf 88' lang='lat' dir='ltr'><strong>quem</strong></span> <span class='ocrx_word' id='word_1_456' title='bbox 1057 2901 1152 2924; x_wconf 89' lang='lat' dir='ltr'><strong>nunc</strong></span> <span class='ocrx_word' id='word_1_457' title='bbox 1186 2892 1368 2935; x_wconf 87' lang='lat' dir='ltr'><strong>sequitur,</strong></span> <span class='ocrx_word' id='word_1_458' title='bbox 1412 2890 1506 2924; x_wconf 87' lang='lat' dir='ltr'><strong>unde</strong></span> <span class='ocrx_word' id='word_1_459' title='bbox 1545 2893 1638 2926; x_wconf 83' lang='lat' dir='ltr'><strong>scri-</strong></span> 
     </span>
     <span class='ocr_line' id='line_1_74' title="bbox 928 2938 1638 2984; baseline 0.004 -13"><span class='ocrx_word' id='word_1_460' title='bbox 928 2939 998 2983; x_wconf 86' lang='lat' dir='ltr'><strong>psit</strong></span> <span class='ocrx_word' id='word_1_461' title='bbox 1026 2941 1077 2983; x_wconf 87' lang='lat' dir='ltr'><strong>(c.</strong></span> <span class='ocrx_word' id='word_1_462' title='bbox 1105 2942 1147 2984; x_wconf 67' lang='lat'><strong>4)</strong></span> <span class='ocrx_word' id='word_1_463' title='bbox 1176 2939 1325 2984; x_wconf 61' lang='lat' dir='ltr'><strong>effigiem</strong></span> <span class='ocrx_word' id='word_1_464' title='bbox 1349 2938 1538 2981; x_wconf 81' lang='lat' dir='ltr'><strong>animalis,</strong></span> <span class='ocrx_word' id='word_1_465' title='bbox 1573 2951 1638 2984; x_wconf 79' lang='lat' dir='ltr'><strong>quo</strong></span> 
     </span>
     <span class='ocr_line' id='line_1_75' title="bbox 928 2987 1638 3034; baseline 0.004 -14"><span class='ocrx_word' id='word_1_466' title='bbox 928 2991 1142 3021; x_wconf 79' lang='lat' dir='ltr'><strong>monstrante</strong></span> <span class='ocrx_word' id='word_1_467' title='bbox 1180 2998 1337 3022; x_wconf 85' lang='lat' dir='ltr'><strong>errorem</strong></span> <span class='ocrx_word' id='word_1_468' title='bbox 1374 2987 1530 3034; x_wconf 75' lang='lat' dir='ltr'><strong>sitimque</strong></span> <span class='ocrx_word' id='word_1_469' title='bbox 1575 2988 1638 3023; x_wconf 78' lang='lat' dir='ltr'><strong>‹le-</strong></span> 
     </span>
    </p>
   </div>
  </div>
 </body>
</html>
