1768 3216
0 332 6 339 *
24 336 92 369 ἔθ’,

124 685 143 715 5
158 673 390 714 invasuros.

153 264 226 299 ³42

169 315 178 324 ·“
227 312 234 333 Ι

135 332 174 372 a(
221 335 264 360 ἕῑ
261 334 266 340 “
342 330 349 333 ”

763 251 1073 289 HisTomARvm

1453 249 1660 289 musae

156 362 282 419 hendi
312 375 437 425 artes,
470 371 605 412 donec
637 379 660 408 e
689 367 889 422 proximis
916 366 1147 421 provinciis
1177 365 1331 408 auxilia
1361 366 1655 420 exercitusque

132 451 419 493 concurrant.

482 445 592 487 Sane
623 455 703 497 ego
732 442 992 506 displiceam.
1055 441 1156 484 Sunt
1198 441 1295 493 alii,
1327 441 1455 496 legati
1480 440 1658 494 tribuni,

159 523 344 566 centurio
377 516 572 573 donique
574 512 654 560 aut
683 505 816 559 miles.
863 518 925 559 Ne
955 517 1036 559 hoc
1066 516 1306 572 prodigium
1337 520 1426 558 toto
1453 519 1659 558 terrarum

159 598 259 639 orbe
289 596 494 650 vulgetur,
528 593 650 635 vobis
668 592 928 661 ‘satellitibus
961 591 1134 634 Civilem
1167 596 1207 633 et
1238 591 1470 633 Classicum
1500 590 1659 633 Italiam

449 669 538 721 An,
585 668 621 710 si
651 667 703 709 ad
733 667 899 709 moenia
928 667 1045 708 urbis
1075 666 1273 708 Germani
1305 665 1495 720 Gallique
1523 665 1661 708 duxe-

155 747 252 798 rint,
272 756 398 786 -arma
428 743 587 797 patriae
618 741 843 783 inferetis?
875 740 1028 782 Horret
1058 741 1219 783 animus
1249 741 1351 782 tanti
1379 739 1527 795 flagitii
1554 739 1663 782 ima-.-
1699 792 1705 798 ι

155 821 266 875 gine.

327 818 497 860 Tutorin
527 816 700 858 Treviro
737 820 915 870 agentur
947 815 1151 857 excubiae
1169 815 1192 856 ἱ)
1232 815 1409 869 Signum
1438 814 1538 857 belli
1567 814 1655 856 Ba-

156 899 272 936 tavus
291 892 437 934 dabit?
470 896 511 934 et
532 891 832 933 Germanorum
852 894 1042 933 catervas
1062 889 1305 944 supplebitis
1318 890 1340 931 ‘2
1371 889 1473 940 Quis
1500 889 1658 931 deinde

83 995 88 998 <
153 968 328 1011 sceleris
373 967 530 1018 exitus,
577 977 669 1007 cum
709 966 922 1008 Romanae
968 965 1160 1020 legiones
1207 968 1352 1006 contra
1393 964 1662 1025 direxerint?

66 1027 413 1113 Yio'i'ransfugae
446 1055 468 1083 e
511 1041 739 1095 transfugis
784 1045 825 1083 et
859 1040 1103 1099 proditores
1136 1052 1160 1081 e
1189 1023 1504 1094 proditoribus,
1551 1040 1661 1082 inter

153 1130 303 1160 recens
335 1121 375 1159 et
405 1121 522 1158 vetus
553 1119 858 1158 sacramentum
886 1115 1009 1157 invisi
1041 1115 1131 1157 deis
1160 1103 1385 1181 errabitis?
1414 1115 1485 1167 Te,
1518 1114 1660 1168 luppi-

156 1197 219 1233 ter
250 1192 402 1246 optime
433 1191 610 1232 maxime
629 1222 641 1243 ‚
684 1201 806 1244 quem
842 1203 920 1244 per
949 1190 1217 1245 octingentos
1233 1170 1394 1250 viginti
1423 1200 1555 1231 annos
1597 1191 1658 1230 tot

158 1266 372 1320 triumphis
406 1265 626 1318 coluimus,
660 1269 715 1317 te,
740 1265 913 1315 Quirine
937 1265 1149 1307 Romanae
1167 1276 1320 1318 parens
1350 1263 1481 1316 urbis,
1510 1274 1664 1317 precor

167 1352 428 1395 venerorque
458 1344 528 1392 ut,
562 1340 597 1382 si
628 1340 749 1382 vobis
784 1352 869 1380 non
901 1339 975 1381 suit
1007 1338 1126 1381 cordi
1155 1351 1221 1381 me
1253 1339 1359 1380 duce
1389 1338 1495 1380 haec
1525 1342 1664 1381 castra

110 1430 148 1459 15
161 1417 400 1470 incorrupta
431 1420 471 1457 et
498 1415 742 1457 intemerata
774 1414 952 1467 servari,
987 1418 1028 1455 at
1056 1417 1171 1456 certe
1199 1413 1328 1467 pollui
1359 1413 1606 1467 foedarique
1639 1426 1663 1456 a

162 1491 312 1532 Tutore
343 1495 384 1532 et
414 1491 600 1533 Classico
632 1502 686 1532 ne
731 1489 892 1532 sinatis.

951 1489 1148 1531 Militibus
1189 1488 1387 1531 Romanis
1429 1492 1499 1530 aut
1537 1489 1665 1530 inno-

1690 869 1768 909 72c

1694 1102 1768 1158 Ψ

163 1567 341 1608 centiam
373 1566 495 1618 detis,
529 1570 598 1608 aut
625 1569 829 1608 maturam
861 1568 902 1606 et
931 1564 1024 1606 sine
1043 1576 1154 1606 noxa
1173 1561 1495 1618 paenitentiam?
1536 1562 1733 1611 Varie59

161 1644 336 1694 excepta
367 1641 501 1683 oratio
534 1642 644 1682 inter
673 1652 789 1694 spem
820 1643 1056 1694 metumque
1087 1651 1138 1682 ac
1154 1639 1370 1693 pudorem.
1417 1638 1664 1693 Digressum

160 1715 383 1767 Voculam,
430 1719 470 1756 et
500 1715 552 1757 de
582 1715 787 1768 supremis
817 1715 1069 1770 agitantem,

109 1788 291 1830 nobuere
323 1789 606 1831 foedissimam
639 1793 816 1834 mortem
848 1793 997 1842 sponte
1036 1788 1302 1842 praevenire.

1116 1713 1254 1755 liberti
1285 1713 1482 1767 servique
1511 1712 1663 1766 prohi-

1354 1788 1419 1852 ΕΞ
1452 1786 1662 1829 Classicus

159 1863 288 1905 misso
319 1863 498 1904 Aemilio
529 1864 736 1918 Longino,
788 1863 1007 1906 desertore
1037 1863 1196 1917 primae
1237 1854 1446 1917 legionis,
1488 1860 1663 1903 caedem

294 2022 327 2055 2.
355 2031 441 2054 sane
468 2019 570 2055 GMaz

160 2068 198 2103 G.
295 2068 440 2102 Treuero
477 2080 572 2103 nunc
606 2069 672 2103 Ma.

157 2116 193 2150 8.
221 2120 253 2148 et
279 2115 548 2163 Germanorum]
580 2119 836 2152 Germanorum
861 2118 986 2152 maluit
1013 2117 1182 2152 Pichena.

867 2167 922 2202 15.
949 2166 1044 2210 faed.
1074 2165 1138 2200 Ma.

789 2215 847 2250 21.
871 2215 1010 2260 primae
1041 2213 1090 2249 G:
1117 2213 1172 2248 Ma
1199 2214 1230 2249 Ι.

163 2164 190 2197 G
217 2164 422 2199 diremerint.

161 2212 297 2258 susum-s
322 2212 375 2247 ma
509 2166 564 2200 13.
593 2168 687 2212 Ῑιοον
712 2167 777 2200 Ma.

463 2214 521 2249 20.
547 2215 618 2259 fed.
647 2213 712 2249 Ma.

164 2355 366 2389 Hordeonio
396 2355 540 2390 Flacco.
700 2369 787 2392 sane
813 2370 875 2404 eqo

164 2403 390 2449 displiceam:
438 2407 659 2450 comparavit
689 2407 875 2442 Ernestius

163 2451 255 2485 Livii
283 2451 430 2486 XXVIII
455 2455 520 2488 27:
549 2455 695 2500 denique
722 2467 783 2501 eqo
810 2457 875 2490 sim

162 2499 259 2533 cuius
300 2500 439 2546 imperii
489 2503 630 2537 taedere
683 2505 875 2538 exercitum

160 2548 301 2581 minime
326 2549 526 2583 mirandum
549 2552 605 2585 sit.

232 2601 312 2630 sunt
339 2596 425 2631 alii.-
468 2608 597 2632 nomen
627 2598 691 2633 alii
728 2609 792 2642 per
834 2609 873 2632 se

163 2648 322 2687 constat3
352 2646 385 2679 ei
402 2644 644 2692 adiunguntur
659 2647 743 2680 bina
759 2657 874 2680 mem-

162 2691 224 2725 bra
252 2692 430 2737 bipartita,
446 2695 543 2738 prius
570 2694 795 2738 ἀσύνδετον,
818 2694 873 2729 al-

163 2744 276 2773 telum
312 2742 567 2777 coniunctione
611 2745 703 2791 (aut)
737 2744 874 2777 instru-

164 2793 257 2821 ctum
283 2793 334 2834 (es
358 2790 430 2836 qibt
448 2791 494 2833 ja
521 2790 675 2835 Auden,
703 2792 872 2837 Leqaten,

168 2836 365 2880 Τνὶῠιιηεη,
395 2838 632 2874 Centurionen
657 2851 764 2886 soqar
791 2839 875 2879 oder

163 2886 317 2927 qemeina
345 2886 541 2922 Solamen.
591 2888 651 2923 Sic
678 2899 698 2923 a
723 2890 873 2923 maiori-

165 2930 229 2963 bus
255 2942 317 2975 per
344 2934 474 2979 gradus
509 2923 695 2977 descendit
732 2936 776 2971 ad
803 2938 873 2972 mi..

167 2987 283 3013 nores.
322 2981 376 3016 Of.
405 2987 524 3017 annot.
558 2984 600 3018 ad
627 2984 674 3019 XI
701 2985 736 3020 6.

596 2022 652 2055 sin
681 2023 771 2068 Reg.
870 2023 906 2057 4.
932 2022 1023 2067 volq.
1051 2021 1108 2058 Or.

773 2070 817 2104 ba
851 2070 908 2115 (in
945 2080 1071 2104 versus
1105 2069 1195 2115 fine)
1221 2081 1286 2103 uus
1312 2068 1384 2103 Ma:
1427 2069 1589 2103 battauus
1619 2066 1660 2103 G.

1208 2022 1241 2056 7.
1274 2021 1417 2055 Tutorin
1447 2019 1513 2063 Ma,
1544 2018 1664 2054 Talori

1291 2117 1325 2152 9.
1355 2117 1558 2150 derexerint
1587 2114 1661 2150 Ma:

1243 2166 1298 2201 17.
1321 2166 1431 2211 penit.
1458 2163 1523 2199 Ma.
1604 2164 1658 2200 19.

1024 2359 1168 2393 Tutorin
1197 2359 1338 2393 Treviro
1366 2365 1516 2405 aqentur
1550 2370 1660 2394 exau·-

946 2408 1053 2441 biae:
1093 2408 1218 2442 Livius
1245 2408 1268 2442 l.
1298 2419 1356 2443 c.:
1404 2409 1442 2442 in
1477 2408 1660 2453 praetorio

945 2455 1165 2490 tetenderunt
1190 2455 1313 2490 Albius
1340 2461 1372 2489 et
1392 2455 1538 2499 Atrius‚·
1564 2455 1662 2491 olas-

943 2505 1054 2538 sicum
1079 2504 1173 2548 apud
1199 2515 1256 2537 eos
1283 2504 1433 2546 cecinit3
1462 2504 1598 2548 siquam
1617 2504 1661 2538 ab

945 2552 988 2585 iis
1012 2553 1155 2597 petitum
1179 2557 1229 2585 est
1258 2556 1327 2585 cet.
1434 2557 1479 2594 te,
1505 2551 1663 2597 Iuppiter

945 2600 1070 2644 optime
1108 2600 1259 2634 maxime
1284 2611 1294 2632 .·
1343 2598 1467 2633 Livius
1513 2598 1660 2634 XXVIII

943 2648 1011 2683 28:
1040 2659 1084 2681 ne
1109 2649 1198 2682 istuc
1225 2648 1382 2693 Iuppiter
1403 2649 1550 2693 optimus
1581 2658 1660 2681 ma-

942 2696 1054 2737 mimus
1079 2697 1168 2730 sirit.
1255 2702 1292 2730 ut
1318 2697 1350 2730 si
1374 2696 1470 2730 vobis
1495 2706 1567 2731 non
1591 2697 1659 2741 fuit

944 2745 1064 2778 cordi:
1084 2744 1223 2789 Lipsius
1241 2755 1285 2779 ex
1299 2744 1402 2779 Livio
1424 2744 1471 2778 lx
1497 2743 1520 2778 8
1544 2745 1658 2778 ascri-

942 2794 1032 2837 psit:
1072 2804 1151 2836 vos,
1193 2793 1229 2827 di
1254 2792 1490 2835 immortales,
1530 2803 1660 2837 precor

943 2853 1154 2886 quaesoque,
1194 2842 1226 2875 si
1249 2841 1343 2875 vobis
1370 2852 1442 2874 non
1466 2841 1533 2886 suit
1559 2840 1661 2874 cordi

942 2891 1108 2935 Spurium
1139 2889 1346 2924 Postumium
1383 2900 1460 2923 cum
1485 2889 1657 2923 Samniti-

945 2937 1005 2972 bus
1033 2937 1157 2972 bellum
1181 2949 1318 2983 qen-ere.

1018 2985 1102 3030 Cap.
1130 2986 1185 3021 59.
1219 2991 1252 3021 et
1281 2985 1480 3020 Classicus.-
1516 2991 1548 3020 et
1574 2993 1659 3030 par-
