1768 3216
762 210 960 248 nEnonn.
1535 208 1609 249 ,η

121 325 265 378 (fuere
294 326 519 382 Tigellinus
551 332 592 369 et
622 328 777 382 Sporus
811 334 850 371 et
879 329 1023 371 Galvia
1055 328 1312 383 Crispinilla,
1353 332 1451 383 post
1485 329 1610 371 etiam

122 401 263 444 Helius
291 402 487 455 libertus,
534 415 586 444 ex
625 403 767 457 probis
798 404 1031 446 hominibus
1063 404 1229 446 Cluvius
1257 403 1433 458 Rufus),
1473 414 1611 458 neque

121 475 231 518 inter
278 488 353 518 eos
397 477 466 530 qui
510 478 664 519 Romae
703 478 867 520 interim
914 479 1051 519 omnia
1093 478 1272 532 agebant
1313 478 1611 533 rapiebantque

120 549 365 606 (Polyclitus
402 555 445 592 et
475 551 662 604 Helius),
707 564 842 605 neque
882 563 987 592 unus
1019 563 1164 593 eorum
1196 552 1272 594 suit
1302 553 1371 606 qui
1398 553 1608 595 Neronem

119 629 332 679 postremo
355 624 597 667 discrimine
624 630 692 667 aut
709 626 983 668 deseruerunt
999 626 1288 680 (Nymphidius
1308 631 1350 669 et
1363 626 1609 682 Tigellinus)

123 703 193 741 aut
242 700 472 755 fugientem
512 701 644 742 secuti
683 705 779 742 sunt
814 700 1000 753 (Phaon,
1044 700 1374 755 Epaphroditus,
1419 701 1611 755 Sporus).

122 774 244 817 Conf.
285 774 366 816 Dio
412 775 518 829 apud
548 774 803 829 Xiphilinum
844 775 970 817 LXIII
1002 774 1170 817 11—14
1198 779 1238 817 et
1271 775 1437 817 18-19
1466 779 1508 817 et
1537 775 1607 818 27.

120 849 344 892 Suetonius
370 849 539 892 Nerone
569 862 605 891 c.
639 849 824 892 48-49.
884 850 1020 903 Atque
1045 850 1157 891 idem
1183 849 1370 892 Vatinius
1393 861 1501 892 anno
1517 851 1612 904 post

122 923 330 967 Christum
356 928 495 966 natum
526 924 790 979 sexagesimo
821 935 933 965 nono
963 924 1085 966 etiam
1119 923 1275 966 diserto
1303 924 1539 966 testimonio
1569 924 1613 965 in

122 1010 297 1042 numero
328 1003 582 1041 mortuorum
610 999 662 1040 ab
695 998 860 1040 Othone
890 997 1043 1040 relatus
1077 1000 1181 1039 estu.
1259 999 1400 1052 Itaque
1443 1011 1467 1039 a
1509 1009 1612 1040 vero

124 1078 238 1118 certe
265 1086 351 1116 non
380 1074 509 1128 longe
537 1072 836 1125 aberrabimus,
869 1072 906 1114 si
933 1072 1156 1114 Domitium
1182 1076 1251 1114 aut
1282 1072 1359 1114 sub
1378 1072 1499 1113 finem
1517 1072 1615 1113 anni

123 1163 148 1191 a
178 1148 344 1191 Christo
374 1152 472 1190 nato
501 1148 757 1202 sexagesimi
785 1147 908 1198 sexti,
943 1159 1035 1188 cum
1065 1146 1271 1188 Tiridates
1291 1146 1517 1188 Armeniae
1538 1156 1615 1188 rex

123 1223 297 1266 Romam
325 1221 440 1263 venit
468 1234 517 1263 ac
545 1220 633 1262 ludi
663 1225 704 1262 et
734 1220 824 1262 dies
855 1220 950 1262 festi
979 1219 1142 1272 plurimi
1174 1219 1372 1261 celebrati
1402 1223 1496 1261 sunt
1512 1219 1613 1270 (Dio

125 1311 191 1353 ap.
219 1297 475 1352 Xiphilinum
502 1296 628 1338 LXIII
656 1296 765 1336 1-7
777 1325 789 1347 ‚
824 1294 1043 1338 Suetonius
1073 1295 1170 1336 Ner.
1204 1293 1255 1335 13
1283 1298 1324 1334 ct
1353 1293 1430 1346 30,
1461 1293 1614 1335 Plinius

124 1374 173 1416 N.
192 1371 242 1416 Η.
259 1373 431 1416 XXXIII
463 1372 554 1423 16),
596 1374 665 1412 aut
694 1369 791 1412 anni
821 1368 1074 1423 sexagesimi
1105 1368 1243 1409 octavi
1269 1367 1489 1421 prinprio,
1521 1379 1613 1409 cum

128 1449 240 1492 Nero
270 1460 325 1491 ex
351 1447 500 1489 itinere
531 1445 718 1488 Achaico
758 1443 886 1486 rediit
922 1443 1149 1496 iterumque
1185 1441 1270 1483 ludi
1311 1441 1474 1496 plurimi
1516 1440 1615 1484 sacti

126 1527 223 1566 sunt
242 1522 344 1574 (Dio
373 1521 499 1564 LXIII
531 1520 583 1562 20
617 1524 658 1562 et
688 1520 778 1571 21),
809 1518 846 1560 si
872 1522 982 1570 tunc,
1013 1518 1192 1571 inquam,
1224 1516 1331 1558 hanc
1349 1516 1524 1558 Materni
1546 1515 1614 1558 fa-

125 1597 263 1640 bulam
291 1596 507 1638 recitat-am
536 1606 630 1636 esse
661 1597 898 1635 statuamus.
968 1592 1104 1645 Atque
1147 1591 1251 1632 haec
1287 1590 1485 1644 temporis
1515 1593 1615 1633 nota

127 1671 280 1715 ceteris
309 1670 484 1726 egregie
513 1670 593 1711 iam
623 1668 842 1719 convenit,
889 1679 994 1720 quae
1026 1665 1078 1707 de
1105 1665 1280 1708 Materni
1309 1664 1457 1706 studiis
1487 1675 1616 1706 acce-

127 1746 274 1801 pimus.
352 1744 522 1788 Scilicet
549 1742 754 1784 Domitius
783 1740 914 1795 prima
940 1740 1029 1781 eius
1056 1739 1193 1781 sabula
1222 1739 1298 1780 fuit
1325 1742 1366 1781 et
1394 1738 1513 1780 huius
1541 1749 1617 1780 re-

130 1821 326 1863 citatione
366 1819 591 1861 carminum
634 1816 811 1871 gloriam
852 1814 1086 1868 auspicatus
1128 1817 1212 1864 est3
1260 1825 1358 1854 mox
1396 1816 1437 1854 et
1477 1811 1615 1854 causis

129 1894 305 1951 agendis
336 1906 502 1948 operam
536 1891 650 1934 dedit
686 1895 727 1932 et
764 1889 950 1931 Medeam
986 1888 1245 1942 tragoediam
1285 1886 1535 1940 conscripsit
1576 1887 1618 1928 et

128 1970 445 2027 Agamemnona
486 1967 671 2017 edidiw,
705 1964 883 2018 denique
914 1963 1111 2005 Catonem
1141 1965 1396 2016 praetextam
1426 1958 1620 2002 recitavit

130 2049 251 2089 sexto
281 2042 528 2097 Vespasiani
559 2039 803 2090 consulatu,
834 2037 874 2078 h.
910 2051 945 2079 e.
979 2048 1088 2078 anno
1118 2040 1213 2090 post
1243 2035 1450 2077 Christum
1481 2037 1620 2075 natum

130 2118 441 2175 septuagesimo
465 2117 624 2170 quinto,
656 2114 846 2168 proximo
878 2112 947 2154 die
979 2115 1073 2154 ante
1105 2123 1224 2165 quam
1256 2109 1504 2163 colloquium
1521 2106 1621 2149 illud

131 2208 155 2237 a
196 2194 339 2236 Tacito
378 2192 630 2245 descriptum
664 2189 845 2230 habitum
888 2199 982 2228 csse
1023 2187 1164 2228 fertur.
1238 2184 1396 2226 Eodem
1438 2187 1622 2235 tempore

211 2314 246 2349 8.
288 2311 397 2347 Tacit.
433 2310 473 2344 H.
507 2309 623 2344 137:
659 2313 785 2353 septem
823 2317 846 2338 α
915 2304 982 2338 diis
1007 2305 1104 2348 Aper
1141 2301 1234 2346 apud
1259 2300 1415 2334 Tacitum
1453 2299 1488 2332 in
1526 2294 1621 2331 Dial.

132 2362 286 2399 Neronis
307 2362 377 2405 fine
405 2370 539 2394 menses
575 2362 676 2398 sunt,
720 2361 751 2388 et
774 2356 845 2387 iam
915 2364 945 2386 c.
973 2353 996 2386 3
1032 2351 1188 2384 disertim
1224 2351 1394 2383 memorat
1429 2351 1464 2380 et
1496 2355 1573 2389 cap.
1598 2344 1622 2379 9

129 2411 209 2459 plus
233 2411 351 2456 rapuit
378 2407 491 2443 Icelus
526 2417 629 2451 quam
664 2403 753 2448 quod
777 2402 845 2435 Po·
915 2400 1063 2434 eandem
1091 2398 1236 2443 respicit
1263 2398 1300 2430 in
1325 2396 1505 2430 mentione
1519 2393 1622 2428 taso-

133 2460 245 2505 lyctius·
270 2465 302 2493 ct
339 2456 470 2492 Vatinii
504 2461 535 2488 et
574 2452 719 2498 aeqialii
744 2450 844 2496 (lege
914 2450 968 2481 nis
1003 2457 1177 2492 personae
1211 2457 1256 2480 ex
1280 2443 1404 2479 Medea
1439 2446 1620 2486 sumptae:

134 2514 168 2543 et
180 2507 292 2553 Helii)
316 2506 499 2553 perierunt
521 2502 654 2549 (scribe
674 2499 846 2546 perditum
914 2497 971 2530 cui
996 2497 1082 2529 bono
1098 2501 1159 2537 est,
1185 2495 1215 2528 si
1232 2493 1326 2539 apud
1342 2498 1374 2526 te
1384 2492 1623 2536 Ayammnon

132 2559 282 2602 ierunt).
309 2555 487 2588 neminem
506 2563 549 2585 ex
564 2550 631 2591 his,
653 2559 730 2583 cnm
753 2547 844 2582 Otho
914 2550 975 2579 aut
1000 2544 1106 2579 Iason
1133 2543 1258 2577 diserte
1285 2539 1462 2586 loquitur?
1495 2548 1621 2583 quem-

134 2606 354 2650 loqueretur‚
384 2603 419 2634 in
434 2601 528 2634 vivis
550 2599 662 2632 fuisse
688 2595 746 2630 vel
763 2595 846 2628 hinc
914 2593 1100 2627 admodum
1133 2592 1169 2625 in
1210 2590 1265 2624 his
1296 2588 1414 2623 verbis
1444 2587 1549 2620 Iason
1578 2594 1622 2639 ex

134 2654 222 2688 satis
245 2651 473 2685 manifestum
508 2652 587 2689 est,
623 2644 714 2690 qnod
742 2653 845 2677 nemo
916 2652 999 2675 vera
1011 2640 1158 2675 Materni
1185 2637 1303 2672 fabula
1333 2635 1544 2676 nominatur,
1569 2642 1623 2665 sic

135 2705 196 2735 aut
220 2699 263 2734 ad
280 2698 565 2743 disquisitionem
580 2699 723 2728 senatus
740 2691 846 2736 paulo
917 2691 1022 2724 etiam
1035 2687 1302 2734 Agamemnonis
1328 2692 1500 2737 personae
1525 2689 1622 2715 com-

135 2754 216 2794 post
236 2752 385 2782 vocatus
412 2750 471 2779 aut
488 2755 508 2777 a
534 2741 666 2787 populo
693 2742 737 2774 ad
759 2751 847 2784 sup-
917 2737 1124 2771 memoratio
1162 2734 1319 2768 eiusdem
1360 2738 1513 2764 nominis
1546 2733 1623 2761 tra-

136 2797 281 2843 plicium
311 2793 557 2840 expostulatus
589 2795 653 2825 est.
692 2788 737 2823 cl.
755 2788 844 2822 Hist.
918 2785 1080 2831 guedinm
1096 2783 1241 2817 Materni
1267 2780 1378 2813 fuisse
1405 2775 1623 2822 comprobat.

136 2847 152 2882 1
176 2846 223 2882 72
249 2849 285 2879 et
311 2845 378 2887 73,
408 2842 453 2877 1v
481 2840 576 2875 6-8
609 2843 644 2873 et
671 2839 715 2873 10
740 2842 773 2871 et
799 2837 846 2871 40
918 2831 1155 2915 entwgckeri
1185 2829 1356 2876 Tragoed.
1385 2827 1508 2862 Graec.
1535 2828 1561 2860 t.
1577 2822 1624 2860 111

210 2942 245 2980 9.
279 2940 438 2979 Medeam
466 2940 501 2973 iu
528 2934 676 2974 Materni
702 2938 849 2980 tragoe-
