1768 3216
115 621 326 664 shostium
359 622 493 663 caesis
527 621 686 676 ingenti
719 622 825 663 sama
859 620 1078 666 celebrari.

88 1007 128 1038 10

138 207 216 242 ³44

142 322 305 376 laetus,
348 326 519 375 pectore
561 321 708 364 anxius
753 322 928 376 excepit.

757 202 955 240 AGRICOL
961 203 1019 239 AF.

1004 321 1143 363 Inerat
1189 321 1446 364 conscientia
1485 318 1643 364 derisui

146 398 275 440 suisse
306 409 436 450 nuper
467 396 614 438 salsum
647 409 669 438 e
701 397 923 439 Germania
956 396 1216 450 triumphum,
1250 396 1396 451 emptis
1425 408 1503 451 per
1522 407 1643 439 com-

147 471 301 513 mercia
335 483 506 524 quorum
537 471 702 513 babitus
733 475 772 512 et
805 471 932 513 crinis
967 471 1008 512 in
1041 471 1300 525 captivorum
1331 470 1514 525 speciem
1549 468 1644 512 foi·-

146 549 376 587 marentur:
421 550 460 586 at
500 558 611 587 nunc
651 558 792 588 veram
835 557 1110 600 magnamque
1141 546 1359 587 victoriam
1390 549 1451 587 tot
1479 544 1644 587 milibus

1149 620 1190 661 Id
1225 620 1304 663 sibi
1342 620 1520 662 maxime
1551 620 1645 662 for-

146 696 422 748 midolosum,
477 696 625 750 privati
662 696 843 737 hominis
884 707 1037 737 nomen
1083 707 1206 749 supra
1247 694 1448 749 principis
1495 693 1643 736 attolli:

145 770 297 813 frustra
326 771 463 812 studia
490 771 571 812 sori
604 774 643 813 et
671 771 851 812 civilium
884 771 1031 812 artium
1064 770 1192 811 decus
1224 770 1265 811 in
1295 769 1503 811 silentium
1536 773 1643 821 acta,

145 845 181 886 si
223 845 442 887 militarem
479 845 656 900 gloriam
698 845 801 887 alius
850 849 1099 898 occuparet3
1158 849 1199 886 et
1242 848 1383 886 cetera
1424 847 1646 898 utcumque

148 919 312 961 facilius
346 919 622 971 dissimulari,
672 919 790 960 ducis
830 919 930 960 boni
971 918 1278 972 imperatoriam
1311 919 1503 959 virtutem
1535 929 1643 959 esse.

145 992 310 1035 Talibus
343 994 453 1035 curis
486 993 707 1044 exercitus,
739 993 932 1046 quodque
964 1005 1116 1034 saevae
1146 992 1414 1046 cogitationis
1445 990 1644 1032 indicium

148 1073 259 1121 erat,
300 1072 466 1110 secreto
496 1079 571 1110 suo
602 1068 795 1119 satiatus,
844 1067 1039 1120 optimum
1071 1067 1112 1107 in
1137 1067 1375 1120 praesentia
1405 1066 1545 1108 statuit
1573 1077 1647 1107 re-

146 1155 306 1197 ponere
338 1143 500 1195 odium‚
546 1143 682 1183 donec
712 1142 888 1195 impetus
922 1141 1056 1183 samae
1088 1145 1129 1181 et
1159 1141 1280 1182 favor
1310 1140 1519 1182 exercitus
1550 1138 1647 1181 lan·-

143 1222 381 1272 guesceret.

269 1454 298 1486 1.
327 1451 463 1496 excepit
493 1452 538 1486 F:
581 1450 670 1496 cepit
695 1451 738 1485 Δ.

145 1501 180 1536 4.
210 1506 246 1535 at
272 1503 351 1536 TA:
380 1499 596 1533 Puteolanus
623 1510 677 1533 ac.

145 1648 232 1672 vere
257 1637 434 1672 sublatum
463 1639 609 1683 (actum)
645 1648 689 1670 ex
715 1638 862 1682 antiqua

146 1686 337 1721 uncialium
379 1687 554 1731 scriptura
588 1685 731 1730 prodiit.
786 1686 860 1719 Ro-

146 1735 241 1770 thius
271 1740 306 1770 et
319 1735 499 1769 Dronkius
529 1741 645 1768 actum
670 1744 741 1767 non
769 1734 861 1768 bene

144 1789 288 1818 tenent:
329 1795 408 1817 nam
436 1784 554 1829 agitur
588 1784 623 1817 in
658 1782 791 1816 iudicio
827 1787 862 1816 et

147 1833 301 1868 concilio
329 1837 365 1866 et
390 1833 425 1865 in
452 1837 590 1874 senatu,
618 1842 689 1865 non
718 1832 754 1864 in
781 1832 861 1875 epi-

146 1881 260 1916 stulis.
317 1880 478 1914 Formam
506 1879 659 1926 epistulis
685 1889 748 1924 pro
778 1879 862 1912 vul-

139 1934 231 1976 gata
257 1929 409 1974 epistolis
438 1940 482 1962 ex
507 1930 720 1963 auctoritate
747 1928 861 1962 libro-

139 1988 221 2011 rum
248 1977 485 2011 Mediceorum
514 1977 564 2021 (M
593 1982 628 2010 et
654 1975 725 2023 Ma)
752 1986 862 2020 repo-

146 2027 213 2061 sita
241 2030 305 2059 est.

215 2102 253 2130 ut
278 2096 481 2130 Domitiano
507 2095 613 2129 moris
649 2101 745 2129 erat:
786 2106 862 2128 mo-

148 2145 198 2179 ris
225 2156 297 2178 esse
332 2154 394 2188 pro
422 2145 458 2178 in
484 2156 579 2177 more
607 2143 664 2183 vel
692 2154 764 2176 mos
792 2155 863 2176 esse

147 2203 256 2238 saepe
286 2194 479 2237 scriptores
516 2193 642 2226 aetatis
668 2196 863 2237 argenteae

147 2241 231 2275 inde
256 2252 276 2275 a
306 2241 460 2283 Velleio,
486 2242 678 2285 praecipue
700 2240 862 2282 'l'acitus;

149 2289 194 2324 cf.
223 2290 237 2323 1
265 2289 330 2332 56,
359 2289 403 2323 lv
430 2289 488 2324 39.
531 2290 572 2324 ll.
602 2289 615 2323 1
646 2290 700 2324 15.
750 2287 788 2322 G.
821 2289 863 2322 13

149 2343 184 2372 et
208 2340 268 2374 21.
302 2338 345 2372 A.
374 2338 420 2373 33
448 2343 482 2372 ct
507 2340 566 2373 42.

220 2409 348 2453 salsum
376 2420 392 2442 e
413 2409 605 2443 Germania
634 2407 863 2452 triumphum.-

147 2458 325 2492 mimicum
371 2457 585 2501 triumphum
636 2457 680 2489 de
725 2455 863 2489 Chattis

148 2506 372 2541 Domitianus
417 2505 663 2539 celebraverat
704 2509 739 2537 ct
773 2504 864 2538 Ger-

147 2555 324 2588 manicum
350 2564 389 2587 se
416 2553 486 2586 dici
514 2554 689 2587 voluerat.
732 2553 863 2586 Sueto-

148 2604 228 2636 nius
251 2602 353 2636 Doni.
385 2601 429 2636 6:
470 2602 704 2647 expeditiones
733 2602 865 2646 partim

148 2657 268 2697 sponte
294 2651 467 2695 suscepit,
492 2651 624 2695 partim
650 2650 862 2690 necessario,

152 2705 271 2744 sponte
297 2700 336 2733 in
363 2699 519 2733 Chattos.
561 2719 605 2725 —
644 2699 699 2732 De
729 2697 864 2730 Chattis

149 2748 325 2792 Dacisque
349 2753 426 2793 post
458 2748 562 2781 varia
585 2746 728 2792 proelia
751 2745 867 2789 dupli-

150 2807 223 2838 cem
249 2796 456 2841 triwnphmn
489 2797 567 2841 eyit.
633 2794 701 2828 Dio
740 2793 865 2827 LXVII

150 2844 195 2878 4:
241 2846 519 2891 ἐκστρατεύσας
561 2844 601 2879 δὲ
637 2846 689 2882 εἰς
715 2844 864 2890 Γερμα-

150 2897 240 2929 νίαν
278 2899 341 2928 καὶ
370 2892 457 2940 μηδ’
492 2887 671 2939 ἑωρακώς
695 2890 867 2938 πόλεμον

151 2942 332 2986 ἐπανῆκε.
365 2940 466 2976 Adde
493 2941 531 2975 G.
557 2941 602 2977 37
631 2944 733 2984 extr.,
761 2938 866 2975 Plinii

460 1218 563 1259 Nam
620 1217 829 1258 etiamtum
874 1215 1076 1269 Agricola
1116 1215 1369 1257 Britanniam
1420 1214 1644 1256 obtinebat.

146 1292 275 1347 Igitur
305 1291 564 1352 triumphalia
593 1295 835 1333 ornamenta
868 1294 908 1332 et
944 1286 1128 1332 inlustris
1160 1294 1319 1332 statuae
1350 1289 1575 1343 honorem,
1607 1290 1714 1332 et40

848 1450 881 1485 3.
910 1449 1020 1484 crinis
1046 1452 1094 1485 T:
1130 1450 1247 1484 crines
1277 1449 1313 1485 Δ
1345 1452 1381 1483 et
1415 1447 1644 1483 Puteolanus.

1102 1637 1146 1673 16
1185 1641 1221 1671 et
1250 1637 1304 1671 17.
1355 1635 1472 1670 Aliter
1515 1617 1646 1679 poetae

930 1685 1091 1730 improbe
1117 1685 1326 1727 adulantes,
1364 1682 1534 1718 Martialis
1565 1681 1646 1718 vul

929 1735 988 1778 65,
1016 1735 1149 1770 Statius
1175 1734 1261 1769 Silv.
1292 1733 1305 1768 1
1335 1734 1352 1767 1
1381 1737 1416 1767 et
1441 1735 1476 1767 4.

1000 1806 1037 1839 id
1061 1805 1127 1839 sibi
1151 1806 1302 1839 maxime
1325 1801 1587 1849 formidolosum
1604 1822 1646 1830 -

929 1855 1090 1888 virtutem
1126 1852 1225 1887 ess'e:
1282 1863 1395 1898 usque
1443 1851 1486 1886 ad
1524 1852 1648 1885 intima

930 1903 1085 1946 pectoris
1113 1902 1291 1947 tyrannici
1331 1899 1516 1935 descendit
1540 1909 1648 1944 prae-

931 1950 1047 1985 clarus
1079 1951 1223 1984 humani
1256 1951 1395 1995 ingenii
1430 1947 1646 1993 explorator,

930 2011 971 2032 ac
996 2010 1074 2032 rara
1102 2004 1176 2033 arte
1204 2009 1305 2032 curas
1335 2003 1370 2032 et
1400 1997 1554 2031 laniatus
1581 1996 1648 2030 de-

930 2048 1086 2091 scripsit,
1114 2047 1242 2092 quibus
1271 2047 1372 2080 saevi
1397 2045 1530 2079 domini
1548 2051 1647 2079 mens

931 2100 1016 2130 tunc
1042 2095 1199 2129 lacerata
1226 2099 1291 2128 est.
1323 2097 1327 2099 ”

929 1636 1061 1683 Paneg.

1003 2167 1118 2201 studia
1153 2167 1227 2212 sori
1263 2171 1294 2198 et
1330 2164 1483 2199 civilium
1520 2164 1650 2198 artium

932 2215 1055 2251 decus.-
1091 2215 1205 2249 studia
1240 2214 1313 2258 sori
1351 2213 1438 2247 dicit
1471 2212 1650 2257 eloquen-

932 2265 1037 2307 tiam3
1056 2264 1227 2298 'civilium
1253 2263 1381 2295 artium
1408 2261 1515 2295 decus
1542 2270 1649 2305 prae-

931 2318 986 2346 ter
1013 2311 1255 2357 eloquentiam
1274 2310 1537 2354 -complectitur
1562 2309 1649 2342 iuris

931 2361 1167 2406 prudentiam.
1227 2358 1329 2393 Conf.
1357 2357 1404 2392 111
1429 2359 1493 2393 75:
1523 2358 1648 2403 Capito

930 2411 1052 2444 Ateius
1077 2430 1122 2436 —
1147 2409 1341 2454 principem
1368 2408 1406 2440 in
1431 2407 1570 2441 civitate
1593 2406 1649 2439 lo-

932 2470 1009 2491 cum
1035 2458 1156 2491 studiis
1178 2456 1335 2491 civilibus
1354 2455 1548 2489 adsecutus.
1572 2453 1648 2488 Ad-

932 2507 975 2540 de
1004 2505 1049 2539 Vl
1078 2505 1110 2548 7,
1143 2505 1237 2539 X16
1266 2508 1300 2537 et
1330 2504 1362 2538 7.

1001 2576 1266 2621 imperatoriam
1307 2575 1492 2608 virtutem:
1537 2570 1573 2605 h.
1615 2581 1648 2605 e.

932 2625 1102 2658 virtutem
1130 2624 1354 2668 imperatoris
1391 2621 1451 2657 vel
1476 2619 1649 2665 principis

933 2674 1122 2717 propriam.

1005 2750 1138 2778 secreto
1172 2754 1233 2777 suo
1274 2743 1444 2776 satiatus:
1483 2745 1653 2774 secretum

936 2801 1006 2824 non
1034 2798 1088 2826 est
1122 2793 1223 2826 locus
1258 2795 1439 2832 secretus,
1477 2798 1547 2834 quo
1574 2787 1646 2822 Do-

935 2841 1118 2875 mitianum
1148 2840 1191 2874 ab
1218 2839 1400 2873 hominum
1438 2837 1651 2871 commercio

934 2894 1108 2923 remotum
1136 2889 1291 2923 libenter
1327 2897 1429 2921 usum
1457 2895 1537 2919 esse
1563 2894 1653 2919 con-

935 2941 1004 2974 stat
1041 2937 1132 2984 (vid.
1169 2936 1275 2973 Plinii
1301 2935 1435 2983 Paneg.
1463 2933 1556 2982 48),
1589 2931 1654 2970 sed
