<?xml version="1.0" encoding="UTF-8"?>
<!DOCTYPE html PUBLIC "-//W3C//DTD XHTML 1.0 Transitional//EN"
    "http://www.w3.org/TR/xhtml1/DTD/xhtml1-transitional.dtd">
<html xmlns="http://www.w3.org/1999/xhtml" xml:lang="en" lang="en">
 <head>
  <title>
</title>
<meta http-equiv="Content-Type" content="text/html;charset=utf-8" />
  <meta name='ocr-system' content='tesseract 3.04.00' />
  <meta name='ocr-capabilities' content='ocr_page ocr_carea ocr_par ocr_line ocrx_word'/>
</head>
<body>
  <div class='ocr_page' id='page_1' title='image "./operaadcodicesan03taciuoft/operaadcodicesan03taciuoft_0176.png"; bbox 0 0 1768 3216; ppageno 0'>
   <div class='ocr_carea' id='block_1_1' title="bbox 732 171 1638 215">
    <p class='ocr_par' dir='ltr' id='par_1_1' title="bbox 732 171 1638 215">
     <span class='ocr_line' id='line_1_1' title="bbox 732 171 1638 215; baseline -0.009 0"><span class='ocrx_word' id='word_1_1' title='bbox 732 176 1041 215; x_wconf 76' lang='lat' dir='ltr'><strong>HISTORIARVM</strong></span> <span class='ocrx_word' id='word_1_2' title='bbox 1433 183 1466 208; x_wconf 82' lang='lat' dir='ltr'>a.</span> <span class='ocrx_word' id='word_1_3' title='bbox 1490 181 1527 208; x_wconf 78' lang='lat' dir='ltr'>u.</span> <span class='ocrx_word' id='word_1_4' title='bbox 1552 171 1638 210; x_wconf 79' lang='lat'>822.</span> 
     </span>
    </p>
   </div>
   <div class='ocr_carea' id='block_1_2' title="bbox 151 191 220 226">
    <p class='ocr_par' dir='ltr' id='par_1_2' title="bbox 151 191 220 226">
     <span class='ocr_line' id='line_1_2' title="bbox 151 191 220 226; baseline -0.029 0"><span class='ocrx_word' id='word_1_5' title='bbox 151 191 220 226; x_wconf 81' lang='grc'>166</span> 
     </span>
    </p>
   </div>
   <div class='ocr_carea' id='block_1_3' title="bbox 0 290 1663 1844">
    <p class='ocr_par' dir='ltr' id='par_1_3' title="bbox 0 290 1663 648">
     <span class='ocr_line' id='line_1_3' title="bbox 0 290 1642 357; baseline -0.011 -8"><span class='ocrx_word' id='word_1_6' title='bbox 0 346 3 357; x_wconf 78' lang='grc'>,</span> <span class='ocrx_word' id='word_1_7' title='bbox 152 305 324 348; x_wconf 89' lang='lat' dir='ltr'>consilia</span> <span class='ocrx_word' id='word_1_8' title='bbox 356 301 594 354; x_wconf 83' lang='lat' dir='ltr'>suscipiunt,</span> <span class='ocrx_word' id='word_1_9' title='bbox 627 297 848 339; x_wconf 86' lang='lat' dir='ltr'>aestimare</span> <span class='ocrx_word' id='word_1_10' title='bbox 880 295 1033 336; x_wconf 82' lang='lat' dir='ltr'>debent</span> <span class='ocrx_word' id='word_1_11' title='bbox 1063 305 1115 334; x_wconf 85' lang='lat' dir='ltr'>an</span> <span class='ocrx_word' id='word_1_12' title='bbox 1143 292 1253 346; x_wconf 85' lang='lat' dir='ltr'>quod</span> <span class='ocrx_word' id='word_1_13' title='bbox 1271 290 1522 355; x_wconf 66' lang='lat' dir='ltr'>⁴inchoaturi</span> <span class='ocrx_word' id='word_1_14' title='bbox 1547 294 1642 333; x_wconf 87' lang='lat' dir='ltr'>sunt</span> 
     </span>
     <span class='ocr_line' id='line_1_4' title="bbox 60 365 1643 432; baseline -0.01 -8.621"><span class='ocrx_word' id='word_1_15' title='bbox 60 386 82 430; x_wconf 66' lang='lat'>51</span> <span class='ocrx_word' id='word_1_16' title='bbox 99 423 101 426; x_wconf 83' lang='grc'><em>,</em></span> <span class='ocrx_word' id='word_1_17' title='bbox 150 380 212 422; x_wconf 88' lang='lat' dir='ltr'>rei</span> <span class='ocrx_word' id='word_1_18' title='bbox 238 377 426 432; x_wconf 88' lang='lat' dir='ltr'>publicae</span> <span class='ocrx_word' id='word_1_19' title='bbox 453 368 566 424; x_wconf 79' lang='lat' dir='ltr'>utile,</span> <span class='ocrx_word' id='word_1_20' title='bbox 602 372 701 425; x_wconf 89' lang='lat' dir='ltr'>ipsis</span> <span class='ocrx_word' id='word_1_21' title='bbox 731 370 978 425; x_wconf 82' lang='lat' dir='ltr'>gloriosum,</span> <span class='ocrx_word' id='word_1_22' title='bbox 1010 373 1078 411; x_wconf 85' lang='lat' dir='ltr'>aut</span> <span class='ocrx_word' id='word_1_23' title='bbox 1111 371 1343 422; x_wconf 88' lang='lat' dir='ltr'>promptum</span> <span class='ocrx_word' id='word_1_24' title='bbox 1376 365 1543 426; x_wconf 61' lang='lat' dir='ltr'>effflssmv</span> <span class='ocrx_word' id='word_1_25' title='bbox 1573 369 1643 408; x_wconf 84' lang='lat' dir='ltr'>aut</span> 
     </span>
     <span class='ocr_line' id='line_1_5' title="bbox 96 435 1642 498; baseline -0.008 -3"><span class='ocrx_word' id='word_1_26' title='bbox 96 435 98 437; x_wconf 66' lang='lat'>,</span> <span class='ocrx_word' id='word_1_27' title='bbox 151 457 263 495; x_wconf 88' lang='lat' dir='ltr'>certe</span> <span class='ocrx_word' id='word_1_28' title='bbox 295 462 377 491; x_wconf 91' lang='lat' dir='ltr'>non</span> <span class='ocrx_word' id='word_1_29' title='bbox 406 447 576 489; x_wconf 87' lang='lat' dir='ltr'>arduum</span> <span class='ocrx_word' id='word_1_30' title='bbox 609 447 675 488; x_wconf 87' lang='lat' dir='ltr'>sit.</span> <span class='ocrx_word' id='word_1_31' title='bbox 737 445 864 488; x_wconf 86' lang='lat' dir='ltr'>Simul</span> <span class='ocrx_word' id='word_1_32' title='bbox 895 444 983 498; x_wconf 87' lang='lat' dir='ltr'>ipse</span> <span class='ocrx_word' id='word_1_33' title='bbox 1015 444 1084 498; x_wconf 89' lang='lat' dir='ltr'>qui</span> <span class='ocrx_word' id='word_1_34' title='bbox 1118 442 1265 485; x_wconf 82' lang='lat' dir='ltr'>suadet</span> <span class='ocrx_word' id='word_1_35' title='bbox 1309 441 1642 484; x_wconf 80' lang='lat' dir='ltr'>considerandus</span> 
     </span>
     <span class='ocr_line' id='line_1_6' title="bbox 150 516 1643 577; baseline -0.006 -10"><span class='ocrx_word' id='word_1_36' title='bbox 150 530 234 577; x_wconf 88' lang='lat' dir='ltr'>est,</span> <span class='ocrx_word' id='word_1_37' title='bbox 269 524 474 565; x_wconf 86' lang='lat' dir='ltr'>adiciatne</span> <span class='ocrx_word' id='word_1_38' title='bbox 505 521 680 572; x_wconf 90' lang='lat' dir='ltr'>consilio</span> <span class='ocrx_word' id='word_1_39' title='bbox 709 519 938 575; x_wconf 80' lang='lat' dir='ltr'>peliculum</span> <span class='ocrx_word' id='word_1_40' title='bbox 971 531 1112 571; x_wconf 86' lang='lat' dir='ltr'>suum,</span> <span class='ocrx_word' id='word_1_41' title='bbox 1155 522 1195 560; x_wconf 89' lang='lat' dir='ltr'>et</span> <span class='ocrx_word' id='word_1_42' title='bbox 1221 519 1257 560; x_wconf 90' lang='lat' dir='ltr'>si</span> <span class='ocrx_word' id='word_1_43' title='bbox 1288 518 1453 560; x_wconf 82' lang='lat' dir='ltr'>fortuna</span> <span class='ocrx_word' id='word_1_44' title='bbox 1482 516 1643 572; x_wconf 82' lang='lat' dir='ltr'>coeptis</span> 
     </span>
     <span class='ocr_line' id='line_1_7' title="bbox 119 591 1663 664; baseline -0.006 -23"><span class='ocrx_word' id='word_1_45' title='bbox 119 599 340 650; x_wconf 77' lang='lat' dir='ltr'>sadfuerit,</span> <span class='ocrx_word' id='word_1_46' title='bbox 371 597 437 638; x_wconf 87' lang='lat' dir='ltr'>cui</span> <span class='ocrx_word' id='word_1_47' title='bbox 458 608 665 664; x_wconf 87' lang='lat' dir='ltr'>summum</span> <span class='ocrx_word' id='word_1_48' title='bbox 698 595 825 654; x_wconf 86' lang='lat' dir='ltr'>decus</span> <span class='ocrx_word' id='word_1_49' title='bbox 858 593 1111 655; x_wconf 81' lang='lat' dir='ltr'>adquiratur.</span> <span class='ocrx_word' id='word_1_50' title='bbox 1172 593 1262 647; x_wconf 83' lang='lat' dir='ltr'>Ego</span> <span class='ocrx_word' id='word_1_51' title='bbox 1296 596 1350 644; x_wconf 89' lang='lat' dir='ltr'>te,</span> <span class='ocrx_word' id='word_1_52' title='bbox 1371 591 1663 646; x_wconf 54' lang='lat' dir='ltr'>Vespasiane,2</span> 
     </span>
    </p>

    <p class='ocr_par' dir='ltr' id='par_1_4' title="bbox 149 660 1645 727">
     <span class='ocr_line' id='line_1_8' title="bbox 149 660 1645 727; baseline -0.004 -12"><span class='ocrx_word' id='word_1_53' title='bbox 149 674 201 716; x_wconf 88' lang='lat' dir='ltr'>ad</span> <span class='ocrx_word' id='word_1_54' title='bbox 232 661 446 727; x_wconf 88' lang='lat' dir='ltr'>imperium</span> <span class='ocrx_word' id='word_1_55' title='bbox 475 660 592 713; x_wconf 88' lang='lat' dir='ltr'>voco</span> <span class='ocrx_word' id='word_1_56' title='bbox 615 664 698 712; x_wconf 80' lang='lat' dir='ltr'>tam</span> <span class='ocrx_word' id='word_1_57' title='bbox 727 670 907 712; x_wconf 87' lang='lat' dir='ltr'>salutare</span> <span class='ocrx_word' id='word_1_58' title='bbox 948 669 1011 710; x_wconf 81' lang='lat' dir='ltr'>iei</span> <span class='ocrx_word' id='word_1_59' title='bbox 1050 668 1240 722; x_wconf 87' lang='lat' dir='ltr'>publicae</span> <span class='ocrx_word' id='word_1_60' title='bbox 1276 679 1397 721; x_wconf 89' lang='lat' dir='ltr'>quam</span> <span class='ocrx_word' id='word_1_61' title='bbox 1435 666 1510 707; x_wconf 77' lang='lat' dir='ltr'>tihi</span> <span class='ocrx_word' id='word_1_62' title='bbox 1551 677 1645 709; x_wconf 79' lang='lat' dir='ltr'>ma·-</span> 
     </span>
    </p>

    <p class='ocr_par' dir='ltr' id='par_1_5' title="bbox 0 741 1651 1323">
     <span class='ocr_line' id='line_1_9' title="bbox 0 741 1645 803; baseline -0.004 -13"><span class='ocrx_word' id='word_1_63' title='bbox 0 782 103 803; x_wconf 47' lang='lat' dir='ltr'>ff.</span> <span class='ocrx_word' id='word_1_64' title='bbox 149 749 356 803; x_wconf 86' lang='lat' dir='ltr'>gnificum.</span> <span class='ocrx_word' id='word_1_65' title='bbox 419 746 533 787; x_wconf 84' lang='lat' dir='ltr'>quta</span> <span class='ocrx_word' id='word_1_66' title='bbox 565 745 667 801; x_wconf 82' lang='lat' dir='ltr'>deos</span> <span class='ocrx_word' id='word_1_67' title='bbox 699 746 742 786; x_wconf 91' lang='lat' dir='ltr'>in</span> <span class='ocrx_word' id='word_1_68' title='bbox 772 749 839 786; x_wconf 85' lang='lat' dir='ltr'>tua</span> <span class='ocrx_word' id='word_1_69' title='bbox 871 756 994 785; x_wconf 87' lang='lat' dir='ltr'>manu</span> <span class='ocrx_word' id='word_1_70' title='bbox 1025 744 1204 797; x_wconf 90' lang='lat' dir='ltr'>positum</span> <span class='ocrx_word' id='word_1_71' title='bbox 1236 746 1310 784; x_wconf 87' lang='lat' dir='ltr'>est.</span> <span class='ocrx_word' id='word_1_72' title='bbox 1350 742 1439 784; x_wconf 88' lang='lat' dir='ltr'>Nec</span> <span class='ocrx_word' id='word_1_73' title='bbox 1460 741 1645 796; x_wconf 84' lang='lat' dir='ltr'>speciem</span> 
     </span>
     <span class='ocr_line' id='line_1_10' title="bbox 0 799 1646 879; baseline -0.005 -13"><span class='ocrx_word' id='word_1_74' title='bbox 0 875 2 877; x_wconf 21' lang='grc' dir='ltr'>Ι</span> <span class='ocrx_word' id='word_1_75' title='bbox 60 799 94 815; x_wconf 29' lang='grc' dir='ltr'>’Ψ</span> <span class='ocrx_word' id='word_1_76' title='bbox 151 823 354 866; x_wconf 87' lang='lat' dir='ltr'>adulantis</span> <span class='ocrx_word' id='word_1_77' title='bbox 396 801 629 875; x_wconf 71' lang='lat' dir='ltr'>expaveris.</span> <span class='ocrx_word' id='word_1_78' title='bbox 692 820 730 861; x_wconf 93' lang='lat' dir='ltr'><strong>A</strong></span> <span class='ocrx_word' id='word_1_79' title='bbox 775 819 1023 871; x_wconf 67' lang='lat' dir='ltr'>contumelia</span> <span class='ocrx_word' id='word_1_80' title='bbox 1066 830 1187 872; x_wconf 88' lang='lat' dir='ltr'>quam</span> <span class='ocrx_word' id='word_1_81' title='bbox 1234 831 1257 859; x_wconf 86' lang='lat' dir='ltr'>a</span> <span class='ocrx_word' id='word_1_82' title='bbox 1302 816 1646 879; x_wconf 59' lang='lat' dir='ltr'>laude-pgopius</span> 
     </span>
     <span class='ocr_line' id='line_1_11' title="bbox 2 878 1649 951; baseline -0.004 -13"><span class='ocrx_word' id='word_1_83' title='bbox 2 878 6 895; x_wconf 17' lang='grc' dir='ltr'><em>Γ</em></span> <span class='ocrx_word' id='word_1_84' title='bbox 48 889 65 941; x_wconf 76' lang='grc' dir='ltr'><em>ἔ</em></span> <span class='ocrx_word' id='word_1_85' title='bbox 92 898 111 949; x_wconf 64' lang='lat' dir='ltr'>j}</span> <span class='ocrx_word' id='word_1_86' title='bbox 151 899 275 940; x_wconf 90' lang='lat' dir='ltr'>fuerit</span> <span class='ocrx_word' id='word_1_87' title='bbox 303 901 397 951; x_wconf 87' lang='lat' dir='ltr'>post</span> <span class='ocrx_word' id='word_1_88' title='bbox 423 896 630 941; x_wconf 89' lang='lat' dir='ltr'>Vitellium</span> <span class='ocrx_word' id='word_1_89' title='bbox 660 895 772 950; x_wconf 81' lang='lat' dir='ltr'>eligi.</span> <span class='ocrx_word' id='word_1_90' title='bbox 832 878 933 936; x_wconf 85' lang='lat' dir='ltr'>Non</span> <span class='ocrx_word' id='word_1_91' title='bbox 939 889 1157 936; x_wconf 67' lang='lat' dir='ltr'>adiersus</span> <span class='ocrx_word' id='word_1_92' title='bbox 1189 893 1274 934; x_wconf 87' lang='lat' dir='ltr'>divi</span> <span class='ocrx_word' id='word_1_93' title='bbox 1314 891 1492 948; x_wconf 81' lang='lat' dir='ltr'>Augusti</span> <span class='ocrx_word' id='word_1_94' title='bbox 1522 902 1649 933; x_wconf 85' lang='lat' dir='ltr'>acer-</span> 
     </span>
     <span class='ocr_line' id='line_1_12' title="bbox 7 951 1646 1023; baseline -0.004 -8"><span class='ocrx_word' id='word_1_95' title='bbox 7 1007 13 1015; x_wconf 91' lang='grc'><em>,</em></span> <span class='ocrx_word' id='word_1_96' title='bbox 101 951 139 1018; x_wconf 53' lang='lat' dir='ltr'>ro</span> <span class='ocrx_word' id='word_1_97' title='bbox 152 974 297 1016; x_wconf 86' lang='lat' dir='ltr'>rimam</span> <span class='ocrx_word' id='word_1_98' title='bbox 326 976 518 1023; x_wconf 61' lang='lat' dir='ltr'>menteim</span> <span class='ocrx_word' id='word_1_99' title='bbox 550 983 629 1011; x_wconf 87' lang='lat' dir='ltr'>nec</span> <span class='ocrx_word' id='word_1_100' title='bbox 662 970 861 1012; x_wconf 84' lang='lat' dir='ltr'>adversus</span> <span class='ocrx_word' id='word_1_101' title='bbox 894 969 1175 1011; x_wconf 80' lang='lat' dir='ltr'>cautissimam</span> <span class='ocrx_word' id='word_1_102' title='bbox 1196 968 1353 1010; x_wconf 87' lang='lat' dir='ltr'>Tiberii</span> <span class='ocrx_word' id='word_1_103' title='bbox 1373 969 1646 1019; x_wconf 80' lang='lat' dir='ltr'>senectutem,</span> 
     </span>
     <span class='ocr_line' id='line_1_13' title="bbox 43 1041 1647 1098; baseline -0.003 -10"><span class='ocrx_word' id='word_1_104' title='bbox 43 1048 113 1088; x_wconf 46' lang='grc' dir='ltr'>ἴω</span> <span class='ocrx_word' id='word_1_105' title='bbox 154 1061 208 1090; x_wconf 91' lang='lat' dir='ltr'>ne</span> <span class='ocrx_word' id='word_1_106' title='bbox 240 1051 384 1089; x_wconf 89' lang='lat' dir='ltr'>contra</span> <span class='ocrx_word' id='word_1_107' title='bbox 403 1046 477 1087; x_wconf 84' lang='lat' dir='ltr'>Gai</span> <span class='ocrx_word' id='word_1_108' title='bbox 510 1045 673 1098; x_wconf 87' lang='lat' dir='ltr'>quidem</span> <span class='ocrx_word' id='word_1_109' title='bbox 706 1049 773 1085; x_wconf 89' lang='lat' dir='ltr'>aut</span> <span class='ocrx_word' id='word_1_110' title='bbox 795 1044 953 1086; x_wconf 88' lang='lat' dir='ltr'>Claudii</span> <span class='ocrx_word' id='word_1_111' title='bbox 987 1043 1053 1085; x_wconf 88' lang='lat' dir='ltr'>vel</span> <span class='ocrx_word' id='word_1_112' title='bbox 1073 1043 1253 1086; x_wconf 88' lang='lat' dir='ltr'>Neronis</span> <span class='ocrx_word' id='word_1_113' title='bbox 1287 1042 1496 1085; x_wconf 80' lang='lat' dir='ltr'>fundatam</span> <span class='ocrx_word' id='word_1_114' title='bbox 1516 1041 1647 1097; x_wconf 85' lang='lat' dir='ltr'>longo</span> 
     </span>
     <span class='ocr_line' id='line_1_14' title="bbox 0 1099 1648 1180; baseline -0.004 -16"><span class='ocrx_word' id='word_1_115' title='bbox 0 1099 71 1163; x_wconf 13' lang='grc' dir='ltr'>[μή</span> <span class='ocrx_word' id='word_1_116' title='bbox 96 1131 127 1156; x_wconf 54' lang='lat'>³</span> <span class='ocrx_word' id='word_1_117' title='bbox 154 1122 327 1176; x_wconf 91' lang='lat' dir='ltr'>imperio</span> <span class='ocrx_word' id='word_1_118' title='bbox 359 1121 523 1162; x_wconf 90' lang='lat' dir='ltr'>domum</span> <span class='ocrx_word' id='word_1_119' title='bbox 555 1120 808 1175; x_wconf 83' lang='lat' dir='ltr'>exurgimus.</span> <span class='ocrx_word' id='word_1_120' title='bbox 858 1119 1030 1161; x_wconf 84' lang='lat' dir='ltr'>Cessisti</span> <span class='ocrx_word' id='word_1_121' title='bbox 1063 1119 1187 1161; x_wconf 85' lang='lat' dir='ltr'>etiam</span> <span class='ocrx_word' id='word_1_122' title='bbox 1205 1117 1392 1160; x_wconf 83' lang='lat' dir='ltr'>Galbae&#39;</span> <span class='ocrx_word' id='word_1_123' title='bbox 1382 1129 1621 1180; x_wconf 64' lang='lat' dir='ltr'>iQo</span> <span class='ocrx_word' id='word_1_124' title='bbox 1468 1117 1648 1159; x_wconf 70' lang='lat' dir='ltr'>ciuibus.</span> 
     </span>
     <span class='ocr_line' id='line_1_15' title="bbox 153 1191 1651 1277; baseline -0.003 -39"><span class='ocrx_word' id='word_1_125' title='bbox 153 1197 334 1250; x_wconf 87' lang='lat' dir='ltr'>Torpere</span> <span class='ocrx_word' id='word_1_126' title='bbox 374 1195 499 1246; x_wconf 81' lang='lat' dir='ltr'>ultra,</span> <span class='ocrx_word' id='word_1_127' title='bbox 547 1198 587 1236; x_wconf 88' lang='lat' dir='ltr'>ct</span> <span class='ocrx_word' id='word_1_128' title='bbox 625 1194 890 1247; x_wconf 83' lang='lat' dir='ltr'>polluendam</span> <span class='ocrx_word' id='word_1_129' title='bbox 928 1193 1267 1277; x_wconf 45' lang='lat' dir='ltr'>perdendamque</span> <span class='ocrx_word' id='word_1_130' title='bbox 1316 1205 1404 1235; x_wconf 87' lang='lat' dir='ltr'>rem</span> <span class='ocrx_word' id='word_1_131' title='bbox 1444 1191 1651 1246; x_wconf 81' lang='lat' dir='ltr'>publicam</span> 
     </span>
     <span class='ocr_line' id='line_1_16' title="bbox 153 1266 1651 1323; baseline -0.003 -12"><span class='ocrx_word' id='word_1_132' title='bbox 153 1270 412 1323; x_wconf 82' lang='lat' dir='ltr'>relinquere,</span> <span class='ocrx_word' id='word_1_133' title='bbox 466 1281 594 1322; x_wconf 88' lang='lat' dir='ltr'>sopor</span> <span class='ocrx_word' id='word_1_134' title='bbox 625 1272 663 1310; x_wconf 87' lang='lat' dir='ltr'>et</span> <span class='ocrx_word' id='word_1_135' title='bbox 693 1269 860 1322; x_wconf 86' lang='lat' dir='ltr'>ignavia</span> <span class='ocrx_word' id='word_1_136' title='bbox 891 1268 1132 1320; x_wconf 85' lang='lat' dir='ltr'>videretur,</span> <span class='ocrx_word' id='word_1_137' title='bbox 1175 1268 1300 1309; x_wconf 84' lang='lat' dir='ltr'>etiam</span> <span class='ocrx_word' id='word_1_138' title='bbox 1331 1267 1368 1309; x_wconf 94' lang='lat' dir='ltr'>si</span> <span class='ocrx_word' id='word_1_139' title='bbox 1397 1266 1496 1319; x_wconf 85' lang='lat' dir='ltr'>tibi,</span> <span class='ocrx_word' id='word_1_140' title='bbox 1529 1277 1651 1320; x_wconf 84' lang='lat' dir='ltr'>quam</span> 
     </span>
    </p>

    <p class='ocr_par' dir='ltr' id='par_1_6' title="bbox 106 1341 1651 1396">
     <span class='ocr_line' id='line_1_17' title="bbox 106 1341 1651 1396; baseline -0.002 -10"><span class='ocrx_word' id='word_1_141' title='bbox 106 1358 143 1387; x_wconf 74' lang='grc' dir='ltr'>ιε»</span> <span class='ocrx_word' id='word_1_142' title='bbox 156 1345 388 1396; x_wconf 79' lang='lat' dir='ltr'>inhonesta,</span> <span class='ocrx_word' id='word_1_143' title='bbox 420 1348 501 1384; x_wconf 86' lang='lat' dir='ltr'>tam</span> <span class='ocrx_word' id='word_1_144' title='bbox 529 1346 612 1384; x_wconf 83' lang='lat' dir='ltr'>tuta</span> <span class='ocrx_word' id='word_1_145' title='bbox 643 1343 821 1384; x_wconf 83' lang='lat' dir='ltr'>servitus</span> <span class='ocrx_word' id='word_1_146' title='bbox 854 1347 979 1384; x_wconf 86' lang='lat' dir='ltr'>esset.</span> <span class='ocrx_word' id='word_1_147' title='bbox 1035 1341 1150 1384; x_wconf 89' lang='lat' dir='ltr'>Abiit</span> <span class='ocrx_word' id='word_1_148' title='bbox 1180 1343 1261 1383; x_wconf 88' lang='lat' dir='ltr'>iam</span> <span class='ocrx_word' id='word_1_149' title='bbox 1293 1345 1334 1384; x_wconf 85' lang='lat' dir='ltr'>et</span> <span class='ocrx_word' id='word_1_150' title='bbox 1369 1344 1651 1383; x_wconf 86' lang='lat' dir='ltr'>transvectum</span> 
     </span>
    </p>

    <p class='ocr_par' dir='ltr' id='par_1_7' title="bbox 158 1415 1655 1472">
     <span class='ocr_line' id='line_1_18' title="bbox 158 1415 1655 1472; baseline -0.003 -12"><span class='ocrx_word' id='word_1_151' title='bbox 158 1424 220 1461; x_wconf 86' lang='lat' dir='ltr'>est</span> <span class='ocrx_word' id='word_1_152' title='bbox 247 1423 421 1472; x_wconf 82' lang='lat' dir='ltr'>tempus,</span> <span class='ocrx_word' id='word_1_153' title='bbox 458 1430 538 1471; x_wconf 89' lang='lat' dir='ltr'>quo</span> <span class='ocrx_word' id='word_1_154' title='bbox 567 1430 714 1471; x_wconf 90' lang='lat' dir='ltr'>posses</span> <span class='ocrx_word' id='word_1_155' title='bbox 744 1417 879 1458; x_wconf 89' lang='lat' dir='ltr'>videri</span> <span class='ocrx_word' id='word_1_156' title='bbox 914 1417 1190 1471; x_wconf 86' lang='lat' dir='ltr'>concupisse.</span> <span class='ocrx_word' id='word_1_157' title='bbox 1231 1415 1559 1472; x_wconf 85' lang='lat' dir='ltr'>confugiendum</span> <span class='ocrx_word' id='word_1_158' title='bbox 1591 1419 1655 1458; x_wconf 90' lang='lat' dir='ltr'>est</span> 
     </span>
    </p>

    <p class='ocr_par' dir='ltr' id='par_1_8' title="bbox 155 1490 1655 1696">
     <span class='ocr_line' id='line_1_19' title="bbox 159 1490 1654 1547; baseline -0.001 -13"><span class='ocrx_word' id='word_1_159' title='bbox 159 1494 210 1535; x_wconf 90' lang='lat' dir='ltr'>ad</span> <span class='ocrx_word' id='word_1_160' title='bbox 249 1493 475 1547; x_wconf 85' lang='lat' dir='ltr'>imperium.</span> <span class='ocrx_word' id='word_1_161' title='bbox 539 1491 606 1533; x_wconf 91' lang='lat' dir='ltr'>An</span> <span class='ocrx_word' id='word_1_162' title='bbox 646 1492 801 1533; x_wconf 80' lang='lat' dir='ltr'>excidit</span> <span class='ocrx_word' id='word_1_163' title='bbox 844 1491 1073 1533; x_wconf 72' lang='lat' dir='ltr'>trucidatus</span> <span class='ocrx_word' id='word_1_164' title='bbox 1113 1491 1328 1533; x_wconf 79' lang='lat' dir='ltr'>Corbulo?</span> <span class='ocrx_word' id='word_1_165' title='bbox 1379 1490 1654 1545; x_wconf 86' lang='lat' dir='ltr'>Splendidior</span> 
     </span>
     <span class='ocr_line' id='line_1_20' title="bbox 159 1565 1652 1623; baseline -0.001 -15"><span class='ocrx_word' id='word_1_166' title='bbox 159 1568 321 1623; x_wconf 84' lang='lat' dir='ltr'>origine</span> <span class='ocrx_word' id='word_1_167' title='bbox 345 1580 463 1621; x_wconf 85' lang='lat' dir='ltr'>quam</span> <span class='ocrx_word' id='word_1_168' title='bbox 485 1579 561 1608; x_wconf 91' lang='lat' dir='ltr'>nos</span> <span class='ocrx_word' id='word_1_169' title='bbox 581 1579 735 1619; x_wconf 79' lang='lat' dir='ltr'>sumus,</span> <span class='ocrx_word' id='word_1_170' title='bbox 759 1567 912 1608; x_wconf 79' lang='lat' dir='ltr'>fateor:</span> <span class='ocrx_word' id='word_1_171' title='bbox 938 1566 1012 1609; x_wconf 87' lang='lat' dir='ltr'>sed</span> <span class='ocrx_word' id='word_1_172' title='bbox 1035 1571 1076 1607; x_wconf 92' lang='lat' dir='ltr'>et</span> <span class='ocrx_word' id='word_1_173' title='bbox 1094 1567 1205 1608; x_wconf 84' lang='lat' dir='ltr'>Nero</span> <span class='ocrx_word' id='word_1_174' title='bbox 1224 1566 1439 1608; x_wconf 88' lang='lat' dir='ltr'>nobilitate</span> <span class='ocrx_word' id='word_1_175' title='bbox 1457 1565 1652 1608; x_wconf 83' lang='lat' dir='ltr'>natalium</span> 
     </span>
     <span class='ocr_line' id='line_1_21' title="bbox 155 1640 1655 1696; baseline 0.001 -14"><span class='ocrx_word' id='word_1_176' title='bbox 155 1641 361 1683; x_wconf 88' lang='lat' dir='ltr'>Vitellium</span> <span class='ocrx_word' id='word_1_177' title='bbox 383 1642 576 1683; x_wconf 82' lang='lat' dir='ltr'>anteibat.</span> <span class='ocrx_word' id='word_1_178' title='bbox 610 1642 717 1684; x_wconf 87' lang='lat' dir='ltr'>Satis</span> <span class='ocrx_word' id='word_1_179' title='bbox 735 1642 869 1684; x_wconf 86' lang='lat' dir='ltr'>clarus</span> <span class='ocrx_word' id='word_1_180' title='bbox 890 1645 954 1683; x_wconf 87' lang='lat' dir='ltr'>est</span> <span class='ocrx_word' id='word_1_181' title='bbox 969 1641 1075 1696; x_wconf 86' lang='lat' dir='ltr'>apud</span> <span class='ocrx_word' id='word_1_182' title='bbox 1098 1641 1307 1684; x_wconf 88' lang='lat' dir='ltr'>timentem</span> <span class='ocrx_word' id='word_1_183' title='bbox 1327 1642 1512 1695; x_wconf 89' lang='lat' dir='ltr'>quisquis</span> <span class='ocrx_word' id='word_1_184' title='bbox 1529 1640 1655 1683; x_wconf 87' lang='lat' dir='ltr'>time-</span> 
     </span>
    </p>

    <p class='ocr_par' dir='ltr' id='par_1_9' title="bbox 107 1714 1655 1844">
     <span class='ocr_line' id='line_1_22' title="bbox 107 1714 1654 1770; baseline 0.001 -13"><span class='ocrx_word' id='word_1_185' title='bbox 107 1728 146 1757; x_wconf 78' lang='lat'>20</span> <span class='ocrx_word' id='word_1_186' title='bbox 158 1720 234 1757; x_wconf 87' lang='lat' dir='ltr'>tur.</span> <span class='ocrx_word' id='word_1_187' title='bbox 295 1716 345 1757; x_wconf 86' lang='lat' dir='ltr'>Et</span> <span class='ocrx_word' id='word_1_188' title='bbox 386 1728 512 1770; x_wconf 84' lang='lat' dir='ltr'>posse</span> <span class='ocrx_word' id='word_1_189' title='bbox 553 1716 603 1758; x_wconf 83' lang='lat' dir='ltr'>ab</span> <span class='ocrx_word' id='word_1_190' title='bbox 636 1717 823 1758; x_wconf 79' lang='lat' dir='ltr'>exercitu</span> <span class='ocrx_word' id='word_1_191' title='bbox 852 1716 1081 1770; x_wconf 85' lang='lat' dir='ltr'>principem</span> <span class='ocrx_word' id='word_1_192' title='bbox 1112 1716 1202 1758; x_wconf 80' lang='lat' dir='ltr'>fieri</span> <span class='ocrx_word' id='word_1_193' title='bbox 1233 1716 1314 1757; x_wconf 90' lang='lat' dir='ltr'>sibi</span> <span class='ocrx_word' id='word_1_194' title='bbox 1346 1715 1433 1769; x_wconf 89' lang='lat' dir='ltr'>ipse</span> <span class='ocrx_word' id='word_1_195' title='bbox 1464 1714 1654 1758; x_wconf 85' lang='lat' dir='ltr'>Vitellius</span> 
     </span>
     <span class='ocr_line' id='line_1_23' title="bbox 160 1780 1655 1844; baseline 0.001 -13"><span class='ocrx_word' id='word_1_196' title='bbox 160 1790 423 1842; x_wconf 83' lang='lat' dir='ltr'>documento,</span> <span class='ocrx_word' id='word_1_197' title='bbox 460 1790 581 1831; x_wconf 90' lang='lat' dir='ltr'>nullis</span> <span class='ocrx_word' id='word_1_198' title='bbox 612 1790 845 1844; x_wconf 82' lang='lat' dir='ltr'>stipendiis,</span> <span class='ocrx_word' id='word_1_199' title='bbox 874 1790 984 1833; x_wconf 91' lang='lat' dir='ltr'>nulla</span> <span class='ocrx_word' id='word_1_200' title='bbox 1012 1780 1178 1833; x_wconf 86' lang='lat' dir='ltr'>militari</span> <span class='ocrx_word' id='word_1_201' title='bbox 1210 1791 1332 1843; x_wconf 78' lang='lat' dir='ltr'>sama,</span> <span class='ocrx_word' id='word_1_202' title='bbox 1369 1790 1526 1832; x_wconf 78' lang='lat' dir='ltr'>Galbae</span> <span class='ocrx_word' id='word_1_203' title='bbox 1556 1789 1655 1833; x_wconf 89' lang='lat' dir='ltr'>odio</span> 
     </span>
    </p>
   </div>
   <div class='ocr_carea' id='block_1_4' title="bbox 161 1915 1658 2200">
    <p class='ocr_par' dir='ltr' id='par_1_10' title="bbox 161 1915 1658 2200">
     <span class='ocr_line' id='line_1_24' title="bbox 308 1915 1655 1958; baseline 0.001 -10"><span class='ocrx_word' id='word_1_204' title='bbox 308 1917 337 1948; x_wconf 92' lang='lat'>1.</span> <span class='ocrx_word' id='word_1_205' title='bbox 380 1915 584 1950; x_wconf 74' lang='lat' dir='ltr'>inchoaturi</span> <span class='ocrx_word' id='word_1_206' title='bbox 620 1921 700 1949; x_wconf 84' lang='lat' dir='ltr'>sunt</span> <span class='ocrx_word' id='word_1_207' title='bbox 736 1916 872 1949; x_wconf 86' lang='lat' dir='ltr'>editor:</span> <span class='ocrx_word' id='word_1_208' title='bbox 910 1915 964 1950; x_wconf 81' lang='lat' dir='ltr'>Ma</span> <span class='ocrx_word' id='word_1_209' title='bbox 997 1916 1219 1958; x_wconf 69' lang='lat' dir='ltr'>inchoaturi,</span> <span class='ocrx_word' id='word_1_210' title='bbox 1255 1915 1284 1950; x_wconf 92' lang='lat' dir='ltr'>G</span> <span class='ocrx_word' id='word_1_211' title='bbox 1321 1920 1357 1949; x_wconf 86' lang='lat' dir='ltr'>et</span> <span class='ocrx_word' id='word_1_212' title='bbox 1390 1915 1452 1949; x_wconf 86' lang='lat' dir='ltr'>alii</span> <span class='ocrx_word' id='word_1_213' title='bbox 1479 1916 1655 1950; x_wconf 70' lang='lat' dir='ltr'>invocatur.</span> 
     </span>
     <span class='ocr_line' id='line_1_25' title="bbox 163 1963 1656 2007; baseline 0.001 -11"><span class='ocrx_word' id='word_1_214' title='bbox 163 1963 198 1996; x_wconf 80' lang='lat'>2.</span> <span class='ocrx_word' id='word_1_215' title='bbox 227 1963 350 2007; x_wconf 63' lang='lat' dir='ltr'>effecta</span> <span class='ocrx_word' id='word_1_216' title='bbox 376 1963 440 1996; x_wconf 69' lang='lat' dir='ltr'>Ma.</span> <span class='ocrx_word' id='word_1_217' title='bbox 539 1968 599 1997; x_wconf 77' lang='lat' dir='ltr'>aut</span> <span class='ocrx_word' id='word_1_218' title='bbox 623 1975 695 1996; x_wconf 80' lang='lat' dir='ltr'>non</span> <span class='ocrx_word' id='word_1_219' title='bbox 722 1970 813 1997; x_wconf 81' lang='lat' dir='ltr'>certe</span> <span class='ocrx_word' id='word_1_220' title='bbox 840 1975 912 1996; x_wconf 81' lang='lat' dir='ltr'>non</span> <span class='ocrx_word' id='word_1_221' title='bbox 939 1963 1016 1998; x_wconf 68' lang='lat' dir='ltr'>Ma:</span> <span class='ocrx_word' id='word_1_222' title='bbox 1054 1964 1278 1998; x_wconf 87' lang='lat' dir='ltr'>emendatum</span> <span class='ocrx_word' id='word_1_223' title='bbox 1313 1965 1349 1997; x_wconf 89' lang='lat' dir='ltr'>in</span> <span class='ocrx_word' id='word_1_224' title='bbox 1385 1963 1414 1998; x_wconf 87' lang='lat' dir='ltr'>G</span> <span class='ocrx_word' id='word_1_225' title='bbox 1447 1969 1482 1998; x_wconf 84' lang='lat' dir='ltr'>et</span> <span class='ocrx_word' id='word_1_226' title='bbox 1512 1965 1656 1999; x_wconf 84' lang='lat' dir='ltr'>ceteris.</span> 
     </span>
     <span class='ocr_line' id='line_1_26' title="bbox 164 2010 1658 2056; baseline 0.001 -12"><span class='ocrx_word' id='word_1_227' title='bbox 164 2012 198 2044; x_wconf 79' lang='lat'>4.</span> <span class='ocrx_word' id='word_1_228' title='bbox 228 2012 357 2056; x_wconf 82' lang='lat' dir='ltr'>caeptis</span> <span class='ocrx_word' id='word_1_229' title='bbox 383 2010 448 2044; x_wconf 71' lang='lat' dir='ltr'>Ma.</span> <span class='ocrx_word' id='word_1_230' title='bbox 548 2011 581 2045; x_wconf 87' lang='lat'>5.</span> <span class='ocrx_word' id='word_1_231' title='bbox 609 2012 687 2055; x_wconf 81' lang='lat' dir='ltr'>adq.</span> <span class='ocrx_word' id='word_1_232' title='bbox 715 2011 788 2045; x_wconf 62' lang='lat' dir='ltr'>Ma:</span> <span class='ocrx_word' id='word_1_233' title='bbox 816 2023 893 2056; x_wconf 80' lang='lat' dir='ltr'>aeq.</span> <span class='ocrx_word' id='word_1_234' title='bbox 922 2011 960 2045; x_wconf 90' lang='lat' dir='ltr'>G.</span> <span class='ocrx_word' id='word_1_235' title='bbox 1047 2012 1080 2046; x_wconf 86' lang='lat'>6.</span> <span class='ocrx_word' id='word_1_236' title='bbox 1111 2018 1181 2046; x_wconf 79' lang='lat' dir='ltr'>lam</span> <span class='ocrx_word' id='word_1_237' title='bbox 1207 2014 1243 2046; x_wconf 90' lang='lat' dir='ltr'>in</span> <span class='ocrx_word' id='word_1_238' title='bbox 1270 2023 1389 2046; x_wconf 34' lang='lat' dir='ltr'>lwasula</span> <span class='ocrx_word' id='word_1_239' title='bbox 1418 2011 1466 2046; x_wconf 88' lang='lat' dir='ltr'>G:</span> <span class='ocrx_word' id='word_1_240' title='bbox 1494 2011 1548 2047; x_wconf 71' lang='lat' dir='ltr'>Ma</span> <span class='ocrx_word' id='word_1_241' title='bbox 1573 2019 1658 2046; x_wconf 80' lang='lat' dir='ltr'>lan-</span> 
     </span>
     <span class='ocr_line' id='line_1_27' title="bbox 166 2058 1427 2137; baseline 0.003 -46"><span class='ocrx_word' id='word_1_242' title='bbox 166 2068 277 2102; x_wconf 82' lang='lat' dir='ltr'>quam.</span> <span class='ocrx_word' id='word_1_243' title='bbox 379 2059 434 2093; x_wconf 87' lang='lat'>10.</span> <span class='ocrx_word' id='word_1_244' title='bbox 463 2058 586 2102; x_wconf 76' lang='lat' dir='ltr'>tyberii</span> <span class='ocrx_word' id='word_1_245' title='bbox 611 2059 675 2093; x_wconf 69' lang='lat' dir='ltr'>Ma.</span> <span class='ocrx_word' id='word_1_246' title='bbox 779 2061 832 2095; x_wconf 83' lang='lat'>12.</span> <span class='ocrx_word' id='word_1_247' title='bbox 862 2072 933 2094; x_wconf 65' lang='grc' dir='ltr'>ωε.</span> <span class='ocrx_word' id='word_1_248' title='bbox 961 2059 1019 2094; x_wconf 82' lang='lat' dir='ltr'>Or.</span> <span class='ocrx_word' id='word_1_249' title='bbox 1107 2062 1178 2137; x_wconf 69' lang='grc' dir='ltr'>13.Γ</span> <span class='ocrx_word' id='word_1_250' title='bbox 1191 2067 1330 2106; x_wconf 81' lang='lat' dir='ltr'>torpore</span> <span class='ocrx_word' id='word_1_251' title='bbox 1355 2059 1427 2095; x_wconf 68' lang='lat' dir='ltr'>Ma:</span> 
     </span>
     <span class='ocr_line' id='line_1_28' title="bbox 161 2106 1321 2155; baseline 0.003 -16"><span class='ocrx_word' id='word_1_252' title='bbox 161 2106 435 2151; x_wconf 77' lang='lat' dir='ltr'>perdendanque</span> <span class='ocrx_word' id='word_1_253' title='bbox 460 2107 523 2141; x_wconf 67' lang='lat' dir='ltr'>Ma.</span> <span class='ocrx_word' id='word_1_254' title='bbox 591 2107 662 2142; x_wconf 85' lang='lat' dir='ltr'>RP.</span> <span class='ocrx_word' id='word_1_255' title='bbox 692 2107 754 2142; x_wconf 72' lang='lat' dir='ltr'>Ma.</span> <span class='ocrx_word' id='word_1_256' title='bbox 819 2107 873 2142; x_wconf 80' lang='lat'>14.</span> <span class='ocrx_word' id='word_1_257' title='bbox 901 2120 1025 2154; x_wconf 81' lang='lat' dir='ltr'>sopore</span> <span class='ocrx_word' id='word_1_258' title='bbox 1051 2108 1125 2144; x_wconf 61' lang='lat' dir='ltr'>Ma:</span> <span class='ocrx_word' id='word_1_259' title='bbox 1154 2109 1181 2144; x_wconf 82' lang='lat' dir='ltr'><strong>G</strong></span> <span class='ocrx_word' id='word_1_260' title='bbox 1206 2121 1321 2155; x_wconf 80' lang='lat' dir='ltr'>sopor.</span> 
     </span>
     <span class='ocr_line' id='line_1_29' title="bbox 168 2153 916 2200; baseline 0.005 -13"><span class='ocrx_word' id='word_1_261' title='bbox 168 2153 242 2187; x_wconf 72' lang='lat' dir='ltr'>Ma:</span> <span class='ocrx_word' id='word_1_262' title='bbox 270 2154 297 2188; x_wconf 91' lang='lat' dir='ltr'><strong>G</strong></span> <span class='ocrx_word' id='word_1_263' title='bbox 322 2154 548 2200; x_wconf 81' lang='lat' dir='ltr'>splendidior.</span> <span class='ocrx_word' id='word_1_264' title='bbox 649 2157 707 2191; x_wconf 85' lang='lat'>21.</span> <span class='ocrx_word' id='word_1_265' title='bbox 734 2156 825 2190; x_wconf 77' lang='lat' dir='ltr'>nulli</span> <span class='ocrx_word' id='word_1_266' title='bbox 851 2155 916 2191; x_wconf 73' lang='lat' dir='ltr'>Ma.</span> 
     </span>
    </p>
   </div>
   <div class='ocr_carea' id='block_1_5' title="bbox 1385 2060 1725 2156">
    <p class='ocr_par' dir='ltr' id='par_1_11' title="bbox 1385 2060 1725 2156">
     <span class='ocr_line' id='line_1_30' title="bbox 1456 2060 1656 2108; baseline 0.005 -13"><span class='ocrx_word' id='word_1_267' title='bbox 1456 2060 1482 2095; x_wconf 89' lang='lat' dir='ltr'>G</span> <span class='ocrx_word' id='word_1_268' title='bbox 1507 2067 1656 2108; x_wconf 75' lang='lat' dir='ltr'>torpere.</span> 
     </span>
     <span class='ocr_line' id='line_1_31' title="bbox 1385 2109 1725 2156; baseline 0.012 -14"><span class='ocrx_word' id='word_1_269' title='bbox 1385 2109 1439 2144; x_wconf 84' lang='lat'>17.</span> <span class='ocrx_word' id='word_1_270' title='bbox 1465 2109 1659 2156; x_wconf 75' lang='lat' dir='ltr'>splendiorj</span> <span class='ocrx_word' id='word_1_271' title='bbox 1718 2137 1725 2146; x_wconf 83' lang='grc'><em>,</em></span> 
     </span>
    </p>
   </div>
   <div class='ocr_carea' id='block_1_6' title="bbox 167 2271 879 2798">
    <p class='ocr_par' dir='ltr' id='par_1_12' title="bbox 167 2271 879 2790">
     <span class='ocr_line' id='line_1_32' title="bbox 167 2271 878 2315; baseline 0.007 -11"><span class='ocrx_word' id='word_1_272' title='bbox 167 2271 210 2304; x_wconf 83' lang='lat' dir='ltr'>ad</span> <span class='ocrx_word' id='word_1_273' title='bbox 240 2272 497 2315; x_wconf 85' lang='lat' dir='ltr'>Vespasianum</span> <span class='ocrx_word' id='word_1_274' title='bbox 525 2283 641 2307; x_wconf 81' lang='lat' dir='ltr'>eoram</span> <span class='ocrx_word' id='word_1_275' title='bbox 667 2275 791 2308; x_wconf 84' lang='lat' dir='ltr'>amicis</span> <span class='ocrx_word' id='word_1_276' title='bbox 821 2273 878 2308; x_wconf 89' lang='lat' dir='ltr'>le-</span> 
     </span>
     <span class='ocr_line' id='line_1_33' title="bbox 169 2320 740 2364; baseline 0.007 -13"><span class='ocrx_word' id='word_1_277' title='bbox 169 2320 344 2364; x_wconf 82' lang='lat' dir='ltr'>gatisque.</span> <span class='ocrx_word' id='word_1_278' title='bbox 388 2320 441 2354; x_wconf 84' lang='lat' dir='ltr'>Cf.</span> <span class='ocrx_word' id='word_1_279' title='bbox 469 2320 518 2354; x_wconf 88' lang='lat' dir='ltr'>IV</span> <span class='ocrx_word' id='word_1_280' title='bbox 545 2323 602 2364; x_wconf 77' lang='lat'>54,</span> <span class='ocrx_word' id='word_1_281' title='bbox 633 2322 677 2356; x_wconf 79' lang='lat' dir='ltr'>vl</span> <span class='ocrx_word' id='word_1_282' title='bbox 705 2322 740 2357; x_wconf 89' lang='lat'>8.</span> 
     </span>
     <span class='ocr_line' id='line_1_34' title="bbox 237 2370 876 2412; baseline 0.008 -12"><span class='ocrx_word' id='word_1_283' title='bbox 237 2379 353 2401; x_wconf 80' lang='lat' dir='ltr'>omnes</span> <span class='ocrx_word' id='word_1_284' title='bbox 379 2370 437 2412; x_wconf 79' lang='lat' dir='ltr'>qui</span> <span class='ocrx_word' id='word_1_285' title='bbox 467 2391 512 2396; x_wconf 80' lang='lat'>--</span> <span class='ocrx_word' id='word_1_286' title='bbox 543 2382 614 2402; x_wconf 80' lang='lat' dir='ltr'>non</span> <span class='ocrx_word' id='word_1_287' title='bbox 639 2371 787 2404; x_wconf 83' lang='lat' dir='ltr'>arduum</span> <span class='ocrx_word' id='word_1_288' title='bbox 810 2371 876 2405; x_wconf 78' lang='lat' dir='ltr'>sit:</span> 
     </span>
     <span class='ocr_line' id='line_1_35' title="bbox 167 2415 877 2459; baseline 0.01 -13"><span class='ocrx_word' id='word_1_289' title='bbox 167 2415 379 2459; x_wconf 88' lang='lat' dir='ltr'>principium</span> <span class='ocrx_word' id='word_1_290' title='bbox 399 2418 570 2451; x_wconf 79' lang='lat' dir='ltr'>orationis</span> <span class='ocrx_word' id='word_1_291' title='bbox 595 2419 712 2452; x_wconf 90' lang='lat' dir='ltr'>simile</span> <span class='ocrx_word' id='word_1_292' title='bbox 732 2424 786 2453; x_wconf 87' lang='lat' dir='ltr'>est</span> <span class='ocrx_word' id='word_1_293' title='bbox 796 2419 877 2453; x_wconf 83' lang='lat' dir='ltr'>Sal-</span> 
     </span>
     <span class='ocr_line' id='line_1_36' title="bbox 168 2461 877 2502; baseline 0.01 -7"><span class='ocrx_word' id='word_1_294' title='bbox 168 2461 345 2502; x_wconf 82' lang='lat' dir='ltr'>lustianae</span> <span class='ocrx_word' id='word_1_295' title='bbox 378 2465 414 2496; x_wconf 90' lang='lat' dir='ltr'>in</span> <span class='ocrx_word' id='word_1_296' title='bbox 449 2464 552 2499; x_wconf 84' lang='lat' dir='ltr'>Catil.</span> <span class='ocrx_word' id='word_1_297' title='bbox 587 2477 616 2499; x_wconf 89' lang='lat' dir='ltr'>c.</span> <span class='ocrx_word' id='word_1_298' title='bbox 645 2468 717 2501; x_wconf 85' lang='lat'>51:</span> <span class='ocrx_word' id='word_1_299' title='bbox 762 2479 877 2502; x_wconf 85' lang='lat' dir='ltr'>omnes</span> 
     </span>
     <span class='ocr_line' id='line_1_37' title="bbox 169 2510 877 2560; baseline 0.008 -17"><span class='ocrx_word' id='word_1_300' title='bbox 169 2510 337 2554; x_wconf 80' lang='lat' dir='ltr'>homines,</span> <span class='ocrx_word' id='word_1_301' title='bbox 362 2519 481 2556; x_wconf 79' lang='lat' dir='ltr'>patres</span> <span class='ocrx_word' id='word_1_302' title='bbox 506 2515 714 2560; x_wconf 68' lang='lat' dir='ltr'>conscripti,</span> <span class='ocrx_word' id='word_1_303' title='bbox 754 2516 811 2560; x_wconf 76' lang='lat' dir='ltr'>qui</span> <span class='ocrx_word' id='word_1_304' title='bbox 837 2517 877 2549; x_wconf 75' lang='lat' dir='ltr'>cle</span> 
     </span>
     <span class='ocr_line' id='line_1_38' title="bbox 169 2559 876 2604; baseline 0.01 -13"><span class='ocrx_word' id='word_1_305' title='bbox 169 2559 270 2592; x_wconf 84' lang='lat' dir='ltr'>rebus</span> <span class='ocrx_word' id='word_1_306' title='bbox 296 2559 408 2593; x_wconf 81' lang='lat' dir='ltr'>dubiis</span> <span class='ocrx_word' id='word_1_307' title='bbox 433 2562 641 2604; x_wconf 80' lang='lat' dir='ltr'>consultant,</span> <span class='ocrx_word' id='word_1_308' title='bbox 670 2568 737 2597; x_wconf 83' lang='lat' dir='ltr'>cet.</span> <span class='ocrx_word' id='word_1_309' title='bbox 775 2563 876 2598; x_wconf 86' lang='lat' dir='ltr'>Conf.</span> 
     </span>
     <span class='ocr_line' id='line_1_39' title="bbox 170 2589 877 2652; baseline 0.008 -13"><span class='ocrx_word' id='word_1_310' title='bbox 170 2606 327 2641; x_wconf 85' lang='lat' dir='ltr'>ciusdem</span> <span class='ocrx_word' id='word_1_311' title='bbox 384 2609 535 2652; x_wconf 81' lang='lat' dir='ltr'>epistola</span> <span class='ocrx_word' id='word_1_312' title='bbox 587 2589 798 2644; x_wconf 77' lang='lat' dir='ltr'>Mi’tlnidatis</span> <span class='ocrx_word' id='word_1_313' title='bbox 843 2614 877 2646; x_wconf 88' lang='lat' dir='ltr'>in</span> 
     </span>
     <span class='ocr_line' id='line_1_40' title="bbox 167 2654 878 2703; baseline 0.01 -16"><span class='ocrx_word' id='word_1_314' title='bbox 167 2654 293 2700; x_wconf 78' lang='lat' dir='ltr'>fiagm.</span> <span class='ocrx_word' id='word_1_315' title='bbox 325 2656 476 2691; x_wconf 64' lang='lat' dir='ltr'>lliston:</span> <span class='ocrx_word' id='word_1_316' title='bbox 509 2669 625 2700; x_wconf 70' lang='lat' dir='ltr'>omncs</span> <span class='ocrx_word' id='word_1_317' title='bbox 661 2660 718 2703; x_wconf 76' lang='lat' dir='ltr'>qui</span> <span class='ocrx_word' id='word_1_318' title='bbox 752 2672 878 2694; x_wconf 79' lang='lat' dir='ltr'>sccun-</span> 
     </span>
     <span class='ocr_line' id='line_1_41' title="bbox 169 2702 879 2742; baseline 0.011 -8"><span class='ocrx_word' id='word_1_319' title='bbox 169 2702 220 2735; x_wconf 79' lang='lat' dir='ltr'>dis</span> <span class='ocrx_word' id='word_1_320' title='bbox 246 2704 346 2737; x_wconf 71' lang='lat' dir='ltr'>rebus</span> <span class='ocrx_word' id='word_1_321' title='bbox 374 2706 445 2738; x_wconf 78' lang='lat' dir='ltr'>suis</span> <span class='ocrx_word' id='word_1_322' title='bbox 482 2706 528 2739; x_wconf 81' lang='lat' dir='ltr'>ad</span> <span class='ocrx_word' id='word_1_323' title='bbox 561 2706 642 2740; x_wconf 72' lang='lat' dir='ltr'>belli</span> <span class='ocrx_word' id='word_1_324' title='bbox 680 2708 879 2742; x_wconf 73' lang='lat' dir='ltr'>societatem</span> 
     </span>
     <span class='ocr_line' id='line_1_42' title="bbox 170 2753 835 2798; baseline 0.011 -15"><span class='ocrx_word' id='word_1_325' title='bbox 170 2756 327 2794; x_wconf 80' lang='lat' dir='ltr'>orantur</span> <span class='ocrx_word' id='word_1_326' title='bbox 356 2753 581 2787; x_wconf 78' lang='lat' dir='ltr'>considerare</span> <span class='ocrx_word' id='word_1_327' title='bbox 606 2754 739 2798; x_wconf 77' lang='lat' dir='ltr'>debent,</span> <span class='ocrx_word' id='word_1_328' title='bbox 766 2763 835 2792; x_wconf 83' lang='lat' dir='ltr'>cet.</span> 
     </span>
    </p>
   </div>
   <div class='ocr_carea' id='block_1_7' title="bbox 169 2809 878 2958">
    <p class='ocr_par' dir='ltr' id='par_1_13' title="bbox 169 2809 878 2958">
     <span class='ocr_line' id='line_1_43' title="bbox 211 2809 878 2853; baseline 0.016 -12"><span class='ocrx_word' id='word_1_329' title='bbox 211 2809 216 2819; x_wconf 73' lang='grc'>“’</span> <span class='ocrx_word' id='word_1_330' title='bbox 240 2810 328 2853; x_wconf 79' lang='lat' dir='ltr'>quod</span> <span class='ocrx_word' id='word_1_331' title='bbox 353 2811 554 2847; x_wconf 71' lang='lat' dir='ltr'>inchoaturi</span> <span class='ocrx_word' id='word_1_332' title='bbox 579 2821 682 2849; x_wconf 83' lang='lat' dir='ltr'>sunt:</span> <span class='ocrx_word' id='word_1_333' title='bbox 714 2827 732 2849; x_wconf 85' lang='lat' dir='ltr'>a</span> <span class='ocrx_word' id='word_1_334' title='bbox 761 2817 878 2852; x_wconf 79' lang='lat' dir='ltr'>scriba</span> 
     </span>
     <span class='ocr_line' id='line_1_44' title="bbox 169 2852 876 2903; baseline 0.018 -15"><span class='ocrx_word' id='word_1_335' title='bbox 169 2852 249 2890; x_wconf 81' lang='lat' dir='ltr'>libri</span> <span class='ocrx_word' id='word_1_336' title='bbox 276 2857 439 2903; x_wconf 84' lang='lat' dir='ltr'>Medicei,</span> <span class='ocrx_word' id='word_1_337' title='bbox 464 2861 544 2895; x_wconf 88' lang='lat' dir='ltr'>dum</span> <span class='ocrx_word' id='word_1_338' title='bbox 568 2863 770 2899; x_wconf 71' lang='lat' dir='ltr'>inchoaturi</span> <span class='ocrx_word' id='word_1_339' title='bbox 783 2865 876 2901; x_wconf 82' lang='lat' dir='ltr'>benc</span> 
     </span>
     <span class='ocr_line' id='line_1_45' title="bbox 172 2904 877 2958; baseline 0.023 -23"><span class='ocrx_word' id='word_1_340' title='bbox 172 2912 215 2936; x_wconf 80' lang='lat' dir='ltr'>ex</span> <span class='ocrx_word' id='word_1_341' title='bbox 241 2904 436 2952; x_wconf 72' lang='lat' dir='ltr'>archetypo</span> <span class='ocrx_word' id='word_1_342' title='bbox 471 2912 773 2958; x_wconf 78' lang='lat' dir='ltr'>repraesentavit,</span> <span class='ocrx_word' id='word_1_343' title='bbox 808 2923 877 2950; x_wconf 88' lang='lat' dir='ltr'>ne-</span> 
     </span>
    </p>
   </div>
   <div class='ocr_carea' id='block_1_8' title="bbox 947 2286 1661 2625">
    <p class='ocr_par' dir='ltr' id='par_1_14' title="bbox 947 2286 1661 2625">
     <span class='ocr_line' id='line_1_46' title="bbox 949 2286 1658 2333; baseline 0.007 -14"><span class='ocrx_word' id='word_1_344' title='bbox 949 2286 1104 2331; x_wconf 87' lang='lat' dir='ltr'>glectum</span> <span class='ocrx_word' id='word_1_345' title='bbox 1136 2291 1190 2320; x_wconf 89' lang='lat' dir='ltr'>est</span> <span class='ocrx_word' id='word_1_346' title='bbox 1217 2288 1465 2331; x_wconf 87' lang='lat' dir='ltr'>compendium</span> <span class='ocrx_word' id='word_1_347' title='bbox 1494 2286 1536 2333; x_wconf 68' lang='lat'>³7,</span> <span class='ocrx_word' id='word_1_348' title='bbox 1562 2288 1597 2323; x_wconf 86' lang='lat' dir='ltr'>h.</span> <span class='ocrx_word' id='word_1_349' title='bbox 1626 2300 1658 2324; x_wconf 90' lang='lat' dir='ltr'>e.</span> 
     </span>
     <span class='ocr_line' id='line_1_47' title="bbox 947 2334 1661 2382; baseline 0.004 -14"><span class='ocrx_word' id='word_1_350' title='bbox 947 2341 1036 2369; x_wconf 82' lang='lat' dir='ltr'>sunt.</span> <span class='ocrx_word' id='word_1_351' title='bbox 1065 2334 1100 2368; x_wconf 76' lang='lat' dir='ltr'>id</span> <span class='ocrx_word' id='word_1_352' title='bbox 1117 2337 1307 2370; x_wconf 76' lang='lat' dir='ltr'>restituere</span> <span class='ocrx_word' id='word_1_353' title='bbox 1326 2336 1470 2371; x_wconf 86' lang='lat' dir='ltr'>facilius</span> <span class='ocrx_word' id='word_1_354' title='bbox 1489 2342 1524 2372; x_wconf 88' lang='lat' dir='ltr'>et</span> <span class='ocrx_word' id='word_1_355' title='bbox 1543 2339 1661 2382; x_wconf 80' lang='lat' dir='ltr'>aptius</span> 
     </span>
     <span class='ocr_line' id='line_1_48' title="bbox 947 2384 1661 2431; baseline 0.006 -15"><span class='ocrx_word' id='word_1_356' title='bbox 947 2384 1060 2416; x_wconf 87' lang='lat' dir='ltr'>visum</span> <span class='ocrx_word' id='word_1_357' title='bbox 1090 2394 1192 2428; x_wconf 87' lang='lat' dir='ltr'>quam</span> <span class='ocrx_word' id='word_1_358' title='bbox 1232 2395 1310 2418; x_wconf 89' lang='lat' dir='ltr'>cum</span> <span class='ocrx_word' id='word_1_359' title='bbox 1347 2385 1458 2431; x_wconf 83' lang='lat' dir='ltr'>vulgo</span> <span class='ocrx_word' id='word_1_360' title='bbox 1489 2385 1661 2421; x_wconf 82' lang='lat' dir='ltr'>librorum</span> 
     </span>
     <span class='ocr_line' id='line_1_49' title="bbox 947 2433 1661 2475; baseline 0.007 -11"><span class='ocrx_word' id='word_1_361' title='bbox 947 2437 1111 2475; x_wconf 86' lang='lat' dir='ltr'>repetere</span> <span class='ocrx_word' id='word_1_362' title='bbox 1130 2433 1329 2468; x_wconf 68' lang='lat' dir='ltr'>inchoatur.</span> <span class='ocrx_word' id='word_1_363' title='bbox 1361 2434 1571 2469; x_wconf 70' lang='lat' dir='ltr'>Inclcoaluri</span> <span class='ocrx_word' id='word_1_364' title='bbox 1594 2445 1661 2469; x_wconf 82' lang='lat' dir='ltr'>au-</span> 
     </span>
     <span class='ocr_line' id='line_1_50' title="bbox 948 2482 1661 2524; baseline 0.007 -11"><span class='ocrx_word' id='word_1_365' title='bbox 948 2485 1017 2514; x_wconf 85' lang='lat' dir='ltr'>tem</span> <span class='ocrx_word' id='word_1_366' title='bbox 1045 2482 1122 2515; x_wconf 87' lang='lat' dir='ltr'>sine</span> <span class='ocrx_word' id='word_1_367' title='bbox 1151 2487 1250 2524; x_wconf 84' lang='lat' dir='ltr'>sunt,</span> <span class='ocrx_word' id='word_1_368' title='bbox 1284 2486 1322 2514; x_wconf 88' lang='lat' dir='ltr'>ut</span> <span class='ocrx_word' id='word_1_369' title='bbox 1350 2482 1468 2516; x_wconf 89' lang='lat' dir='ltr'>voluit</span> <span class='ocrx_word' id='word_1_370' title='bbox 1493 2482 1661 2518; x_wconf 80' lang='lat' dir='ltr'>walthe-</span> 
     </span>
     <span class='ocr_line' id='line_1_51' title="bbox 948 2530 1661 2575; baseline 0.007 -14"><span class='ocrx_word' id='word_1_371' title='bbox 948 2539 1027 2571; x_wconf 84' lang='lat' dir='ltr'>rus,</span> <span class='ocrx_word' id='word_1_372' title='bbox 1056 2530 1092 2562; x_wconf 88' lang='lat' dir='ltr'>in</span> <span class='ocrx_word' id='word_1_373' title='bbox 1120 2531 1304 2564; x_wconf 77' lang='lat' dir='ltr'>enuntiato</span> <span class='ocrx_word' id='word_1_374' title='bbox 1331 2531 1510 2575; x_wconf 78' lang='lat' dir='ltr'>pendente</span> <span class='ocrx_word' id='word_1_375' title='bbox 1539 2536 1575 2566; x_wconf 83' lang='lat' dir='ltr'>et</span> <span class='ocrx_word' id='word_1_376' title='bbox 1598 2542 1661 2569; x_wconf 75' lang='lat' dir='ltr'>se-</span> 
     </span>
     <span class='ocr_line' id='line_1_52' title="bbox 950 2577 1443 2625; baseline 0.004 -15"><span class='ocrx_word' id='word_1_377' title='bbox 950 2577 1117 2611; x_wconf 85' lang='lat' dir='ltr'>cundario</span> <span class='ocrx_word' id='word_1_378' title='bbox 1145 2578 1280 2613; x_wconf 82' lang='lat' dir='ltr'>admitti</span> <span class='ocrx_word' id='word_1_379' title='bbox 1307 2580 1443 2625; x_wconf 82' lang='lat' dir='ltr'>nequit.</span> 
     </span>
    </p>
   </div>
   <div class='ocr_carea' id='block_1_9' title="bbox 946 2677 1697 2956">
    <p class='ocr_par' dir='ltr' id='par_1_15' title="bbox 946 2677 1697 2956">
     <span class='ocr_line' id='line_1_53' title="bbox 1020 2677 1697 2724; baseline 0.01 -18"><span class='ocrx_word' id='word_1_380' title='bbox 1020 2686 1083 2717; x_wconf 79' lang='lat' dir='ltr'>quo</span> <span class='ocrx_word' id='word_1_381' title='bbox 1116 2687 1234 2720; x_wconf 79' lang='lat' dir='ltr'>posses</span> <span class='ocrx_word' id='word_1_382' title='bbox 1281 2677 1392 2711; x_wconf 70' lang='lat' dir='ltr'>videri</span> <span class='ocrx_word' id='word_1_383' title='bbox 1432 2679 1661 2724; x_wconf 75' lang='lat' dir='ltr'>concupisse:</span> <span class='ocrx_word' id='word_1_384' title='bbox 1680 2682 1697 2722; x_wconf 53' lang='lat'>&#39;²2</span> 
     </span>
     <span class='ocr_line' id='line_1_54' title="bbox 949 2722 1696 2769; baseline 0.011 -16"><span class='ocrx_word' id='word_1_385' title='bbox 949 2722 1002 2753; x_wconf 83' lang='lat' dir='ltr'>vis</span> <span class='ocrx_word' id='word_1_386' title='bbox 1028 2726 1228 2758; x_wconf 81' lang='lat' dir='ltr'>sententiae</span> <span class='ocrx_word' id='word_1_387' title='bbox 1256 2726 1293 2759; x_wconf 86' lang='lat' dir='ltr'>iu</span> <span class='ocrx_word' id='word_1_388' title='bbox 1309 2726 1420 2759; x_wconf 84' lang='lat' dir='ltr'>verbo</span> <span class='ocrx_word' id='word_1_389' title='bbox 1446 2727 1581 2769; x_wconf 44' lang='lat' dir='ltr'>videro]</span> <span class='ocrx_word' id='word_1_390' title='bbox 1603 2726 1696 2768; x_wconf 59' lang='lat' dir='ltr'>‹li-0</span> 
     </span>
     <span class='ocr_line' id='line_1_55' title="bbox 950 2770 1695 2819; baseline 0.012 -18"><span class='ocrx_word' id='word_1_391' title='bbox 950 2770 998 2802; x_wconf 87' lang='lat' dir='ltr'>cit</span> <span class='ocrx_word' id='word_1_392' title='bbox 1038 2775 1074 2804; x_wconf 84' lang='lat' dir='ltr'>tu</span> <span class='ocrx_word' id='word_1_393' title='bbox 1106 2773 1172 2805; x_wconf 85' lang='lat' dir='ltr'>iam</span> <span class='ocrx_word' id='word_1_394' title='bbox 1205 2783 1276 2806; x_wconf 91' lang='lat' dir='ltr'>non</span> <span class='ocrx_word' id='word_1_395' title='bbox 1308 2773 1442 2808; x_wconf 84' lang='lat' dir='ltr'>videris</span> <span class='ocrx_word' id='word_1_396' title='bbox 1485 2776 1692 2819; x_wconf 84' lang='lat' dir='ltr'>concupi-</span> <span class='ocrx_word' id='word_1_397' title='bbox 1683 2770 1695 2818; x_wconf 63' lang='grc' dir='ltr'>ῥ’</span> 
     </span>
     <span class='ocr_line' id='line_1_56' title="bbox 947 2819 1682 2864; baseline 0.011 -14"><span class='ocrx_word' id='word_1_398' title='bbox 947 2828 1062 2863; x_wconf 80' lang='lat' dir='ltr'>scere,</span> <span class='ocrx_word' id='word_1_399' title='bbox 1088 2819 1149 2854; x_wconf 85' lang='lat' dir='ltr'>sed</span> <span class='ocrx_word' id='word_1_400' title='bbox 1166 2819 1233 2855; x_wconf 89' lang='lat' dir='ltr'>hoc</span> <span class='ocrx_word' id='word_1_401' title='bbox 1256 2826 1291 2856; x_wconf 85' lang='lat' dir='ltr'>le</span> <span class='ocrx_word' id='word_1_402' title='bbox 1318 2822 1440 2856; x_wconf 78' lang='lat' dir='ltr'>facere</span> <span class='ocrx_word' id='word_1_403' title='bbox 1462 2828 1561 2857; x_wconf 89' lang='lat' dir='ltr'>certo</span> <span class='ocrx_word' id='word_1_404' title='bbox 1585 2823 1682 2864; x_wconf 61' lang='lat' dir='ltr'>sci-4¹</span> 
     </span>
     <span class='ocr_line' id='line_1_57' title="bbox 947 2869 1679 2911; baseline 0.008 -12"><span class='ocrx_word' id='word_1_405' title='bbox 947 2870 1015 2901; x_wconf 85' lang='lat' dir='ltr'>tur.</span> <span class='ocrx_word' id='word_1_406' title='bbox 1139 2869 1331 2905; x_wconf 72' lang='lat' dir='ltr'>trucidatus</span> <span class='ocrx_word' id='word_1_407' title='bbox 1368 2870 1547 2906; x_wconf 78' lang='lat' dir='ltr'>Corbulo.-</span> <span class='ocrx_word' id='word_1_408' title='bbox 1590 2869 1679 2911; x_wconf 27' lang='lat' dir='ltr'>Dior:2</span> 
     </span>
     <span class='ocr_line' id='line_1_58' title="bbox 946 2914 1662 2956; baseline 0.007 -7"><span class='ocrx_word' id='word_1_409' title='bbox 946 2914 1054 2951; x_wconf 86' lang='lat' dir='ltr'>LXlli</span> <span class='ocrx_word' id='word_1_410' title='bbox 1083 2915 1137 2953; x_wconf 87' lang='lat'>17.</span> <span class='ocrx_word' id='word_1_411' title='bbox 1169 2914 1215 2954; x_wconf 82' lang='lat' dir='ltr'>Ut</span> <span class='ocrx_word' id='word_1_412' title='bbox 1239 2916 1312 2954; x_wconf 88' lang='lat' dir='ltr'>dux</span> <span class='ocrx_word' id='word_1_413' title='bbox 1341 2917 1598 2956; x_wconf 79' lang='lat' dir='ltr'>celeberrimus</span> <span class='ocrx_word' id='word_1_414' title='bbox 1623 2924 1662 2956; x_wconf 80' lang='lat' dir='ltr'>et</span> 
     </span>
    </p>
   </div>
  </div>
 </body>
</html>
