1768 3216
37 1079 124 1123 32.

722 211 811 246 Cn.
837 212 995 248 30-32.

1547 213 1593 247 ⁵1

104 327 257 373 ferunt.
324 327 492 383 Ignavis
543 331 586 369 et
628 328 861 370 imbellibus
900 332 1040 371 manet
1081 327 1274 382 squalor.·
1329 328 1596 370 Fortissimus

106 402 285 458 quisque
324 402 509 444 ferreum
550 402 722 456 insuper
771 402 937 444 anulum
978 403 1324 457 (ignominiosum
1371 402 1413 444 id
1460 403 1597 459 genti)

105 475 220 519 velut
241 468 449 519 vinculum
466 480 617 531 gestat,
648 476 784 518 donec
806 489 853 518 se
873 476 1006 518 caede
1020 476 1151 518 hostis
1169 476 1371 518 absolvat.
1409 475 1599 518 Plurimis

106 550 349 594 Chattorum
376 550 445 592 hic
473 550 611 604 placet
635 550 828 602 habitus3
860 551 1023 604 iamque
1055 555 1206 592 canent
1233 551 1421 606 insignes
1451 555 1493 592 et
1518 550 1602 592 ho-

106 625 238 668 stibus
285 625 407 667 simul
449 625 619 679 suisque
659 626 888 667 monstrati.

107 711 364 755 pugnarnm3
395 699 500 742 haec
529 700 663 754 prima
688 712 854 754 semper
883 700 1011 753 acies,
1043 701 1138 741 risu
1165 712 1289 741 nova.

106 785 214 828 pace
253 773 419 828 quidem
460 773 574 815 vultu
613 774 779 816 mitiore
821 778 1128 816 mansuescunt.

969 625 1158 667 Omnium
1197 637 1326 679 penes
1365 625 1444 669 hos
1484 625 1600 667 initia

1347 700 1451 746 Nam
1478 711 1532 741 ne
1559 699 1602 740 in

1193 773 1303 815 Nulli
1348 773 1495 816 domus
1537 777 1607 815 aut

108 859 213 904 ager
247 852 317 890 aut
345 848 482 902 aliqua
521 860 643 890 cura:
695 852 817 902 prout
854 848 906 889 ad
953 860 1157 902 quemque
1195 861 1387 901 venere,
1427 848 1603 902 aluntur,

105 921 274 977 pnodigi
301 921 457 974 alieni,
502 926 811 976 contemptores
841 922 935 974 sui,
978 922 1115 963 donec
1157 923 1361 976 exanguis
1406 927 1602 964 senectus

106 1000 190 1039 tam
219 996 350 1039 durae
379 996 521 1038 virtuti
552 996 733 1050 impares
766 996 905 1037 faciat.

247 1240 283 1275 3.
320 1240 403 1274 cede
428 1239 465 1273 P.
493 1239 587 1274 idem
614 1231 697 1274 ostis
723 1249 900 1283 superscr.
925 1239 959 1281 Ιι,
990 1238 1140 1283 perinde
1168 1239 1299 1271 statim.

110 1299 289 1334 superscr.
316 1294 354 1322 at
380 1293 415 1322 et
446 1288 515 1322 litt.
544 1289 611 1322 erit
639 1289 782 1332 punctis
816 1287 959 1323 subnot.
995 1286 1041 1320 P:

109 1337 302 1385 ascriptum
328 1341 454 1383 postea
479 1336 523 1370 ab
552 1337 675 1371 eadem
703 1347 809 1370 manu
833 1337 870 1369 in
896 1335 933 1369 P.

109 1396 200 1420 rura
228 1395 407 1431 superscr.
434 1396 455 1419 c
479 1383 517 1419 P.

111 1551 237 1587 norem
262 1541 438 1576 meruisse
476 1544 511 1575 et
538 1540 597 1574 vel
624 1550 695 1574 uno
722 1540 826 1574 hoste

113 1599 220 1625 caeso
246 1590 282 1623 in
308 1593 521 1634 perpetuum
547 1590 643 1622 tonsi
673 1588 825 1623 incede-

112 1638 225 1681 baut3
268 1638 455 1672 fortissimi
493 1642 616 1672 contra
658 1642 826 1682 tanquam

112 1697 235 1732 parum
274 1686 503 1732 peregissent
543 1691 626 1730 post
676 1686 826 1730 primum

114 1735 256 1772 facinus
281 1735 400 1769 denno
426 1734 683 1768 submittebant
709 1735 827 1768 crines

113 1787 385 1818 succrescentes
420 1793 532 1828 seque
567 1783 709 1828 ignavis
736 1781 823 1824 illis,

115 1832 176 1877 qui
217 1832 425 1867 necessitate
474 1835 601 1875 utpote
640 1829 827 1864 nullodum

115 1879 220 1915 hoste
246 1890 354 1915 caeso
380 1878 582 1925 squalorem
611 1878 827 1922 retinebant,

114 1933 236 1974 sponte
263 1927 487 1974 aequabant,
513 1933 553 1962 ut
576 1927 620 1962 ad
645 1927 739 1962 nova
765 1938 827 1961 se-

115 1981 189 2011 met
228 1977 299 2022 ipsi
343 1976 506 2013 facinora
547 1976 830 2010 exstimularcnt.

114 2025 144 2059 li
170 2025 294 2070 itaque
318 2029 399 2068 post
423 2024 572 2059 alteram
588 2024 735 2059 caedem
761 2023 827 2058 de·-

116 2083 189 2110 uno
217 2072 399 2118 ponebant
429 2073 597 2118 capillum
633 2082 827 2117 rursusque

117 2121 375 2157 submittebant
400 2121 446 2156 ad
470 2122 612 2156 tertiam
632 2131 747 2166 usque
768 2121 827 2154 vi-

118 2171 267 2206 ctoriam
293 2174 330 2203 et
358 2170 554 2214 deinceps’.
602 2169 673 2203 Sed
697 2168 827 2214 quibus

118 2218 183 2253 ille
209 2218 354 2252 habitus
380 2217 528 2262 placuit,
556 2218 593 2251 hi
620 2228 683 2251 cur
712 2218 829 2250 crines

120 2277 228 2301 caeso
254 2266 359 2300 hoste
385 2265 565 2299 tondendo
592 2270 769 2309 ponerent
795 2269 829 2298 et

119 2314 166 2349 de
189 2315 331 2359 integro
357 2318 629 2347 succrescentes
658 2318 830 2356 expecta-

121 2366 223 2405 rent,
261 2363 354 2396 iusta
396 2372 500 2395 causa
537 2361 655 2396 afferri
693 2360 830 2404 nequit.

120 2411 230 2445 lmmo
246 2410 291 2444 ab
305 2410 360 2444 his
381 2410 560 2444 horridum
578 2408 712 2442 cultum
732 2419 830 2442 sem-

122 2469 187 2504 per
210 2463 388 2493 retentum
407 2468 487 2492 esse
510 2457 703 2491 ostendunt
723 2456 832 2490 verba

120 2518 167 2546 ne
203 2508 243 2542 in
272 2518 362 2553 pace
395 2506 531 2551 quidem
562 2505 657 2539 cultu
694 2505 833 2539 mitiore

121 2561 381 2591 mansuescunt.

215 2627 352 2671 iamque
392 2631 520 2659 canent
558 2625 735 2669 insigues:
774 2623 833 2656 irt-

125 2674 241 2719 st‘qner
291 2678 346 2708 est
387 2685 463 2708 cum
510 2673 643 2717 insigni
676 2682 759 2712 suo,
801 2670 837 2703 id

126 2727 182 2755 est
207 2723 350 2767 insigne
382 2732 483 2755 suum
518 2725 684 2754 tenentes
722 2729 836 2763 usque

126 2768 170 2803 ad
198 2774 436 2804 senectutem.

211 2851 295 2874 nam
334 2851 379 2873 ne
421 2840 459 2873 in
494 2850 584 2884 pace
623 2837 758 2882 quidem
791 2857 836 2863 --

126 2894 393 2924 vnansueseunt:
409 2887 464 2921 his
479 2886 706 2931 explicantur
718 2886 836 2930 priora

126 2938 203 2972 visu
227 2948 333 2973 nova.
386 2935 478 2978 Quia
504 2936 540 2969 in
571 2945 660 2979 pace
681 2935 839 2969 retinent

241 1053 423 1118 Proximi
449 1070 604 1113 Chattis
636 1075 793 1112 certum
824 1070 905 1112 iam
936 1070 1057 1112 alveo
1087 1069 1299 1121 Rhenum,
1333 1069 1483 1123 quique
1512 1072 1602 1111 ter-

1415 1237 1603 1271 absolverit

1077 1287 1186 1320 ceteri
1217 1286 1385 1319 absolvat.
1506 1286 1542 1319 4.
1573 1291 1604 1318 et

1028 1335 1061 1369 7.
1088 1334 1183 1368 vultu
1208 1334 1246 1377 P,
1276 1334 1338 1368 alii
1365 1334 1469 1367 cultu.
1567 1333 1602 1367 8.

610 1385 645 1420 9.
673 1396 851 1430 exanques
876 1384 955 1420 PA:
984 1384 1095 1418 ceteri
1121 1382 1302 1429 exanguis.

894 1538 1072 1574 horridam
1099 1538 1252 1579 faciem,
1294 1537 1445 1571 simulac
1470 1535 1604 1571 bellum

895 1589 1047 1630 exarsit,
1081 1597 1151 1620 non
1187 1585 1315 1619 desunt
1354 1586 1415 1630 qui
1442 1585 1604 1620 hostibus

895 1638 967 1670 oris
993 1635 1117 1670 habitu
1144 1639 1276 1669 metum
1303 1634 1491 1668 incutiant.

981 1712 1042 1740 aut
1079 1706 1200 1750 aliqua
1240 1716 1329 1739 cura
1367 1705 1469 1750 (oder
1510 1710 1606 1739 sonst

895 1756 973 1789 eine
1010 1754 1169 1801 Arium.-
1208 1764 1328 1788 curam
1360 1753 1448 1788 dicit
1486 1753 1604 1788 victus

895 1803 1055 1849 parandi.

980 1872 1068 1917 Cap.
1106 1874 1166 1908 32.
1226 1878 1358 1906 certum
1396 1873 1470 1905 iam
1507 1872 1606 1905 alveo

896 1922 1077 1956 Rhenum:
1111 1925 1229 1955 certus
1267 1921 1373 1954 alveo
1397 1919 1527 1954 fluvius
1553 1924 1608 1954 est

896 1971 955 2015 qni
982 1974 1080 2004 certo
1106 1970 1212 2003 alveo
1240 1970 1456 2011 continetur,
1483 1969 1608 2002 nonin

896 2018 998 2052 lacus
1017 2029 1056 2052 se
1071 2017 1249 2060 diffundit,
1276 2027 1348 2051 non
1367 2018 1479 2061 ripam
1498 2027 1608 2062 egre-

896 2066 991 2100 ditur
1016 2067 1188 2100 montium
1218 2065 1362 2099 nivibus
1392 2065 1512 2098 subito
1539 2066 1609 2098 im-

896 2114 1026 2160 pietus.
1082 2114 1241 2149 Obscura
1284 2114 1501 2147 referentem
1539 2112 1609 2146 Ta-

897 2164 1005 2197 citum
1034 2162 1288 2196 Doederlinius
1315 2162 1402 2195 fecit
1430 2163 1609 2205 interpre-

897 2211 1028 2244 tando:
1058 2211 1133 2244 ‘ubi
1161 2210 1291 2243 flumen
1319 2220 1383 2253 pro
1414 2214 1513 2242 certo
1540 2210 1608 2241 iam

898 2260 1067 2293 Romanis
1091 2260 1309 2291 munimento
1351 2261 1425 2298 est,
1466 2260 1612 2300 propter

899 2307 994 2340 alvei
1036 2305 1276 2343 latitudinem,
1313 2304 1418 2337 ducta
1458 2315 1478 2337 a
1516 2308 1610 2336 certo

899 2355 1013 2388 antiit-o
1056 2352 1276 2397 metaphora.
1327 2350 1431 2396 Apud
1467 2350 1611 2395 Usipios

901 2403 995 2436 enim
1020 2401 1166 2435 Rhenus
1192 2400 1301 2434 nullis
1327 2399 1517 2444 praesidiis
1545 2408 1611 2431 cu-

899 2449 1099 2494 stodiisque
1141 2445 1309 2482 munitus'
1350 2449 1477 2492 (immo
1513 2447 1611 2480 eius-

901 2497 995 2532 modi
1035 2497 1213 2542 praesidia
1257 2498 1291 2531 in
1330 2497 1409 2540 ripa
1454 2495 1612 2529 Romana

902 2547 1073 2580 adversus
1100 2545 1244 2590 Usipios
1272 2549 1306 2579 et
1323 2544 1516 2578 Tencteros
1542 2544 1614 2576 mi-

903 2596 998 2628 nime
1015 2594 1181 2640 deerant)
1207 2594 1300 2638 ‘ipsa
1326 2592 1420 2626 alvei
1448 2592 1501 2625 sui
1528 2590 1614 2623 lati-

904 2643 1028 2677 tudine
1064 2644 1151 2676 satis
1177 2647 1252 2675 tuto
1283 2639 1498 2674 defendebat
1526 2639 1614 2671 lines

905 2690 1069 2736 imperii'.
1121 2690 1175 2724 De
1202 2689 1316 2723 Rheni
1345 2689 1530 2730 superiore
1557 2685 1615 2719 al-

905 2749 973 2774 veo
1000 2738 1090 2772 nihil
1118 2738 1289 2781 comperti
1309 2736 1449 2769 Tacitus
1474 2733 1616 2768 videtur

907 2787 1097 2821 habuisse:
1124 2786 1262 2829 priores
1290 2783 1453 2817 fabulosa
1479 2786 1540 2815 aut
1579 2782 1616 2814 in

906 2837 1019 2868 maius
1045 2839 1149 2867 aucta
1178 2835 1421 2873 narraverant,
1449 2835 1486 2863 ut
1509 2829 1617 2863 Pom-

906 2883 1036 2927 ponius
1075 2881 1166 2915 Mela
1192 2879 1239 2914 111
1264 2882 1287 2915 2
1313 2884 1429 2914 extra:
1473 2878 1619 2912 Rhenus

907 2931 950 2965 ab
974 2929 1120 2976 Alpibus
1147 2929 1310 2963 decidens
1333 2938 1442 2974 prope
1458 2937 1482 2961 a
1506 2926 1620 2973 capite

1615 1007 1654 1038 ¹0
