1768 3216
761 243 848 280 CAr.
874 245 1032 282 40-41.

1589 245 1664 282 14¹7

118 354 378 401 simonia
402 359 636 402 temeritate
666 364 735 403 aut
760 373 837 415 per
866 360 1076 415 ignaviam
1105 359 1256 403 ducum
1285 361 1430 405 amissi
1444 391 1460 415 ‚
1474 362 1551 404 ⁴tot
1579 361 1663 404 mi·-

165 430 311 475 litares
337 433 420 475 viri
449 446 542 477 cum
571 438 634 477 tot
666 435 909 478 cohortibus
930 436 1154 491 expugnati
1195 439 1238 477 et
1278 436 1387 490 capti
1400 449 1416 487 ;
1455 447 1546 479 nec·
1576 436 1663 480 iam

166 505 222 550 de
244 506 377 550 limite
403 509 567 563 imperii
598 514 641 552 et
667 511 783 564 ripa,
828 510 904 552 sed
945 511 998 552 de
1028 510 1216 553 hibernis
1244 511 1459 567 legionum
1489 515 1531 554 et
1554 513 1663 566 pos-

167 581 364 624 sessione
394 583 635 626 dubitatum.

709 586 768 627 Ita
809 597 902 627 cum
933 585 1083 627 damna
1113 585 1275 628 damnis
1305 585 1662 640 continuarentur,

165 657 292 708 oque
321 658 458 700 omnis
489 670 621 700 annus
647 659 861 701 funeribus
892 663 934 701 et
964 659 1152 702 cladibus
1181 660 1475 715 insigniretur,
1504 664 1700 715 posce-'⁸

165 727 287 771 batur
316 742 391 773 ore
417 732 533 786 vulgi
565 733 650 774 dux
665 733 881 788 Agricola,
913 734 1247 788 comparantibus
1272 735 1434 776 cunctis
1455 735 1663 790 vigorem,

171 805 449 847 constantiam
480 810 521 847 et
550 811 762 861 expertum
793 807 914 849 bellis
955 808 1135 850 animum
1172 820 1265 850 cum
1304 809 1454 850 inertia
1494 810 1550 850 et'
1572 808 1667 851 sor-‘⁴

164 875 323 922 midine
351 891 510 933 eorum,
537 897 563 925 ια
603 897 630 925 ss
670 897 696 925 ῆι
730 914 740 923 .

795 881 954 931 Quibus
985 883 1249 924 sermonibus
1273 882 1375 924 satis
1396 885 1560 925 constat
1573 883 1667 925 Do·-

166 952 523 1015 ruinani-quoque
554 968 677 998 aures
707 956 966 1008 verberatas,
999 956 1094 997 dum
1126 957 1303 1010 optimus
1333 957 1508 1011 quisque
1531 957 1667 998 liber->a

163 1029 300 1070 torum
334 1039 480 1070 amore
509 1033 551 1071 et
578 1029 687 1082 fide,
733 1030 905 1083 pessimi
945 1029 1202 1084 malignitate
1243 1033 1285 1071 et
1324 1029 1459 1071 livore
1487 1031 1720 1083 pronumto

164 1100 443 1145 deterior-ibus
468 1103 699 1157 principem
726 1103 1036 1146 extimulabant.

1096 1102 1168 1155 Sic
1196 1102 1398 1157 Agricola
1428 1102 1549 1144 simul
1577 1104 1666 1146 suis

163 1176 411 1231 virtutibus,
459 1178 582 1220 simul
619 1180 731 1221 vitiis
777 1180 953 1222 aliorum
994 1179 1036 1220 in
1079 1179 1210 1232 ipsam
1249 1178 1427 1234 gloriam
1463 1190 1666 1234 praeceps

166 1250 380 1306 agebatur.

277 1405 312 1440 3-
339 1403 504 1449 hybernis
530 1406 570 1440 Γ.

167 1453 406 1487 constantiam
429 1456 473 1489 Δ.

167 1510 240 1546 gna
270 1506 353 1536 sunt
377 1501 422 1535 ab
450 1501 601 1535 editore.

168 1639 357 1674 rinnai-un
385 1640 444 1673 cui
468 1638 549 1673 belli
584 1651 757 1673 summam·
782 1651 879 1673 com-

168 1688 325 1722 miserae.
378 1687 446 1722 Dio
474 1687 568 1732 apud
593 1688 728 1732 Xiphil.
756 1687 879 1722 van

165 1736 190 1771 6
213 1741 250 1769 et
264 1736 284 1771 7
302 1740 338 1770 et
354 1737 411 1772 10.
439 1735 587 1770 Orosius
605 1736 669 1770 Vll
690 1737 735 1771 10
753 1736 881 1782 (verba

166 1783 284 1818 Orosii
314 1785 351 1818 in
380 1783 567 1818 Prooemio
595 1796 625 1818 c.
645 1786 690 1819 22
708 1785 880 1818 transcri-

168 1837 228 1877 pta
253 1836 369 1878 sunt).
397 1831 599 1867 Scholiasta
623 1832 804 1866 Iuvenalis
832 1832 881 1865 lv

170 1882 250 1916 112.
306 1879 346 1914 lu
367 1881 538 1915 Moesiam
562 1881 651 1915 Daci
686 1891 881 1925 prorupere

168 1934 204 1963 et
221 1928 384 1963 *hiberna
411 1929 597 1974 legionum
622 1931 759 1974 agressi
786 1934 878 1962 sunt.

168 1977 395 2022 Quapropter
427 1977 538 2011 verba
572 1978 611 2010 iu
638 1977 774 2012 Moesia
802 1978 880 2011 Da-

167 2027 292 2071 cinq-ue
324 2026 370 2061 de
404 2036 477 2060 uno
516 2025 613 2060 bello
650 2025 782 2060 Dacico
816 2036 880 2060 ca-

166 2073 309 2120 pientia.

238 2146 278 2179 in
303 2166 350 2173 --
376 2146 571 2180 Germania
597 2150 629 2178 et
666 2144 877 2179 Pannonia:

167 2193 335 2240 intellige
359 2193 495 2228 bellum
522 2205 542 2227 a
566 2192 782 2227 Pannonicis
822 2193 879 2228 le-

168 2242 336 2288 gionibus
367 2242 539 2276 adversus
566 2242 808 2275 Marcomanos
844 2247 880 2275 ct

169 2290 313 2332 Quados
340 2295 502 2336 gestum:
533 2289 600 2322 Dio
625 2289 745 2323 vatt
772 2291 804 2324 7.

244 2366 292 2395 tot
318 2360 489 2394 militares
524 2361 613 2396 tiri.-
649 2359 879 2392 centuriones

169 2408 375 2455 tribunique
401 2413 436 2442 et
465 2408 637 2452 praefecti
678 2406 878 2440 cohortium

168 2457 371 2499 sodalium,
397 2467 521 2490 omnes
537 2457 606 2501 ‘qui
634 2455 687 2489 rei
714 2454 879 2488 militaris

169 2517 255 2550 prae
281 2506 411 2540 ceteris
440 2506 557 2550 periti.
596 2504 651 2538 Cf.
678 2503 743 2536 XV
775 2503 818 2538 10
844 2507 880 2536 et

170 2554 218 2591 26
244 2559 281 2588 et
305 2554 363 2590 67.
394 2553 436 2588 ll.
465 2553 495 2587 11
522 2554 580 2595 75,
606 2552 655 2586 ΙΙΙ
683 2552 740 2587 73.

244 2625 435 2671 expugnati
468 2630 499 2658 et
536 2625 651 2669 capti:
691 2632 878 2666 expugna-

169 2673 269 2707 tione
288 2678 484 2706 castrorum
512 2672 572 2705 vel
588 2670 816 2705 castellorum
836 2669 879 2703 ab

170 2721 333 2755 hostibus
360 2722 467 2765 capti.
497 2720 640 2754 Monent
666 2720 881 2766 interpretes

173 2770 280 2804 etiam
306 2769 446 2803 Livium
476 2767 605 2814 (xxttt
632 2767 706 2812 305
729 2772 765 2800 et.
791 2766 883 2800 Ctir-

172 2819 260 2852 tium
288 2817 353 2863 (IX
381 2817 406 2852 4
432 2818 472 2862 5)
509 2821 545 2850 et
567 2815 740 2849 lustinum
769 2814 836 2859 (ΙΙΙ
862 2818 886 2849 4

175 2870 190 2901 1
203 2870 238 2912 t)
267 2877 469 2911 erpuynare
488 2865 642 2898 obsessos
659 2867 720 2897 aut
733 2863 886 2897 inclusos

172 2920 234 2950 aut
257 2914 396 2949 incolas
422 2914 569 2955 dixisse,
596 2911 765 2946 translato
792 2911 885 2945 alo-

174 2965 226 3000 eu
255 2963 299 2999 ad
325 2963 489 2998 homines
517 2961 651 3005 verbo,
677 2964 716 2995 ut
740 2959 886 3005 Thucy-

641 1406 858 1451 possessione
883 1407 935 1440 T:
959 1406 1214 1450 possessionum
1242 1407 1285 1440 Δ.

576 1454 609 1488 7.
636 1454 796 1487 ineu-ciac
823 1459 855 1487 et
878 1453 1062 1498 fumidini
1086 1453 1143 1487 ΑΓ
1171 1464 1243 1498 mg.
1271 1455 1310 1487 Γ.

678 1502 918 1536 Domitianum
943 1504 1005 1538 At·
1023 1501 1220 1535 Domitiani
1244 1503 1277 1535 Γ
1299 1504 1334 1534 et
1359 1500 1588 1537 Puteolanus.

1385 1405 1420 1440 6.
1446 1405 1603 1450 uigorem
1632 1398 1667 1440 et

1397 1452 1431 1486 8.
1467 1452 1584 1487 hiatus
1610 1455 1663 1488 si-

951 1637 1080 1672 didesl
1099 1638 1165 1673 ¹34
1178 1638 1322 1681 scripsit
1345 1639 1664 1685 ἐξεπολιόρκησαν

950 1687 1049 1735 λιμῷ
1074 1680 1158 1732 (τὸν
1184 1688 1451 1733 Παυσανίαν).

1013 1746 1090 1768 cum
1113 1735 1247 1768 inertia
1271 1740 1303 1768 et
1327 1734 1517 1779 formidine
1531 1744 1663 1776 eorum,

950 1794 1043 1816 ,ηε
1077 1782 1209 1816 excidit
1236 1783 1456 1816 enuntiatum
1486 1782 1664 1827 incipiens

950 1841 971 1863 a
995 1830 1147 1864 relativo
1175 1830 1294 1874 quibus
1320 1830 1439 1876 (verbi
1460 1840 1568 1864 causa
1583 1830 1664 1874 qui-

952 1879 1011 1912 bus
1051 1880 1172 1924 copiae
1206 1879 1376 1913 militares
1413 1884 1539 1912 temere
1574 1889 1663 1923 per-

949 1927 1073 1960 missae
1119 1930 1237 1969 eram)
1258 1952 1268 1968 ,
1319 1926 1414 1960 unde
1470 1925 1662 1960 scribentis

951 1974 1045 2008 oculi
1074 1975 1117 2008 nd
1144 1976 1342 2019 proximum
1369 1974 1490 2018 quibus
1514 1973 1661 2008 aberra-

950 2028 1089 2057 verunt.
1139 2023 1213 2056 Alii
1241 2021 1461 2056 emendando
1487 2021 1661 2056 offensio-

949 2082 1028 2105 nem
1065 2070 1196 2104 tollere
1231 2071 1352 2104 conati
1388 2074 1491 2103 sunt:
1531 2079 1575 2103 ex
1607 2069 1662 2103 his

950 2120 1093 2153 Grotius
1108 2125 1303 2153 ceterorum
1321 2118 1519 2162 proposuit,
1545 2116 1663 2151 Erne-

948 2169 1036 2201 stius
1064 2179 1264 2209 caesorum,
1300 2166 1484 2200 Watchius
1510 2176 1662 2207 reorum,

949 2216 1012 2250 sed
1038 2218 1091 2250 sic
1110 2225 1293 2249 numerum
1315 2223 1535 2258 magnopere
1560 2213 1663 2246 clau-

950 2265 1070 2298 dicare
1108 2264 1213 2306 periti
1247 2262 1354 2296 facile
1390 2262 1558 2294 sentient.
1607 2259 1663 2292 De

949 2312 1048 2345 hiatu
1075 2311 1305 2344 consentiunt
1323 2308 1473 2342 Rothius
1490 2312 1525 2341 et
1542 2307 1661 2340 Dron-

949 2359 1042 2392 kius.

1023 2405 1218 2441 Domitiani
1243 2415 1374 2448 quoque
1403 2414 1508 2437 aures
1532 2403 1657 2436 cerbe-

950 2460 1070 2488 ratas:
1110 2453 1211 2500 gravi
1239 2452 1350 2485 verbo
1383 2461 1468 2485 usus
1505 2455 1582 2493 cst,
1622 2454 1663 2484 ut

949 2503 1147 2547 principem
1186 2500 1377 2534 virtutibus
1413 2499 1592 2533 intensum
1626 2502 1663 2532 et

950 2552 1135 2585 adversum
1163 2550 1259 2583 viros
1286 2548 1402 2582 claros
1421 2548 1660 2591 suspiciosum

948 2600 1171 2645 depingeret.

1021 2670 1114 2703 vitiis
1138 2669 1307 2702 aliorum:
1336 2668 1421 2700 vitia
1451 2664 1523 2697 noli
1550 2661 1662 2696 intel-

952 2718 1068 2764 ligere
1106 2727 1226 2750 corum
1269 2716 1327 2759 qui
1369 2713 1590 2756 malignitate
1627 2715 1663 2744 et

954 2766 1070 2800 livore
1109 2774 1257 2809 pronum
1291 2760 1528 2795 deterioribus
1562 2759 1663 2803 prin-

956 2816 1070 2858 cipem
1116 2810 1394 2850 extiniulabant,
1445 2812 1484 2840 ut
1523 2808 1667 2850 accepit

957 2862 1152 2902 Walchius,
1180 2859 1242 2892 scd
1270 2860 1357 2891 vitia
1383 2856 1548 2901 ategntis
1564 2855 1667 2888 Moe-

956 2905 1032 2944 siae
1067 2914 1103 2942 et
1134 2908 1338 2942 Pannoniae
1374 2905 1575 2939 commissa.
1625 2902 1667 2937 td

957 2957 1113 2993 ostendit
1140 2956 1355 2993 contrarium
1379 2955 1450 2989 suis
1471 2950 1672 3008 virtutibus·
