1768 3216
709 226 946 264 HISTORlAR
952 224 1014 258 VM
1414 230 1448 255 a.
1476 227 1511 255 u.
1537 219 1623 257 822.

139 239 211 273 118

140 354 328 395 iniuriam
368 351 541 405 insignis
582 358 686 400 equo
729 348 924 396 ostroque
971 340 1212 390 veheretur,
1265 342 1470 391 tamquam
1518 335 1624 378 laesi

139 428 437 483 gravabantur,
479 423 599 464 insita
631 419 869 461 mortalibus
900 420 1045 458 natura
1076 417 1286 456 recentem
1317 411 1494 453 aliorum
1524 410 1625 453 feli—-

140 487 299 545 citatem
338 498 499 541 acribus
547 495 677 537 oculis
725 493 1024 546 introspicere,
1075 488 1324 541 modumque
1368 487 1561 529 fortunae
1600 499 1626 528 a

138 577 255 618 nullis
285 574 415 628 magis
447 572 618 626 exigere
650 582 769 624 quam
801 579 904 621 quos
936 567 977 606 in
1009 576 1141 618 aequo
1175 563 1380 605 viderunt.
1443 561 1626 604 Caecina

104 650 284 693 ⁵Padum
314 653 621 702 transgressus,
654 647 846 697 temptata
879 641 1208 682 Othonianorum
1250 637 1333 679 fide
1370 649 1445 692 per
1485 636 1627 679 collo-

26 702 52 771 s
74 755 86 769 ff
135 725 270 778 quium
301 727 341 764 et
369 721 587 776 promissa,
620 719 749 760 isdem
780 717 943 771 petituS,
975 719 1192 769 postquam
1221 726 1304 768 pax
1334 716 1376 755 et
1395 711 1626 754 concordia

30 787 88 822 '‘3·
133 797 334 852 speciosis
366 800 406 837 et
435 795 567 836 inritis
598 792 830 834 nominibus
863 791 1011 831 iactata
1043 793 1160 840 sunt,
1207 787 1384 830 consilia
1417 797 1624 841 curasque

134 874 174 914 in
206 870 551 925 oppugnationem
591 867 823 909 Placentiae
863 877 1016 919 magno
1056 868 1218 905 terrore
1258 862 1408 915 vertit,
1452 873 1626 917 gnarus,

132 951 176 987 ut
204 946 318 986 initia
348 944 444 986 belli
473 943 774 997 provenissent,
808 941 956 981 famam
980 940 1020 980 in
1040 943 1180 980 cetera
1208 938 1312 980 fore.
1362 936 1443 981 Sed
1468 937 1627 992 primus
1639 943 1694 982 21

86 1032 124 1060 10
137 1021 225 1062 dies
255 1021 403 1073 impetu
434 1018 565 1072 magis
597 1030 715 1071 quam
746 1015 931 1057 veterani
956 1014 1164 1057 exercitus
1193 1013 1349 1055 artibus
1370 1015 1628 1055 transactus:

137 1094 267 1148 aperti
307 1093 540 1146 incautique
582 1103 719 1132 muros
750 1090 941 1142 subiere,
991 1089 1086 1130 cibo
1132 1089 1315 1142 vinoque
1354 1098 1628 1142 praegraves.

136 1168 181 1208 In
211 1179 261 1209 eo
295 1167 516 1208 certamine
547 1166 862 1219 pulcherrimum
894 1164 1184 1218 amphitheatri
1216 1175 1335 1217 opus,
1367 1162 1491 1205 situm
1512 1165 1629 1204 extra

136 1253 297 1293 muros,
331 1241 623 1295 conflagravit,
656 1231 745 1281 sive
776 1239 827 1280 ab
860 1238 1217 1293 oppugnatoribus
1249 1238 1491 1289 incensum,
1532 1235 1632 1279 dum

137 1315 250 1356 faces
282 1318 322 1356 et
350 1314 523 1368 glandes
565 1318 605 1355 et
634 1313 832 1355 missilem
872 1313 1011 1367 ignem
1059 1313 1100 1353 in
1141 1312 1342 1354 obsessos
1383 1310 1630 1364 iaculantur,

85 1399 120 1426 1⁵
134 1389 221 1430 sive
253 1389 302 1430 ab
334 1388 541 1440 obsessis,
592 1388 685 1429 dum
727 1392 881 1429 retorta
915 1388 1120 1443 ingerunt.
1181 1386 1432 1441 Municipale
1463 1385 1628 1439 vulgus,

133 1475 304 1517 pronum
334 1463 385 1505 ad
416 1463 698 1517 suspiciones,
741 1462 887 1505 fraude
920 1462 1046 1504 inlata
1077 1462 1187 1516 ignis
1221 1461 1415 1503 alimenta
1447 1460 1630 1503 credidit

133 1550 156 1578 a
187 1537 427 1591 quibusdam
459 1551 481 1578 e
510 1538 659 1579 vicinis
693 1537 886 1590 coloniis,
921 1536 1078 1579 invidia
1110 1541 1150 1578 et
1182 1536 1478 1588 aemulatione,
1511 1535 1622 1590 quod

270 1658 300 1691 1.
326 1657 472 1702 insignis
501 1656 582 1692 GMa
610 1663 645 1692 et
671 1659 756 1692 aliiz
783 1659 917 1704 insigni
942 1657 1170 1692 Puteolanus.
1229 1658 1264 1692 2.
1291 1657 1404 1693 insita
1427 1657 1493 1693 Ma.
1592 1661 1628 1695 3.

130 1704 269 1749 aql-ibus
294 1703 369 1739 Ma:
398 1708 512 1751 aeyris
539 1706 577 1740 G.
656 1707 796 1741 acribus
830 1718 875 1741 ex
902 1706 929 1741 C
958 1707 1098 1741 rettulit
1124 1706 1323 1741 Broterius.
1424 1706 1460 1742 4.
1486 1708 1631 1753 ineque:

128 1752 193 1796 Ma,
218 1754 255 1786 in
281 1765 363 1798 equo
374 1754 411 1788 G.
472 1756 569 1788 vider
596 1767 673 1789 cum
702 1755 762 1789 lin.
789 1766 897 1800 super
915 1756 982 1791 litt.
1010 1767 1049 1790 er
1069 1755 1134 1799 Ma,
1171 1755 1205 1789 h.
1229 1767 1260 1790 e.
1287 1755 1461 1799 viderunt,
1489 1755 1568 1791 utG
1595 1761 1631 1791 et

131 1801 206 1835 alii.
288 1803 433 1836 caecimi
461 1803 523 1836 Ma.
607 1806 639 1838 5.
669 1804 892 1839 othianorum
918 1804 982 1839 Ma.
1084 1804 1305 1849 conloquium
1330 1815 1395 1849 per
1420 1815 1536 1850 comp.
1563 1803 1630 1840 Mff.

131 1850 164 1884 9.
190 1850 288 1893 fama
314 1849 390 1884 Ma:
415 1851 578 1894 ptumam
610 1852 648 1886 G.
705 1855 758 1888 11.
789 1855 884 1887 ciuos
910 1852 983 1887 Ma:
1013 1853 1040 1887 G
1072 1853 1160 1888 cibo.
1226 1854 1279 1888 12.
1309 1852 1537 1899 amphiteatri
1561 1852 1628 1890 Ma.

135 1898 189 1931 14.
219 1898 349 1942 [landes
375 1899 449 1932 Ma:
493 1899 519 1933 G
543 1901 698 1946 9landes.
799 1908 831 1936 et
855 1902 1019 1936 missilem
1046 1901 1151 1937 GMa:
1188 1913 1233 1935 ac
1269 1914 1312 1936 m.
1350 1901 1391 1936 B.
1494 1902 1629 1938 obsesso

133 1943 210 1982 Ma:
240 1945 266 1979 G
291 1947 451 1982 obsessos.
547 1951 599 1983 15.
629 1950 706 1983 dum
734 1957 919 1996 reportans
945 1957 1071 1996 yerunt
1099 1948 1175 1988 Ma:
1205 1950 1411 1985 emendavit
1435 1946 1508 1986 Iac.
1537 1950 1630 1986 Gro-

133 1994 273 2026 novius.
349 1995 437 2040 voly.
469 1995 525 2030 Or.
592 1999 644 2031 17.
672 2010 688 2031 e
715 1999 774 2032 AG
805 2004 840 2033 et
868 1998 1116 2034 Oxonienses:
1145 1998 1198 2034 Ma
1226 2005 1268 2034 et.
1323 1999 1480 2036 invidiae
1505 2011 1630 2036 aemu-

135 2040 264 2075 latione
287 2042 339 2075 Ma
367 2048 401 2077 et
427 2045 556 2078 ceteri:
585 2047 784 2080 emendavit
814 2048 981 2082 Muretus.

136 2144 222 2178 tium
249 2145 387 2180 Tacitus
412 2149 447 2181 in
472 2159 534 2183 sua
558 2152 705 2195 recepit.
763 2152 838 2187 No-
904 2155 1028 2200 primis
1067 2155 1243 2189 eventibus
1281 2160 1407 2189 metum
1441 2159 1503 2190 aut
1537 2155 1631 2200 fidu-

136 2195 311 2228 minantur
349 2198 538 2242 municipia
579 2204 613 2232 et
656 2200 838 2245 coloniae,

137 2241 229 2286 quod
255 2243 303 2276 ibi
323 2244 498 2279 Romanus
524 2257 598 2280 mos
626 2254 660 2282 et
687 2250 837 2285 habitus.

208 2291 354 2336 insignis
379 2305 461 2338 equo
489 2301 667 2340 ostroque.-
693 2299 840 2345 insignis

136 2337 202 2371 fuit
227 2349 314 2373 uxor
353 2351 394 2375 eo
421 2343 496 2386 ipso
524 2345 617 2388 quod
655 2357 745 2391 equo
773 2359 840 2382 ve-

137 2387 285 2420 hebatur
312 2393 346 2421 et
364 2394 457 2423 ostro
486 2398 609 2426 ornata
624 2400 710 2429 erat.
738 2396 841 2440 Apud

138 2434 361 2469 Plutarchum
395 2438 475 2473 Oth.
502 2440 523 2474 6
563 2446 614 2475 est
657 2441 841 2491 ὀχουμένῃ

141 2484 258 2530 ἵππῳ,
284 2491 541 2533 κεκοσμημένη
568 2492 779 2536 ἐπιφανῶς.

237 2532 375 2566 acribus
413 2534 556 2568 oculis:
606 2538 659 2571 Ma
703 2541 843 2584 ayribus

140 2589 184 2612 ex
207 2580 380 2623 scriptura
418 2584 609 2618 uncialium
649 2586 843 2621 litterarum

139 2625 366 2671 (ACRIBVS,
391 2630 525 2664 AGRIB
535 2633 604 2678 VS)
623 2634 759 2669 detorta
779 2641 842 2670 est.

137 2675 247 2709 Acres
287 2677 383 2710 oculi
427 2689 540 2724 usque
585 2682 626 2714 ad
676 2685 845 2718 interiora

138 2728 336 2767 penetrant,
368 2726 461 2761 unde
488 2729 728 2774 introspicere.

209 2778 246 2805 ut
271 2773 376 2807 initia
404 2773 484 2810 belli
506 2780 759 2823 provenissent,
787 2783 848 2826 fa-

138 2827 228 2851 mam
257 2821 294 2853 in
321 2827 436 2857 cetera
459 2826 537 2868 fore
554 2836 566 2858 .·
593 2826 639 2861 cf.
668 2829 752 2875 Agr.
785 2829 847 2864 18:

139 2874 210 2898 non
233 2867 376 2912 iqnarus
411 2872 609 2909 instandum
645 2878 765 2921 fama-e
790 2889 846 2921 ac,

138 2919 240 2955 prout
272 2916 386 2960 prima
421 2922 634 2966 evenissent,
677 2930 848 2961 terrorem

143 2964 264 2996 ceteris
289 2964 376 3008 fore.
432 2965 494 3002 Xil
522 2969 588 3004 31:
624 2970 684 3008 ille
715 2984 848 3020 gnarus

911 2205 1002 2236 ciam
1027 2204 1137 2248 yiqni.

981 2252 1238 2297 yravabantur‚
1269 2252 1303 2286 h.
1322 2263 1355 2286 e.
1383 2253 1544 2298 graviter
1572 2251 1632 2286 fe-

909 2299 1056 2343 rebant3
1085 2300 1130 2334 cf.
1163 2300 1293 2335 11159:
1320 2306 1533 2347 gravaretur
1564 2300 1633 2335 aa·

911 2355 1064 2393 spectum
1113 2350 1238 2383 civium
1275 2361 1384 2383 senem
1425 2351 1630 2396 imperator.

916 2397 944 2430 V
968 2398 1012 2432 8:
1040 2409 1133 2443 spem
1162 2410 1205 2432 ac
1229 2404 1355 2432 metum
1380 2400 1481 2433 iuxta
1494 2407 1631 2444 grava-

914 2451 966 2479 tus
985 2446 1152 2481 Vitellius.
1177 2446 1283 2492 Apud
1302 2446 1515 2481 Ciceronem
1538 2447 1632 2482 idem

913 2494 1082 2539 loquendi
1105 2506 1219 2542 genus
1250 2505 1322 2530 non
1347 2495 1542 2538 invenitur,
1569 2494 1632 2529 sed
1661 2528 1665 2532 ,

913 2545 1094 2587 proprium
1123 2549 1177 2578 est
1205 2549 1390 2589 poetarum
1417 2549 1453 2578 et
1475 2545 1631 2589 scripto-

914 2601 988 2624 rum
1032 2594 1091 2638 qui
1128 2594 1265 2627 seriore
1311 2597 1429 2627 aetate
1473 2592 1633 2637 pedestri

914 2650 1077 2675 sermone
1112 2642 1166 2675 usi
1203 2646 1297 2676 sunt.
1371 2640 1547 2686 Exempla
1587 2651 1632 2676 ex

917 2688 1087 2723 Suetonio
1139 2690 1293 2736 aliisque
1326 2689 1424 2724 dedit
1451 2689 1631 2725 Forcelli-

917 2746 996 2769 nius
1023 2748 1050 2771 s.
1078 2749 1112 2772 v.
1140 2750 1263 2784 yravo.

989 2785 1074 2830 Cap.
1092 2787 1150 2822 21.
1180 2787 1341 2822 veterani
1371 2788 1546 2821 exercitus
1565 2797 1632 2821 ar-

918 2832 1029 2866 tibus.-
1068 2839 1161 2869 artes
1208 2845 1295 2881 quas
1345 2834 1409 2869 ille
1450 2835 1631 2870 exercitus

918 2879 1025 2927 longa
1064 2884 1324 2918 consuetudine
1370 2882 1519 2918 edoctus
1556 2884 1632 2920 erat

917 2929 1028 2971 primo
1058 2929 1115 2966 die
1150 2941 1221 2966 non
1256 2929 1440 2975 adhibuit,
1483 2941 1631 2978 sperans

917 2975 994 3011 fore
1032 2981 1069 3012 ut
1106 2979 1241 3025 impetu
1291 2977 1437 3015 colonia
1474 2990 1516 3016 ac
1550 2979 1632 3017 sine
