1768 3216
136 247 160 272 ι
182 235 222 272 G.
248 236 308 273 69.
635 233 772 270 LIBER
800 233 831 269 Ι.
883 232 970 269 Gn.
998 232 1158 269 61-64.
1603 232 1650 265 69

66 351 247 395 63haud
279 350 448 394 dubium
478 361 657 405 magnae
688 353 729 390 et
759 360 989 403 prosperae
1020 348 1083 391 rei
1115 361 1238 391 omen
1269 350 1549 404 acciperetur.
1601 347 1653 389 Et

137 426 337 470 Treviros
369 425 553 479 quidem,
585 429 630 466 ut
660 424 818 476 socios,
852 424 993 466 securi
1025 424 1182 466 adiere.
1224 425 1430 467 Divoduri
1461 421 1702 478 (Μεάἰο-;“’
1731 458 1736 461 .

138 501 407 543 matricorum
437 500 478 541 id
511 499 706 553 oppidum
739 502 823 551 est)
857 510 1106 552 quamquam
1139 482 1487 541 omnissffmitate
1519 512 1653 541 exce-

137 580 232 630 ptos
263 575 424 617 subitus
455 586 588 628 pavor
616 574 779 626 terruit,
811 574 942 628 raptis
974 574 1202 627 derepente
1236 575 1362 616 armis
1394 575 1447 616 ad
1480 574 1655 616 caedem

138 649 337 692 innoxiae
369 649 572 702 civitatis,
614 660 699 690 non
729 648 783 690 ob
814 648 1014 702 praedam
1045 652 1114 690 aut
1144 648 1354 702 spoliandi
1398 649 1687 702 cupidinem‚⁵

137 724 213 767 sed
244 725 388 767 furore
424 728 466 765 et
502 724 620 765 rabie
659 727 700 765 et
740 723 880 764 causis
924 723 1122 774 incertis,
1166 735 1301 777 eoque
1343 723 1652 765 difficilioribus

137 798 360 851 remediis,
401 798 538 840 donec
577 798 773 851 precibus
816 797 935 839 ducis
966 798 1143 852 mitigati
1185 798 1236 839 ab
1269 798 1438 839 excidio
1472 799 1652 840 civitatis

137 877 439 928 temperavere.
486 872 618 914 Caesa
650 877 788 914 tamen
821 872 873 913 ad
906 876 1099 926 quattuor
1129 872 1241 913 milia
1263 872 1490 914 hominum.
1530 872 1654 926 Isque

136 952 276 990 terror
307 941 462 989 Gallias
495 947 672 999 invasit⁷
717 951 759 987 ut
788 947 973 988 venienti
1005 958 1103 988 mox
1134 947 1291 1001 agmini
1330 947 1556 989 universae
1588 947 1654 987 ci-

137 1023 288 1064 vitates
320 1035 414 1063 cum
444 1021 758 1076 magistratibus
793 1025 833 1062 et
862 1021 1060 1075 precibus
1092 1025 1382 1073 occurrerent,
1416 1022 1556 1063 stratis
1577 1033 1708 1075 per¹0

139 1096 232 1138 vias
267 1096 434 1138 feminis
464 1096 704 1150 puerisque,
733 1107 923 1149 quaeque
953 1095 1032 1136 alia
1063 1095 1323 1149 placamenta
1355 1095 1518 1137 hostilis
1549 1096 1653 1148 irae,

66 1170 125 1211 64
139 1182 224 1213 non
255 1170 421 1224 quidem
450 1170 493 1211 in
523 1170 633 1213 bello
667 1171 742 1212 sed
774 1182 850 1224 pro
883 1182 1005 1224 pace,
1037 1170 1329 1212 tendebantur.
1380 1170 1577 1212 Nuntium
1602 1171 1655 1212 de

139 1245 272 1288 caede
313 1245 471 1287 Galbae
511 1249 552 1286 et
591 1245 767 1299 imperio
810 1244 989 1286 Othonis
1030 1245 1180 1286 Fabius
1213 1245 1367 1287 Valens
1400 1245 1444 1286 in
1486 1246 1656 1287 civitate

0 1302 71 1388 „Q
137 1320 371 1381 Leucorum
402 1320 578 1374 accepit.
638 1319 727 1360 Nec
758 1319 930 1361 militum
962 1321 1123 1361 animus
1157 1321 1199 1361 in
1229 1318 1429 1374 gaudium
1461 1324 1530 1362 aut
1561 1319 1656 1362 for-
1741 1368 1745 1371 ‚

138 1381 337 1437 midffiem
356 1399 592 1449 permotus:
624 1394 778 1436 bellum
799 1395 1008 1437 volvebat.
1053 1395 1182 1437 Gallis
1206 1396 1418 1437 cunctatio
1442 1400 1649 1450 exempta,
1671 1403 1736 1437 ιεῐ4
1760 1406 1765 1414 ’

139 1474 180 1512 et
208 1471 252 1512 in
283 1469 488 1512 Othonem
521 1483 571 1511 ac
603 1469 811 1511 Vitellium
844 1470 984 1511 odium
1015 1483 1113 1524 par,
1148 1483 1200 1512 ex
1231 1470 1397 1512 Vitellio
1431 1475 1472 1513 et
1502 1468 1703 1512 metus&-

136 1545 329 1587 Proxima
360 1545 594 1599 Lingonum
609 1602 621 1605 „
635 1545 783 1586 civitas
825 1549 938 1597 erat,
978 1545 1058 1586 fida
1089 1545 1289 1599 partibus.
1353 1545 1542 1600 Benigne
1574 1559 1655 1587 ex-

141 1620 250 1674 cepti
280 1606 752 1662 modestia”'ce'rtavere.
814 1619 897 1662 Sed
928 1620 1069 1662 brevis
1102 1620 1258 1661 laetitia
1290 1620 1365 1662 suit
1415 1621 1652 1662 cohortium

139 1694 400 1748 intemperie,
432 1705 534 1747 quas
568 1706 592 1734 a
621 1693 792 1748 legione
824 1698 970 1746 quarta
1000 1694 1179 1746 decima,
1212 1699 1256 1735 ut
1283 1706 1409 1748 supra
1441 1706 1654 1736 memora-

263 1836 294 1871 1.
323 1846 451 1869 nomen
477 1833 552 1870 Ma:
579 1835 607 1870 G
632 1846 744 1870 omen.
844 1837 1068 1881 acciperetur
1095 1835 1168 1880 Ma,
1204 1847 1276 1871 non
1303 1837 1433 1872 Furiae
1462 1839 1652 1884 acciperet.

139 1887 174 1921 2.
209 1884 369 1918 Treviros
396 1882 469 1918 Ma:
497 1890 655 1918 treueros
683 1884 722 1919 G.
814 1885 989 1919 Divoduri
1014 1883 1089 1919 Mat
1119 1885 1146 1919 G
1174 1885 1400 1929 Dircam-ium,
1427 1885 1653 1921 Oxonienses

139 1933 389 1967 Dinodurium.
467 1934 503 1969 4.
534 1933 692 1978 raptistae
718 1939 862 1979 repente
890 1933 963 1968 Ma:
1000 1935 1155 1968 correxit
1185 1934 1211 1971 l,
1238 1934 1293 1968 Fr.
1322 1935 1544 1978 Gronovius,
1572 1940 1655 1969 ante

139 1991 246 2029 quem
273 1986 350 2016 erat
376 1981 489 2026 raptis
514 1987 669 2028 repente.
721 1982 838 2016 cedem
863 1981 929 2016 Ma.
983 1985 1018 2017 5.
1047 1983 1210 2029 cupidine
1227 1983 1331 2018 GMaz
1360 1985 1522 2030 cupidine
1548 1984 1653 2019 ACR.

137 2030 172 2066 6.
201 2030 263 2064 sed
288 2029 336 2064 G:
364 2028 418 2064 Μἱι
444 2035 487 2063 et.
539 2030 665 2064 rubiae
692 2029 757 2064 Ma.
812 2032 844 2066 7.
877 2036 913 2065 et
943 2032 997 2067 10.
1036 2032 1161 2077 ficibus
1199 2032 1264 2066 Ma.
1313 2033 1349 2068 8.
1375 2033 1423 2066 ad
1455 2032 1508 2067 G:
1535 2031 1591 2066 Ma
1615 2045 1650 2067 a.

142 2078 198 2114 14.
227 2078 450 2113 tenebrarum
477 2077 537 2113 vel
565 2079 793 2114 leuclirorum
819 2078 886 2122 Ma,
913 2080 1112 2114 leucrorum
1141 2080 1188 2115 G:
1214 2081 1395 2116 leucorum
1421 2081 1653 2116 Puteolanus.

138 2127 328 2173 formidine
356 2126 430 2161 Ma:
456 2128 650 2172 formidine
677 2127 716 2164 G.
778 2129 832 2164 19.
861 2129 1138 2173 quattuordecim
1166 2128 1232 2164 Ma.

139 2256 295 2301 positum
338 2260 393 2290 est
435 2255 481 2289 ob
517 2258 704 2290 transitum
748 2258 861 2291 amnis

139 2309 250 2349 ponte
286 2303 335 2337 ibi
377 2309 537 2348 paratum
558 2330 568 2347 ‚
625 2305 808 2339 recentius
842 2317 862 2339 a

141 2352 432 2387 Mediomatricis

190 2398 195 2402 ’
222 2401 335 2446 raptis
362 2400 570 2446 derepente:
614 2401 650 2434 in
678 2399 732 2435 Ma
769 2403 861 2435 scri-

142 2453 246 2494 ptura
276 2449 449 2495 (raptisae
473 2452 632 2495 repente)
661 2461 683 2483 a
704 2455 784 2484 nata
808 2455 862 2484 est

143 2497 339 2532 ‹ax-littera
366 2498 407 2540 d,
436 2508 528 2543 quae
554 2509 624 2531 uno
655 2500 758 2543 apice
789 2499 862 2533 dif-

142 2546 224 2580 fert.
282 2545 349 2588 Qui
399 2547 578 2591 raptisque
633 2547 861 2581 scribendum

142 2594 311 2634 suadent,
348 2599 483 2628 tantum
513 2595 615 2629 abest
641 2601 680 2628 ut
705 2596 862 2641 religio-

143 2644 217 2676 sius
245 2642 380 2677 codicis
400 2642 454 2676 Ma
481 2645 638 2689 vestigia
666 2649 862 2687 sectentur,

107 2737 110 2740 ,
143 2695 182 2724 ut
205 2691 249 2725 ab
277 2691 322 2724 iis
346 2693 460 2736 magis
488 2692 596 2725 etiam
624 2692 804 2727 deficiant.

235 2750 390 2783 quaeque
423 2740 500 2773 alia
531 2739 759 2785 placamenta
797 2743 863 2774 Ιιο-

146 2785 236 2820 uilis
262 2788 341 2821 irae
369 2809 412 2815 --
433 2787 686 2822 tendebantur.-
714 2800 757 2823 ea
783 2789 863 2834 pla-

147 2839 307 2877 camenta
333 2847 414 2870 cum
442 2837 545 2881 signa
567 2841 699 2879 essent,
726 2837 864 2871 insulae

146 2880 289 2917 scilieet
319 2889 355 2918 et
381 2883 584 2918 velamenta
610 2884 703 2929 (vid.
732 2897 762 2918 c.
782 2885 863 2932 66),

148 2929 298 2964 verbum
328 2933 372 2966 iis
400 2937 520 2978 aptum
549 2932 780 2967 tendebantur
794 2944 863 2979 po-

149 2977 222 3012 suit
247 2980 314 3025 (sie
338 2981 483 3016 wurden
508 2981 775 3028 atasyestreckt).

1004 2255 1089 2301 Cap.
1105 2257 1163 2292 64.
1201 2259 1240 2292 in
1267 2257 1407 2291 civitate
1433 2258 1653 2292 Leucorum.-

932 2317 953 2339 a
979 2305 1163 2339 Divoduro
1197 2307 1297 2339 iuxta
1337 2305 1522 2340 Mosellam
1568 2316 1656 2350 pro-

933 2354 1140 2400 gredientes
1174 2353 1219 2387 ad
1254 2354 1394 2388 Leucos
1431 2365 1655 2398 pervenere,

933 2412 1084 2448 quorum
1110 2402 1282 2447 oppidum
1308 2402 1441 2436 Tullum
1462 2402 1590 2449 (Toul)
1619 2404 1656 2436 in

932 2451 1093 2485 eiusdem
1132 2451 1246 2484 amnis
1263 2451 1362 2495 ripa.
1413 2452 1447 2495 Α
1481 2451 1656 2485 Mosellae

933 2500 1096 2534 fontibus
1129 2500 1173 2533 ad
1199 2499 1355 2533 Ararem
1385 2496 1542 2546 (Saone)
1571 2504 1655 2533 ten-

933 2549 1059 2583 dentes
1074 2547 1255 2594 Lingonas
1272 2547 1470 2594 (Laugres)
1486 2549 1654 2594 attigere.

934 2598 1079 2631 Aeduos
1116 2598 1210 2630 inter
1235 2598 1383 2630 Ararem
1424 2602 1459 2630 et
1488 2596 1655 2642 Ligerem

935 2646 1079 2691 (Loire)
1110 2645 1314 2679 habitantes
1347 2655 1419 2677 non
1454 2646 1578 2688 ipsos,
1618 2649 1655 2676 ut

934 2694 1098 2735 videtur,
1132 2693 1276 2727 adiere:
1314 2693 1398 2726 hinc
1432 2694 1519 2726 iussi
1543 2703 1654 2736 pecu-

933 2745 1031 2776 niam
1057 2748 1160 2786 atque
1187 2753 1290 2775 arma
1317 2741 1468 2785 deferre.

991 2792 1029 2824 in
1054 2790 1222 2835 qaudium
1243 2795 1304 2823 aut
1329 2787 1553 2832 formidinem
1568 2798 1654 2832 per-

933 2845 1064 2872 motus.-
1108 2848 1177 2870 non
1206 2838 1255 2870 ita
1284 2840 1467 2881 permotus
1501 2840 1556 2869 est
1586 2836 1656 2868 mi-

934 2886 1036 2920 litum
1064 2887 1216 2926 animus,
1244 2889 1282 2916 ut
1308 2883 1476 2930 gaudium
1502 2888 1563 2917 aut
1575 2883 1657 2917 ιἴοι·-

935 2933 1029 2968 mido
1057 2934 1286 2966 excitaretur.
1338 2932 1509 2976 Apertius
1534 2941 1652 2977 oppo-

935 2986 1067 3016 nuntur
1093 2979 1262 3027 gaudium
1290 2985 1326 3015 et
1356 2979 1522 3025 formido,
1550 2991 1653 3028 quam
