1768 3216
171 215 221 248 98
787 209 1048 246 AGRICOLAE

171 330 308 385 geniis
339 327 602 371 subtilitatem
634 326 809 381 deesse,
863 328 960 382 quia
993 326 1224 370 castrensis
1254 326 1488 385 iurisdictio
1518 339 1670 371 secura

172 409 212 446 et
244 403 430 444 obtusior
457 414 506 443 ac
540 401 656 456 plura
689 414 814 444 manu
844 414 977 457 agens
1010 402 1278 444 calliditatem
1309 401 1393 444 fori
1422 413 1508 444 non
1538 414 1666 446 exer-

174 481 277 519 ceat.
317 476 520 531 Agricola
550 477 728 519 naturali
758 477 992 531 prudentia,
1026 478 1214 532 quamvis
1245 477 1355 520 inter
1384 480 1564 534 togatos,
1598 477 1665 520 fa-

171 551 250 593 cile
285 551 474 605 iusteque
505 552 669 607 agebat.

135 637 347 680 suumque
378 626 525 668 divisa.

731 552 815 594 Iam
849 564 952 595 vero
998 556 1186 607 tempora
1227 564 1417 595 curarum
1451 552 1673 596 remissio-

587 626 664 668 Ubi
696 631 926 670 conventus
967 640 1016 670 ac
1047 627 1202 670 iudicia
1231 631 1483 682 poscerent,
1526 626 1671 683 gravis

167 701 363 754 intentus,
396 713 570 743 severus
602 705 642 742 et
664 702 829 756 saepius
850 702 1114 744 misericors:
1142 702 1215 744 ubi
1234 702 1375 744 officio
1393 701 1668 755 satisfactum,

165 775 277 818 nulla
311 775 418 818 ultra
450 776 667 830 potestatis
699 780 894 830 persona.

955 776 1180 819 Tristitiam
1213 781 1254 819 et
1297 776 1589 832 adrogantiam
1629 779 1672 819 et

165 850 386 893 avaritiam
418 855 614 903 exuerat3
646 863 724 894 nec
757 851 829 905 itti,
863 852 973 906 quod
1007 856 1070 894 est
1097 852 1370 906 rarissimum,
1401 856 1470 894 aut
1488 850 1668 894 facilitas

165 925 453 969 auctoritatem
488 930 556 968 aut
601 927 804 970 severitas
852 939 1036 969 amorem
1080 926 1294 970 deminuit.

324 1081 355 1114 1.
384 1080 504 1115 adesse
530 1083 583 1117 A:
612 1083 644 1116 Γ
666 1081 793 1116 deesse.

1363 925 1668 982 [Integritatem

947 1081 982 1117 4.
1011 1082 1175 1128 temporis
1203 1087 1236 1116 et
1262 1092 1428 1116 curarum
1453 1082 1498 1124 Δ,
1526 1090 1598 1115 non
1624 1082 1664 1116 Γ.

161 1124 194 1162 7.
221 1127 356 1162 nullam
381 1149 427 1156 —
450 1141 639 1175 personam
669 1132 752 1166 ΓΔε
783 1130 1156 1174 correxitRlienanus,
1182 1130 1246 1164 sed
1272 1131 1309 1164 in
1337 1131 1415 1164 eius
1446 1128 1666 1175 Castigatio-

156 1185 221 1209 nes
247 1179 403 1221 per-sonci
427 1179 570 1222 irrepsit
598 1189 661 1222 pro
691 1190 858 1224 persona.

962 1179 998 1214 8.
1027 1179 1183 1225 facultas
1207 1180 1251 1222 Δ,
1280 1188 1350 1212 non
1378 1180 1417 1213 Γ.
1495 1177 1528 1213 9.
1556 1177 1661 1213 dimi-

155 1224 233 1259 nuit
261 1223 492 1262 Puteolanus.
540 1226 696 1273 glossam
723 1227 872 1262 seclusit
897 1226 1024 1263 editor.

154 1386 342 1433 (Annotat.
370 1388 413 1422 ad
441 1388 554 1424 'l'aciti
580 1391 690 1425 vitam
715 1392 872 1438 Agrico-

153 1436 224 1472 lae.
254 1436 391 1471 Cliviae
416 1438 507 1473 1835
534 1450 566 1483 p.
593 1441 678 1486 10):
713 1440 777 1475 sed
805 1440 873 1474 hoc

152 1486 348 1520 remedium
375 1486 570 1521 violentius
597 1493 650 1523 est
683 1494 717 1523 et
746 1489 871 1524 subie-

154 1538 248 1567 ctum
262 1545 333 1568 non
346 1540 465 1579 aptum
479 1537 869 1585 praebet(provine1'a).

225 1605 363 1640 deesse.-
390 1606 524 1641 codicis
552 1608 715 1643 Vaticani
743 1612 778 1645 Δ
802 1610 870 1644 nd-

153 1663 225 1687 esse
258 1665 302 1687 ex
343 1656 490 1701 antiqua
541 1657 716 1702 scriptura
769 1658 869 1693 desse

150 1702 244 1736 male
272 1708 433 1738 correcta
456 1715 512 1738 me
541 1705 659 1739 iudice
687 1709 843 1742 emersit.

223 1784 268 1807 ae
297 1774 403 1820 plura
438 1787 545 1810 manu
584 1788 718 1823 aqens:
760 1778 870 1824 plura

151 1827 322 1856 converte
348 1822 394 1859 τά
423 1826 562 1868 πλείω,
593 1836 663 1860 non
689 1827 867 1871 simplici-

150 1873 204 1902 ter
231 1872 361 1907 πλείω.

224 1943 378 1984 quamvis
399 1943 492 1976 inter
518 1949 671 1989 loqatos:
695 1944 868 1991 intelligit

151 1994 350 2022 conventus
366 1991 549 2034 iuridicos‚
577 1993 613 2024 in
628 1993 757 2037 quibus
775 2003 866 2027 con-

149 2034 231 2069 silia
258 2037 413 2071 iudicum
453 2049 496 2072 cx
526 2040 658 2073 civium
684 2041 867 2075 Romano-

149 2093 226 2116 rum
263 2095 410 2119 numero
456 2091 552 2121 sorte
600 2088 705 2122 ducta
747 2100 864 2123 eoram

148 2133 357 2174 provinciae
392 2140 533 2169 rectore
574 2136 617 2170 de
653 2138 768 2171 causis
804 2149 866 2171 ca-

148 2179 318 2222 pitalibus
347 2182 564 2218 iudicabant.
633 2185 699 2227 Qui
728 2186 866 2220 iudices

147 2232 268 2273 togam
302 2231 502 2275 gestabant.
610 2240 798 2268 conventus
823 2246 867 2268 ae

146 2276 300 2311 iudicia.-
338 2280 467 2312 vitavit
500 2281 594 2326 quod
620 2281 764 2316 solitum
792 2288 867 2317 erat

147 2332 336 2360 conventus
369 2328 523 2363 iuridici.
593 2329 665 2364 Eos
704 2336 863 2366 rectores

146 2374 409 2417 provinciarum
467 2380 658 2422 quotannis
718 2380 865 2414 obibant

147 2426 182 2454 et
216 2423 325 2456 variis
359 2426 566 2467 provinciae
614 2427 705 2461 locis
750 2428 863 2462 habe-

144 2468 242 2504 bant.
365 2474 485 2517 gyratis
511 2475 683 2509 intentus.-
723 2476 769 2510 cf.
796 2487 862 2510 an-

143 2523 217 2552 not.
245 2519 288 2552 ad
315 2519 360 2552 Xl
388 2521 422 2554 6.

231 2589 331 2624 mdla
355 2591 451 2625 ultra
474 2595 654 2638 potestatis
682 2606 858 2639 persona.-

142 2638 269 2671 vitium
297 2640 467 2684 antiquae
502 2642 699 2686 scripturae
723 2643 859 2677 nullam

142 2705 187 2711 —
220 2698 408 2730 personam
451 2688 535 2722 hinc
570 2695 716 2734 natum,
765 2693 859 2736 quod

141 2734 258 2768 scriba
285 2735 367 2769 libri
402 2738 540 2782 antiqui
569 2739 665 2772 ultra
703 2750 858 2784 praepo-

141 2782 308 2817 sitionem
332 2796 424 2828 esse,
453 2795 523 2819 non
541 2786 749 2821 adverbium
765 2794 858 2822 tem-

140 2831 249 2873 poris,
277 2833 508 2877 opinabatur,
544 2839 581 2867 ut
609 2846 639 2869 c.
670 2837 712 2870 11
742 2837 859 2882 posita

140 2884 266 2912 con-tra
294 2880 503 2927 Hispaniam
536 2893 599 2928 pro
638 2890 763 2920 contra
789 2885 856 2920 112·-

138 2928 275 2972 spania.

1042 1391 1221 1426 tristitiam
1270 1396 1304 1425 et
1341 1390 1590 1437 adroqamiam
1629 1396 1663 1426 et

942 1440 1133 1474 avariciam
1158 1442 1324 1474 exuerat.-
1351 1439 1437 1474 dicit
1454 1438 1660 1486 Agricolam

941 1489 1030 1522 vitia
1069 1488 1198 1534 quibus
1242 1490 1354 1523 ceteri
1395 1489 1659 1532 provinciarum

940 1536 1125 1581 praesides
1155 1537 1367 1583 plerumque
1401 1536 1575 1581 implicati
1601 1540 1660 1570 te-

940 1585 1135 1629 nebantur,
1178 1596 1199 1620 a
1245 1596 1284 1619 se
1322 1585 1448 1630 procul
1489 1583 1659 1620 habuisse

939 1645 1058 1679 neque
1083 1644 1238 1680 unquam
1265 1633 1473 1677 admisisse3
1500 1633 1564 1669 sed
1589 1633 1659 1668 hoc

939 1684 1053 1727 ipsum
1084 1684 1137 1717 sic
1163 1682 1327 1718 elocutus
1354 1686 1420 1726 est,
1448 1686 1487 1716 ut
1507 1687 1659 1718 senten-

939 1733 988 1766 tia
1019 1730 1157 1775 subsit,
1199 1731 1308 1765 variis
1333 1730 1515 1765 bominum
1541 1741 1658 1778 genc-

938 1779 1036 1813 ribus
1063 1785 1161 1815 certa
1173 1780 1263 1815 vitia
1276 1778 1548 1823 adhaerescere,
1564 1788 1657 1825 quae

938 1829 1080 1863 virtutis
1108 1828 1258 1863 studiosi
1296 1838 1341 1862 ex
1377 1829 1495 1862 animo
1530 1827 1654 1862 delere

939 1882 974 1911 et
1001 1877 1180 1922 extirpare
1210 1876 1363 1911 soleant.
1426 1875 1578 1911 Perinde
1605 1874 1654 1910 Vl

938 1926 1014 1961 25:
1059 1925 1259 1972 Agrippina
1291 1947 1337 1952 —
1370 1924 1529 1960 virilibus
1563 1924 1658 1959 curis

936 1974 1150 2019 seminarum
1174 1975 1262 2009 vitia
1294 1979 1451 2008 exuerat.

1010 2067 1247 2112 integritatem
1281 2073 1383 2112 atque
1409 2066 1654 2101 abstinentiam

937 2135 981 2141 —
997 2117 1130 2159 suerit.-
1156 2115 1400 2159 deprehende,
1427 2114 1553 2157 lector,
1584 2113 1653 2148 ho-

936 2163 1066 2197 minem
1105 2163 1296 2201 delicatum
1331 2165 1391 2209 qui
1430 2163 1578 2197 offendit
1615 2164 1652 2196 in

935 2211 1056 2245 verbis
1083 2213 1244 2256 proxime
1282 2211 1527 2256 superioribus
1560 2222 1651 2245 ava-

935 2260 1056 2294 ritiam
1102 2267 1277 2295 exuerat.-
1336 2260 1510 2295 avaritiae
1557 2261 1651 2294 enim

937 2310 1113 2343 contraria
1140 2314 1193 2343 est
1219 2310 1405 2355 inteyritas
1438 2314 1540 2353 atque
1566 2308 1650 2349 abs-

935 2357 1094 2391 tinentia.
1159 2357 1352 2392 Annotatio
1379 2356 1649 2402 reprehenden-

934 2406 979 2438 tis
1016 2406 1101 2439 olim
1145 2406 1181 2439 in
1225 2408 1387 2453 margine
1429 2405 1649 2455 ἀρχετύπου

933 2454 1050 2496 posita
1083 2465 1102 2487 a
1128 2456 1298 2497 proximis
1332 2454 1460 2489 scribis
1494 2455 1530 2487 in
1562 2464 1648 2488 ver-

931 2501 1057 2534 borum
1102 2507 1305 2536 contextum
1343 2513 1407 2547 per
1440 2502 1647 2546 impruden-

931 2550 1015 2583 tiam
1042 2555 1186 2594 recepta
1213 2555 1277 2584 cst.
1313 2550 1467 2594 '1¹acitus,
1495 2549 1647 2594 simplex

932 2602 966 2631 et
991 2608 1110 2641 verus,
1139 2599 1182 2632 ab
1202 2599 1376 2633 eiusmodi
1397 2598 1541 2634 fastidio
1562 2597 1645 2632 lon-

931 2657 976 2691 ge
1005 2646 1117 2689 abest,
1145 2649 1338 2692 praecipue
1366 2647 1435 2681 hoc
1461 2647 1556 2690 loco,
1583 2646 1644 2681 ubi

930 2695 958 2727 si
985 2695 1053 2728 ista
1091 2695 1316 2740 scripsisset,
1362 2694 1645 2740 reprehenderet

930 2743 1023 2786 quod
1063 2744 1167 2778 modo
1212 2744 1412 2779 admiserat.
1476 2745 1643 2790 Magnum

929 2790 1152 2826 emblematis
1186 2792 1295 2827 alieni
1338 2795 1479 2839 signum
1517 2792 1642 2836 peritis

929 2840 1034 2873 etiam
1062 2841 1173 2874 verba
1209 2841 1247 2873 in
1280 2847 1376 2875 lanto
1414 2842 1490 2875 viro
1517 2844 1641 2874 osten-

928 2886 1035 2930 dent;
1070 2889 1149 2932 ipse
1184 2888 1278 2922 haud
1309 2889 1416 2923 dubie
1442 2889 1640 2933 scripturus

926 2934 1021 2971 fuit:
1058 2937 1293 2986 inteqritatem
1332 2943 1434 2985 atque
1457 2937 1638 2975 abstinen-
