1768 3216
201 223 278 259 4ιο

516 488 993 541 ADDITAMENTVM
1034 489 1115 538 AD
1144 489 1207 538 fl.
1243 490 1299 538 lv
1336 493 1379 538 3.

234 628 510 674 ltttPEva
542 595 893 671 vusrAfflANo
923 624 974 668 A.
1007 628 1064 668 69
1094 625 1130 667 A
1162 624 1286 668 eun.
1316 625 1672 669 nucnssrvmu

349 783 373 811 at<
407 783 431 810 ss
464 782 489 811 *
549 770 752 811 soedusve
794 781 887 810 cum
929 767 1075 822 quibus
1107 767 1221 809 volet
1260 766 1402 809 facere
1440 766 1598 818 liceat,
1646 765 1701 809 ita

204 849 262 889 uti
307 847 421 889 licuit
451 846 547 888 divo
579 845 785 900 Augusto,
818 843 984 885 Tiberio
1017 842 1118 885 lulio
1151 842 1322 885 Caesari
1353 842 1543 902 Augusto
1574 839 1702 882 'ribe-

204 924 351 978 rioque
375 922 545 964 Claudio
573 920 743 962 Caesari
775 919 966 974 Augusto
998 918 1274 961 Germanico:

319 997 459 1050 utique
492 995 529 1036 ei
561 998 748 1037 senatum
781 993 962 1046 habere,
996 993 1243 1035 relationem
1277 991 1441 1044 facere,
1474 991 1700 1043 remittere,

208 1077 374 1116 senatus
408 1070 595 1113 consulta
626 1082 702 1123 per
730 1068 976 1111 relationem
1001 1068 1386 1121 discessionemque
1406 1065 1701 1117 facereiiceat,

208 1148 261 1188 ita
296 1148 351 1188 uti
386 1146 500 1187 licuit
531 1145 628 1187 divo
668 1143 888 1198 AugustO,
931 1142 1098 1184 Tiberio
1139 1141 1241 1182 Iulio
1285 1140 1455 1183 Caesari
1493 1140 1701 1195 Augusto,

207 1222 371 1265 Tiberio
406 1220 578 1264 Claudio
610 1219 782 1261 Caesari
812 1219 1005 1274 Augusto
1043 1217 1317 1259 Germanico:
1373 1264 1381 1268 ,

318 1297 458 1350 utique
491 1308 583 1336 cum
615 1308 668 1336 ex
697 1294 910 1336 voluntate
931 1292 1273 1343 auctoritatem,
1307 1290 1422 1332 iussu
1453 1289 1703 1332 mandatuve

208 1372 296 1413 eius
327 1374 603 1425 praesenteve
635 1381 685 1411 eo
725 1373 893 1411 senatus
934 1367 1184 1419 habebitur,
1232 1365 1415 1407 omnium
1459 1377 1598 1407 rerum
1638 1365 1702 1406 ius

206 1446 380 1502 perinde
413 1445 626 1499 habeatur,
659 1448 863 1496 servetur,
895 1455 944 1484 ac
975 1443 1011 1485 si
1036 1455 1058 1484 e
1084 1441 1179 1497 lege
1209 1444 1377 1483 senatus
1410 1439 1570 1482 edictus
1595 1443 1707 1482 esset

206 1521 533 1574 habereturque:
936 1510 938 1512 ’

319 1596 474 1652 utique,
508 1607 610 1651 quos
643 1594 942 1650 magistratum,
974 1595 1237 1647 potestatem,
1270 1590 1487 1645 imperium
1518 1589 1706 1631 curatio-

207 1683 357 1712 nemve
386 1671 502 1712 cuius
534 1671 597 1711 rei
627 1673 815 1723 petentes
859 1667 1026 1711 senatui
1066 1666 1303 1720 populoque
1351 1666 1539 1706 Romano
1587 1675 1707 1705 com-

208 1745 467 1788 mendaverit
488 1746 718 1800 quibusque
737 1743 1082 1798 suffragationem
1107 1754 1223 1784 suam
1242 1740 1419 1793 dederit,
1451 1739 1704 1794 promiserit,

209 1833 351 1862 corum
386 1820 563 1861 comitiis
595 1820 824 1873 quibusque
856 1823 972 1859 extra
1004 1817 1193 1859 ordinem
1225 1815 1331 1858 ratio
1365 1814 1592 1856 habeatur:

324 1895 463 1948 utique
492 1895 530 1935 ei
563 1894 665 1935 fines
694 1893 892 1947 promerii
922 1892 1129 1946 proferre,
1163 1889 1429 1944 promovere,
1462 1901 1553 1930 cum
1585 1899 1637 1928 ex
1660 1899 1707 1928 re

206 1969 371 2023 publica
405 1968 592 2009 censebit
631 1979 748 2019 esse,
795 1967 921 2008 liceat
964 1966 1019 2007 ita
1060 1965 1118 2005 uti
1166 1964 1282 2005 licuit
1325 1963 1491 2005 Tiberio
1535 1961 1707 2003 Claudio

209 2042 380 2085 Caesari
411 2042 599 2097 Augusto
635 2041 915 2083 Germanico:

322 2117 476 2170 utique,
511 2128 782 2170 quaeeunque
813 2128 864 2156 ex
894 2126 972 2156 usu
1003 2112 1287 2167 reipublicae,
1331 2110 1547 2152 maiestate
1595 2107 1708 2149 divi-

209 2205 379 2244 narum,
421 2192 722 2242 humanarum,
763 2180 1018 2244 publicarum
1051 2187 1385 2241 privatarumque
1432 2196 1571 2226 rerum
1614 2194 1708 2224 esse

212 2267 413 2318 censebit,
448 2267 486 2307 ei
517 2278 644 2320 agere
675 2266 816 2307 facere
846 2265 908 2305 ius
939 2267 1207 2317 potestasque
1238 2262 1292 2303 sit
1323 2261 1377 2301 ita
1407 2260 1466 2301 uti
1498 2258 1594 2299 divo
1619 2257 1710 2298 Au-

155 2328 158 2332 ’
211 2327 332 2396 gusto
381 2340 632 2394 Tiberioque
673 2339 775 2380 lulio
809 2338 979 2379 Caesari
1018 2338 1208 2392 Augusto
1252 2335 1502 2387 Tiberioque
1535 2332 1707 2374 Claudio

213 2415 385 2458 Caesari
415 2414 605 2469 Augusto
639 2414 887 2455 Germanico
922 2413 1021 2454 suit:

280 2573 311 2606 1.
337 2571 444 2617 'l'ypis
472 2581 678 2616 expressum
707 2576 761 2604 est
787 2582 806 2604 a
833 2570 926 2603 Gru-

211 2625 288 2655 tero
315 2631 350 2666 p.
375 2622 466 2662 242,
495 2630 515 2653 a
555 2619 718 2653 Broterio
754 2620 790 2652 in
824 2618 926 2652 Notis

213 2674 248 2703 et
273 2667 593 2703 Emendationihus
619 2667 662 2702 ad
681 2667 792 2701 Taciti
811 2667 851 2700 H.
878 2666 925 2700 1v

212 2718 247 2760 6,
277 2717 501 2763 quiscribit:
524 2716 622 2759 ‘Lex‚
653 2727 757 2760 quac,
788 2716 926 2758 Vespa-

214 2767 314 2799 siano
358 2766 545 2810 imperium
585 2769 816 2809 capessente,
856 2763 928 2797 lata

215 2819 281 2857 est,
307 2825 390 2848 aere
418 2815 543 2856 incisa,
570 2813 704 2848 Romae
729 2813 841 2846 ruinis
869 2812 928 2846 diu

216 2862 340 2896 obruta
382 2864 560 2905 iacuerat,
607 2872 687 2895 cum
725 2872 806 2906 pars
850 2862 927 2895 eius

217 2912 544 2954 praestantissima,
592 2911 760 2956 quoniam
802 2911 838 2943 in
887 2919 930 2942 ea

218 2958 362 2993 Sanctio
403 2956 636 2993 contineatur'
687 2959 931 3004 (continetur)

991 2568 1152 2610 ‘effossa‚
1181 2567 1330 2611 primum
1358 2567 1393 2599 in
1419 2564 1583 2598 Ecclesia
1604 2563 1711 2598 Late-

996 2617 1139 2650 ranensi
1186 2625 1297 2659 prope
1340 2612 1608 2648 tabernaculum
1649 2612 1710 2646 SS.

998 2665 1165 2708 Corporis
1208 2663 1341 2697 Christi
1377 2662 1484 2696 affixa
1518 2666 1594 2704 est,
1630 2670 1712 2694 mox

998 2715 1034 2747 in
1061 2713 1168 2746 aedes
1197 2711 1415 2756 Capitolinas
1441 2710 1623 2752 translata,
1651 2709 1711 2742 ubi

998 2772 1092 2795 nunc
1144 2762 1237 2794 inter
1290 2760 1439 2806 egregia
1489 2758 1712 2804 antiquitatis

999 2815 1227 2844 monumenta
1254 2809 1476 2843 adservatur.
1503 2806 1615 2849 Quam
1634 2817 1712 2840 cum

999 2859 1046 2893 ibi
1075 2858 1246 2900 viderim,
1274 2858 1372 2891 iuvat
1401 2867 1478 2890 eam
1503 2855 1611 2900 paulo
1650 2866 1713 2889 ac-

1002 2908 1239 2948 curatiorem,
1286 2916 1388 2950 quam
1430 2916 1449 2938 a
1488 2904 1637 2939 Grutero
1666 2925 1711 2931 —

1004 2955 1099 2990 edita
1124 2960 1177 2990 est
1202 2953 1495 3000 repraesentare'.
