1768 3216
127 227 150 262 ει
174 216 216 254 G..
241 218 301 256 69.
327 245 330 248 .
645 217 781 254 LIBER
805 218 833 256 1.
887 218 975 255 Cu.
1002 217 1159 255 55—56.
1592 219 1641 253 63

128 336 332 388 Quattuor
366 336 633 381 centuriones
662 335 1019 380 duoetvicesimae
1053 336 1259 393 legionis,
1305 334 1465 379 Nonius
1496 334 1637 378 Rece-

125 412 468 467 ptus,Donatius
499 411 667 465 Valens,
700 411 900 454 Romilius
930 412 1170 466 Marcellus,
1202 411 1450 467 Calpurnius
1468 410 1641 466 Repen-

125 487 263 541 tinus,
297 501 389 531 cum
418 491 690 543 protegerent
721 487 878 530 Galbae
909 487 1140 543 imagines,
1173 491 1327 542 lmpetu
1356 487 1529 529 militum
1560 486 1640 529 ab-

126 563 235 617 repti
262 564 487 618 vinctique.
548 564 635 607 Nec
667 563 859 617 cuiquam
893 563 999 606 ultra
1031 563 1134 606 fides
1169 568 1239 606 aut
1258 563 1460 606 memoria
1480 562 1640 617 prioris

127 638 394 692 sacramenti,
423 638 500 682 sed
519 638 629 693 quod
652 639 695 680 in
714 638 992 681 seditionibus
1015 638 1183 693 accidit,
1203 638 1316 682 unde
1339 638 1478 693 plures
1505 640 1639 691 erant,
1654 644 1674 676 s

130 724 275 760 omues
305 714 438 758 fuere.

262 788 396 832 Nocte
427 799 533 843 quae
564 787 766 831 kalendas
798 788 1013 831 lanuarias
1045 792 1189 831 secuta
1222 793 1308 842 est,
1357 789 1400 831 in
1432 787 1641 831 coloniam

127 861 481 918 Agrippinensem
532 863 727 918 aquilifer
783 868 955 919 quartae
1006 863 1189 919 legionis
1243 863 1425 918 epulanti
1474 862 1641 906 Vitellio

125 937 288 980 nuntiat
317 942 503 992 quartam
535 942 576 980 et
606 938 976 981 duoetvicesimam
1007 938 1215 993 legiones,
1246 938 1448 993 proiectis
1480 937 1641 981 Galbae

132 1012 412 1070 imaginibus,
455 1013 498 1055 in
530 1018 698 1056 senatus
733 1027 783 1056 ac
808 1014 949 1069 populi
980 1014 1156 1056 Romani
1186 1014 1317 1056 verba
1357 1014 1533 1056 iurasse.
1597 1012 1643 1055 ld
1657 1021 1694 1052 ιο

130 1092 436 1134 sacramentum
478 1088 602 1131 inane
648 1088 806 1130 visum:
849 1089 1048 1143 occupari
1098 1093 1307 1132 nutantem
1354 1089 1561 1131 fortunam
1603 1091 1645 1130 et

129 1162 274 1208 offerri
300 1163 532 1222 principem
561 1163 729 1218 placuit.
789 1164 906 1206 Missi
936 1177 959 1206 a
990 1164 1157 1207 Vitellio
1192 1164 1245 1206 ad
1284 1163 1479 1219 legiones
1519 1163 1643 1219 lega-

127 1240 278 1293 tosque
307 1237 378 1292 qui
408 1237 643 1280 descivisse
678 1251 702 1280 a
736 1237 866 1280 Galba
897 1238 1157 1292 superiorem
1199 1239 1428 1281 exercitum
1470 1238 1643 1281 nuntia-

127 1315 242 1353 rent:
282 1312 462 1366 proinde
502 1316 571 1354 aut
610 1311 848 1354 bellandum
890 1313 1092 1355 adversus
1140 1313 1429 1356 desciscentes
1461 1317 1553 1367 aut,
1603 1313 1641 1354 si

130 1386 360 1429 concordia
393 1389 435 1429 et
461 1398 544 1441 pax
573 1386 752 1441 placeat,
785 1387 1024 1430 faciendum
1056 1388 1350 1443 imperatorem
1361 1401 1373 1441 3
1406 1391 1447 1430 et
1477 1388 1640 1430 minore
1656 1399 1694 1430 ιε

268 1489 646 1526 1.duoetviucensimae
672 1489 736 1526 Ma.
789 1492 824 1527 3.
854 1491 989 1526 abrecti
1013 1490 1087 1526 Ma:
1121 1491 1149 1526 G
1175 1492 1323 1538 abrepti.

130 1537 159 1573 G
182 1538 287 1574 unde.
363 1540 396 1574 7.
426 1539 487 1574 ΚΖ.
517 1550 597 1574 cum
623 1540 687 1576 lin.
715 1545 848 1575 transv.
878 1539 944 1575 Ma.

130 1599 176 1622 ac
200 1588 267 1632 Ma,
297 1593 330 1623 et
356 1587 396 1623 G.

1386 1492 1419 1527 5.
1449 1491 1536 1526 Inde
1561 1489 1641 1526 Ma:

1021 1540 1056 1575 9.
1085 1540 1416 1576 duoetvicensimam
1439 1539 1505 1575 Ma.
1582 1541 1640 1577 10.

131 1677 262 1713 tannia
287 1675 473 1721 Galliaque
499 1699 542 1706 --
570 1676 712 1711 auoeilia
736 1677 846 1712 Vitel-

132 1725 201 1760 lius
225 1726 431 1767 acciverat3
470 1736 501 1759 c.
530 1726 578 1761 29
604 1737 680 1759 cum
705 1748 752 1753 —
781 1727 852 1760 tela

133 1774 303 1809 testudine
329 1773 552 1817 laberentur,-
578 1773 621 1808 H.
641 1774 729 1810 v22
755 1786 852 1808 com-

919 1676 1053 1711 lutatus
1089 1682 1169 1721 est,
1214 1687 1284 1722 quo
1320 1678 1459 1712 nuntio·
1486 1681 1637 1721 accepto

920 1727 1065 1760 tertium
1102 1736 1216 1759 nonas
1250 1726 1432 1760 lanuarias
1475 1727 1642 1771 superior

921 1775 1102 1808 exercitus
1137 1774 1181 1808 ad
1207 1779 1326 1819 partes
1361 1776 1438 1809 eius
1474 1776 1642 1811 accessit.

132 1829 267 1859 meatus
294 1821 416 1857 Gallia
451 1822 692 1857 adventantes.
749 1823 853 1865 Quod

132 1872 261 1907 vitium
286 1872 423 1907 inserta
439 1872 708 1916 praepositione
737 1885 766 1913 e,
794 1872 854 1906 hic

133 1925 172 1955 ut
195 1920 278 1955 aliis
312 1919 404 1954 locis
439 1925 493 1954 sat
527 1920 649 1954 multis
683 1920 855 1967 neglecta

134 1968 202 2014 (cf.
229 1967 338 2006 11153
363 1973 400 2004 et
426 1969 469 2003 H.
497 1968 571 2004 141
602 1980 642 2003 re
665 1969 760 2014 publ.
788 1979 852 2014 pro

135 2028 153 2051 e
179 2028 220 2052 re
243 2016 375 2064 pust),
399 2017 688 2052 'describentium
718 2019 856 2063 impru-

133 2066 267 2111 dentia,
293 2065 493 2101 tollendum
516 2067 654 2111 putavi.

208 2162 295 2208 Cap.
327 2163 386 2199 56.
440 2169 543 2198 nocte
571 2175 659 2209 quae
684 2162 856 2198 kalendas

136 2210 472 2250 Ianuariassecuta
497 2219 569 2247 est.-
591 2211 683 2246 haec
710 2217 746 2246 et
763 2223 855 2257 quae

139 2271 172 2295 c.
201 2260 246 2296 57
273 2266 471 2306 sequuntur
496 2262 527 2295 si
555 2261 856 2304 consideraveris,

136 2310 333 2353 superioris
356 2309 536 2344 exercitus
562 2309 728 2354 legiones
745 2321 856 2354 quar-

137 2363 209 2394 tam
234 2362 344 2403 atque
369 2357 672 2391 duoetvicesimam
697 2367 768 2391 non
796 2357 857 2391 ul-

136 2409 192 2439 tra
217 2405 388 2450 oppidum
406 2406 637 2440 Confluentes
663 2407 701 2439 in
730 2405 857 2440 biber-

136 2454 194 2488 nis
229 2459 317 2488 tunc
351 2453 490 2491 locatas
533 2454 669 2498 fuisse,
710 2455 858 2488 minime

139 2507 259 2538 autem
296 2503 518 2549 Mogontiaci
559 2504 728 2548 primario
766 2503 857 2537 Ger-

138 2552 280 2587 maniae
306 2553 502 2596 superioris
525 2552 657 2596 oppido
678 2551 858 2586 tetendis-

140 2610 194 2643 se,
218 2605 259 2634 ut
283 2600 388 2634 multi
415 2602 627 2645 opinantur,
656 2599 857 2646 intelliges.

139 2647 228 2682 Nam
253 2648 418 2683 kalendis
443 2649 617 2683 Ianuariis
653 2649 783 2683 seditio
822 2651 859 2682 in

140 2697 329 2742 superiore
363 2699 525 2732 exercitu
560 2698 677 2742 erupit
711 2702 748 2731 et
773 2707 859 2741 pro-

141 2746 239 2780 xima
269 2750 377 2780 nocte
417 2745 586 2791 aquilifer
620 2751 767 2791 quartae
802 2745 860 2779 le-

144 2793 276 2838 gionis,
304 2795 364 2839 qui
387 2795 465 2838 ipse
493 2794 719 2836 interfuerat,
747 2793 860 2827 Colo-

144 2841 239 2874 niam
256 2842 559 2887 Agrippinensem
586 2843 750 2876 nuntium
766 2842 860 2876 tulit.

143 2887 214 2922 Die
241 2895 409 2934 postero,
446 2891 481 2925 h.
515 2902 546 2925 e.
573 2891 622 2925 IV
657 2900 769 2924 nonas
802 2890 862 2924 Ia-

148 2937 315 2981 nuarias,
345 2939 515 2974 Vitellius
545 2938 719 2974 Coloniae
744 2940 862 2983 impe-

145 2989 242 3022 rator
270 2985 315 3022 ab
341 2987 514 3025 inferiore
542 2989 705 3024 exercitu
730 2997 862 3024 consa-

922 1823 1021 1857 Haec
1047 1827 1086 1856 ut
1112 1822 1190 1857 fieri
1216 1828 1392 1868 possent,-
1430 1825 1544 1858 maius
1581 1825 1642 1858 in-

920 1871 1111 1906 tervallum
1148 1882 1252 1917 quam
1293 1882 1363 1917 quo
1409 1872 1641 1908 Confluentes

922 1925 957 1954 et
971 1919 1123 1954 Colonia
1153 1920 1406 1955 discernuntur
1427 1920 1542 1974 (11γ2
1558 1921 1643 1955 mil-

920 1969 1070 2003 liaribus
1099 1969 1357 2015 geographicis
1381 1975 1446 2005 eae
1471 1971 1641 2005 civitates

921 2017 1053 2052 distant
1078 2019 1157 2052 sive
1183 2020 1323 2062 spatio,
1352 2019 1448 2064 quod
1473 2019 1643 2065 peregri-

920 2071 1023 2101 nator
1059 2068 1100 2102 17
1129 2066 1227 2102 horis
1253 2067 1407 2112 pedibus
1440 2070 1642 2115 emetitur),

923 2126 1003 2150 esse
1029 2125 1101 2149 non
1132 2117 1272 2159 potuit,
1299 2117 1362 2151 sed
1389 2117 1507 2151 minus
1534 2118 1644 2151 etiam

918 2175 1003 2198 vesse
1029 2166 1159 2208 potuit.
1185 2164 1310 2210 Itaque
1336 2170 1436 2199 recte
1456 2167 1565 2200 statui
1584 2166 1644 2199 vi-

926 2213 1042 2255 detur,
1070 2213 1283 2248 Germaniae
1309 2215 1508 2258 superioris
1535 2219 1571 2249 et
1584 2215 1645 2248 in-

923 2261 1067 2295 ferioris
1095 2262 1251 2296 confinia
1278 2262 1388 2296 fluvio
1403 2263 1516 2297 Arare
1531 2263 1644 2308 (Aur)

924 2311 1003 2344 sive
1033 2309 1190 2344 Obrinca
1216 2310 1372 2345 discreta
1396 2311 1512 2345 fuisse
1531 2337 1542 2354 ,
1584 2312 1646 2356 qui

925 2369 945 2392 a
971 2358 1243 2393 Confluentihus
1269 2360 1468 2404 superioris
1495 2359 1657 2394 Germa-

925 2408 1008 2441 niae
1036 2407 1184 2441 civitate
1209 2408 1283 2455 4³7⁴
1308 2408 1523 2442 milliaribus
1551 2418 1645 2453 geo-

926 2456 1121 2502 graphicis,
1149 2467 1169 2489 a
1193 2455 1319 2490 Bonna
1345 2457 1527 2491 inferioris
1554 2456 1646 2491 Ger-

925 2505 1066 2538 maniae
1092 2504 1225 2549 oppido
1252 2502 1325 2559 3¹s4
1350 2505 1567 2540 milliaribus
1589 2505 1647 2539 di-

926 2557 1023 2587 stans
1040 2563 1152 2597 prope
1165 2553 1370 2588 Sentiacum
1383 2555 1537 2600 (Sinziy)
1547 2553 1648 2588 Rhe-

926 2612 1010 2635 num
1028 2601 1159 2636 influit.
1180 2601 1283 2636 Hunc
1299 2603 1393 2636 enim
1413 2603 1527 2637 fuisse
1541 2611 1648 2647 quem

926 2651 1016 2684 mire
1058 2651 1261 2697 Ὀβρίγκαν
1306 2655 1317 2695 (
1338 2650 1571 2696 Oberrhm?)
1614 2653 1650 2682 et

927 2699 1116 2743 utriusque
1128 2699 1339 2733 Germaniae
1354 2701 1544 2733 terminum
1561 2697 1648 2731 Pto-

931 2747 1091 2781 lemaeus
1117 2747 1277 2792 appellat
1303 2747 1375 2781 119
1401 2748 1436 2788 ὃ.
1455 2747 1500 2781 14
1527 2751 1563 2779 et
1593 2745 1649 2788 17,

930 2805 1004 2829 non
1030 2795 1190 2829 invalida
1212 2796 1371 2838 suspicio
1398 2799 1462 2827 est.
1516 2794 1651 2828 Rerum

930 2843 1147 2887 scriptores,
1176 2844 1236 2887 qui
1264 2843 1308 2876 de
1336 2842 1525 2876 Germania
1551 2842 1649 2876 infe-

930 2893 1024 2924 riore
1064 2897 1100 2925 et
1126 2892 1312 2933 superiore
1348 2890 1391 2924 ab
1423 2891 1588 2937 Augusto
1614 2890 1652 2924 in

931 2941 1077 2973 sinistra
1101 2938 1278 2986 (Gallica)
1305 2938 1424 2973 Rheni
1455 2941 1534 2986 ripa
1561 2949 1652 2974 con..

931 2989 1056 3024 stituta
1082 2987 1258 3033 referunt,
1284 2986 1329 3023 de
1356 2987 1487 3025 finibus
1515 2989 1651 3026 utrius-
