1768 3216
174 237 254 274 -156
824 234 1086 271 AGRIGOLAE

175 355 249 396 tui.
313 354 354 396 Si
384 353 473 406 quis
505 353 664 406 piorum
695 353 883 395 manibus
916 353 1058 405 locus,
1090 354 1140 407 si,
1174 358 1222 396 ut
1246 354 1500 409 sapientibus
1522 356 1743 411 placet,46

173 441 262 470 non
301 440 390 469 cum
427 439 604 482 corpore
635 429 929 484 extinguuntur
956 441 1132 484 magnae
1159 429 1336 482 animae,
1371 430 1536 484 placide
1553 433 1674 486 quie-

176 514 287 554 scas,
319 514 493 556 nosque,
526 502 691 544 domum
724 507 834 544 tuam
865 503 915 545 ab
947 503 1109 545 infirmo
1142 503 1355 546 desiderio
1387 509 1429 546 et
1457 505 1674 548 muliebri-

174 576 253 619 -bus
284 576 473 618 lamentis
505 576 557 618 ad
587 577 975 631 contemplationem
996 578 1189 619 virtulum
1213 582 1373 620 tuarum
1393 590 1538 632 voces,
1571 591 1673 634 quas

140 663 314 705 sueque
345 651 478 705 lugeri
511 663 646 704 neque
676 652 816 706 plangi
851 652 911 693 sas
942 655 1016 693 est.
1061 651 1349 694 Admiratione
1381 657 1422 695 te
1450 653 1601 707 potius,
1633 658 1674 696 te

175 725 474 768 immortalibus
505 725 693 767 laudibus
726 730 779 778 et,
812 727 848 768 si
882 731 1025 768 natura
1056 727 1310 780 suppeditet,
1358 728 1563 770 aemulata
1593 728 1673 772 de·-

175 802 425 844 corabimus.
477 802 513 843 Is
544 814 668 843 verus
693 802 844 854 honos,
877 815 924 844 ea
949 802 1280 844 coniunctissimi
1305 802 1504 857 cuiusque
1523 804 1670 858 pietas.

174 876 218 918 ld
249 876 357 918 filiae
388 888 550 930 quoque
579 877 784 930 uxorique
814 877 1114 930 praeceperim,
1149 876 1211 918 sic
1241 877 1396 931 patriS,
1441 877 1505 920 sio
1535 878 1670 920 mariti

174 951 414 993 memoriam
445 951 664 1003 venerari,
696 955 740 991 ut
771 952 909 992 omnia
941 951 1049 992 sacta
1079 951 1271 1006 dictaque
1302 952 1392 994 eius
1423 963 1566 994 secum
1595 965 1668 994 re-

268 1105 301 1138 5.
328 1104 561 1138 admiratione
587 1125 631 1131 —
659 1106 913 1151 decorubimus]
948 1104 1181 1138 admiratione
1215 1110 1247 1138 te
1273 1105 1387 1150 potius
1417 1115 1518 1149 quam
1542 1116 1666 1139 aernu-

172 1151 304 1190 latione
331 1153 530 1187 decoremus
557 1153 670 1188 codex
698 1154 826 1191 Ursini.

173 1211 233 1234 ces
259 1202 513 1247 temporalibus.

171 1248 347 1292 teolanus,
375 1249 517 1285 incultum
552 1252 594 1284 A.

171 1307 257 1343 uuS,
291 1298 489 1333 decoremus
517 1298 638 1347 vulgo.

167 1420 273 1455 situm
296 1420 405 1454 fuisse
433 1432 450 1454 a
471 1421 673 1455 Domitiano
704 1432 765 1465 per
793 1432 883 1455 con-

168 1470 341 1504 iecturani
370 1469 504 1515 colligo
539 1482 583 1503 cx
617 1470 735 1504 verbis
765 1471 805 1503 ΙΙ.
834 1471 881 1504 lv

167 1518 234 1553 83:
271 1519 367 1563 oriqo
398 1519 453 1552 clei
483 1519 635 1552 nondum
661 1520 789 1552 uostris
814 1530 882 1552 au-

170 1566 320 1600 ctoribus
367 1567 543 1601 celebrata
566 1579 578 1600 .·
633 1567 882 1613 Aeyyptiorum

169 1615 339 1649 antistites
368 1617 418 1649 sic
444 1622 660 1658 uicinorum,
694 1621 762 1649 cet.
813 1616 883 1650 Sed

169 1663 369 1707 praeseclus
411 1665 567 1710 Aegypti
602 1666 630 1697 si
668 1675 753 1698 vere
791 1665 879 1707 fuit,

169 1716 268 1746 extra
294 1712 453 1746 ordinem
489 1724 530 1746 ea
568 1713 753 1756 provincia
782 1724 882 1746 com-

168 1761 274 1794 missa
303 1767 377 1794 est:
417 1772 494 1795 nam
529 1761 638 1807 vulgo
677 1762 881 1807 Aegyptum

168 1810 307 1854 equites
335 1810 503 1851 Romani,
539 1820 610 1843 non
638 1811 706 1843 viri
734 1815 882 1843 senato-

166 1858 222 1899 rii,
249 1857 469 1901 obtinebant,
498 1858 541 1891 de
569 1869 639 1902 quo
668 1857 749 1903 lege
769 1857 799 1891 ΙΙ
823 1859 880 1893 59.

241 2001 327 2044 Cap.
349 2002 407 2036 46.
435 2001 668 2035 admiratione
696 2008 726 2036 te
752 2003 879 2047 potius,

167 2053 199 2082 ce
224 2049 473 2083 immortalibus
499 2048 670 2091 laudibus,
698 2056 729 2084 et
755 2052 786 2083 si
812 2062 880 2083 na-

168 2101 248 2130 tura
276 2098 489 2142 suppeditet,
527 2097 704 2131 aetmtlatu
730 2098 880 2131 decora-

167 2144 303 2179 hirnus.-
341 2146 488 2179 sortnam
526 2146 770 2191 temporalibus
796 2172 805 2188 ,
843 2151 880 2178 ut

167 2198 220 2226 est
247 2195 282 2226 in
309 2193 409 2227 libris
445 2195 586 2238 scriptis
621 2199 656 2227 et
683 2194 787 2228 editis
814 2205 880 2227 an-

165 2242 285 2286 tiquis,
314 2242 456 2276 resolve
483 2248 514 2276 te
539 2242 779 2289 mporalibus,
807 2247 879 2276 tuni

163 2290 290 2334 supple
321 2292 334 2324 i
359 2291 563 2334 absorptum
597 2302 617 2324 a
643 2297 674 2325 te
703 2294 878 2337 (impora-

164 2337 266 2384 libus)
319 2344 354 2373 ct
388 2339 547 2373 adhibita
591 2340 695 2373 unius
737 2340 878 2374 litterae

165 2388 388 2421 correctione
423 2388 581 2422 rescribe
612 2388 875 2423 immortalibus.

165 2435 223 2469 Sic
262 2436 329 2470 iam
358 2436 509 2479 Lipsius.
564 2436 786 2470 Pronominis
819 2448 878 2470 re-

165 2484 291 2527 petitio
320 2485 352 2517 in
383 2484 463 2517 loco
487 2485 634 2518 affectus
659 2485 765 2528 pleno
793 2496 878 2529 per-

163 2536 245 2575 apta
272 2537 337 2565 est.
402 2533 479 2566 Mox
506 2534 542 2565 in
569 2533 753 2567 codicibus
782 2534 879 2567 mili-

163 2585 234 2614 tum
260 2585 295 2613 et
322 2581 461 2613 multum
501 2580 583 2614 inde
610 2586 749 2623 natum,
784 2581 878 2626 quod

163 2628 338 2662 aemulata
369 2629 425 2663 vel
454 2628 605 2662 emulatu
639 2631 674 2662 in
702 2631 877 2673 principio

163 2682 374 2719 truncatum,
401 2679 414 2711 i
439 2678 628 2711 substituta
649 2687 711 2721 pro
730 2689 764 2719 a,
794 2689 877 2722 per-

162 2725 244 2759 inde
260 2731 297 2759 ut
314 2726 325 2759 l
354 2726 400 2761 59
418 2726 592 2760 hominum
615 2736 676 2770 pro
692 2737 875 2759 romanum

166 2775 380 2819 (ruminum),
417 2775 585 2808 remansit
608 2774 743 2817 molitu,
769 2774 876 2819 idque

162 2832 224 2865 pro
251 2822 361 2856 militat
388 2828 446 2856 aut
467 2823 576 2856 ιηιιῑιιῐ
597 2834 676 2857 esse
696 2824 876 2857 recentior

162 2871 278 2904 scriba
296 2871 458 2905 credidit.
473 2872 608 2906 Nomen
625 2873 739 2916 ipsum
751 2882 877 2916 quam-

163 2929 265 2962 quam
296 2919 382 2953 alibi
413 2920 506 2964 apud
531 2919 689 2955 Tacitum
720 2930 789 2953 non
819 2921 876 2953 in-

163 2967 305 3011 venitur
340 2966 428 3014 (vid.
457 2973 576 3003 annot.
618 2969 662 3003 ad
691 2967 771 3011 xm
795 2967 876 3015 46),

933 1160 963 1187 te
990 1152 1240 1186 innam-talibus
1266 1164 1286 1186 a
1313 1153 1433 1198 Lipsio
1463 1158 1540 1188 est:
1568 1153 1670 1188 codi-

651 1203 684 1237 6.
715 1202 892 1236 αεηιιιὶαιιι
919 1202 1104 1235 Heinsius:
1136 1200 1280 1234 militum
1308 1203 1339 1236 Γ
1362 1205 1398 1235 et
1426 1200 1568 1248 (milita)
1596 1201 1669 1238 Pu-

692 1250 931 1284 decorabimus
959 1249 1097 1284 editor:
1125 1250 1328 1284 decoramus
1356 1251 1417 1286 ΓΔ
1438 1254 1474 1285 et
1499 1249 1669 1286 Puteola-

953 1422 1041 1456 nihil
1079 1421 1187 1456 habet
1224 1421 1446 1456 offensionis.
1506 1420 1595 1456 Nam
1631 1425 1670 1455 ut

915 1473 921 1479 ⁸
952 1481 1014 1515 pro
1042 1471 1189 1517 vulgato
1217 1471 1371 1515 tritoque
1405 1469 1583 1504 vocabula
1607 1481 1669 1504 re·-

952 1520 1094 1553 lationis
1125 1519 1238 1565 elegit
1264 1518 1413 1552 relatum
1437 1518 1503 1552 XV
1530 1520 1596 1561 22,
1626 1517 1665 1552 H.

953 1567 963 1601 l
992 1569 1061 1610 30,
1105 1567 1143 1602 G.
1174 1569 1196 1602 3
1227 1567 1293 1612 (cf.
1322 1566 1365 1601 ad
1391 1566 1455 1600 XV
1484 1568 1576 1611 22),
1615 1567 1669 1600 sic

951 1627 1045 1650 nova
1075 1617 1290 1661 conquirens
1325 1626 1419 1649 nunc
1457 1614 1670 1650 aemulatum

952 1675 1014 1709 pro
1044 1664 1278 1699 aemulatione
1305 1663 1458 1698 admisit.
1494 1662 1667 1703 Aemula-

951 1714 1059 1746 tionis
1089 1724 1174 1759 erga
1206 1723 1369 1747 socerum
1407 1721 1667 1746 commemora-

951 1764 999 1795 tio
1027 1763 1210 1808 mitigatur
1236 1761 1345 1795 illatis
1369 1761 1400 1794 si
1428 1765 1559 1794 maura
1583 1771 1667 1806 sup-

949 1811 1089 1856 peditet.
1132 1810 1211 1844 Mox
1238 1810 1456 1851 decoramus,
1486 1813 1524 1841 ut
1549 1813 1603 1843 est
1630 1809 1666 1842 in

951 1858 1135 1892 codicibus
1171 1863 1206 1892 et
1240 1858 1395 1904 antiquis
1437 1856 1666 1900 editionibus,

951 1906 1094 1951 expleta
1122 1906 1238 1940 media
1263 1906 1403 1950 syllaba
1428 1906 1577 1939 restituo
1604 1905 1667 1939 de..

949 1955 1161 1989 eor-abimus.
1191 1955 1293 1996 Quod
1319 1965 1414 1988 nuuc
1435 1953 1546 2000 vulgo
1573 1954 1666 1988 seri-

949 2003 1043 2037 bitur
1070 2004 1293 2045 decoremus,
1323 2013 1368 2036 ex
1395 2001 1519 2036 codice
1549 2001 1666 2038 Ursini

952 2051 994 2084 ab
1023 2051 1219 2084 editoribus
1247 2055 1430 2095 receptum
1462 2055 1528 2084 est.
1594 2048 1667 2084 Ce-

948 2104 1063 2132 terum
1093 2099 1181 2132 haec
1209 2099 1252 2132 de
1277 2109 1316 2132 se
1349 2107 1420 2131 uno
1447 2097 1535 2132 dicit
1559 2097 1663 2131 Taci-

950 2152 1028 2190 tus,
1070 2148 1127 2180 cui
1173 2147 1242 2180 soli
1281 2146 1501 2180 conveniunt
1540 2144 1664 2179 laudes

949 2195 1167 2229 immortales
1195 2200 1230 2229 et
1255 2194 1465 2228 aemulatus.
1527 2193 1666 2228 Laudes

950 2244 1124 2289 cogitavit
1159 2248 1195 2276 et
1228 2243 1447 2288 significavit
1492 2241 1666 2276 eiusmodi

948 2302 1036 2337 quas
1074 2293 1110 2325 in
1146 2290 1211 2325 hac
1249 2292 1323 2324 vita
1361 2295 1396 2325 et
1430 2291 1466 2324 in
1502 2290 1666 2324 Historiis

949 2350 1031 2373 mox
1085 2339 1232 2374 edendis
1285 2338 1532 2384 propositurus
1579 2343 1664 2373 erat.

947 2388 1043 2422 ldem
1072 2389 1191 2434 magni
1221 2388 1288 2421 viri
1320 2388 1466 2432 spiritus
1492 2392 1527 2421 et
1556 2388 1664 2433 inge-

949 2438 1008 2470 nui
1035 2436 1188 2469 hominis
1210 2436 1387 2480 professio
1403 2435 1496 2470 redit
1515 2436 1550 2469 in
1571 2435 1662 2469 fine:

947 2483 1117 2528 Api-icola
1132 2485 1331 2529 posteritati
1345 2489 1514 2518 narratus
1539 2490 1570 2518 et
1586 2490 1666 2518 tra-

948 2533 1037 2566 ditus
1063 2538 1234 2576 superstes
1257 2532 1335 2566 erit.
1363 2532 1419 2565 Ad
1437 2531 1544 2565 filium
1554 2532 1665 2577 Agri-

949 2580 1051 2615 colae
1082 2585 1118 2614 et
1149 2590 1296 2614 uxorem
1333 2580 1369 2613 in
1397 2580 1574 2624 proximis·
1594 2579 1664 2613 Ta-

951 2630 1040 2663 citus
1070 2629 1282 2675 regreditur.

1031 2678 1226 2722 saciemque
1261 2688 1305 2711 ac
1338 2678 1489 2722 figuram
1528 2676 1640 2710 animi
1649 2688 1659 2710 .-

947 2727 1059 2771 sacies
1086 2725 1129 2759 de
1147 2725 1261 2768 vultu,
1285 2726 1402 2770 fiyura
1427 2725 1471 2759 de
1492 2729 1566 2758 tota
1587 2725 1665 2759 for-

948 2785 1005 2807 ma
1039 2775 1147 2807 animi
1190 2773 1363 2818 capienda
1405 2772 1553 2820 (Antlitz
1592 2773 1665 2807 und

951 2823 1084 2857 Gestalt
1115 2822 1172 2856 ‹tes
1198 2822 1357 2868 Geistes).
1422 2821 1575 2856 Restitui
1600 2823 1665 2866 [a-

947 2872 1099 2915 ciemque
1134 2881 1195 2914 pro
1234 2872 1445 2915 famamque,
1476 2869 1570 2915 quod
1597 2880 1665 2903 ue-

947 2930 1016 2964 que
1050 2920 1180 2953 ceteris
1219 2919 1390 2952 convenit
1425 2928 1542 2963 neque
1581 2922 1665 2962 apte

948 2977 1026 3002 cum
1041 2967 1151 3002 verbo
1175 2965 1448 3014 complectantur
1464 2965 1567 3014 iungi
1579 2969 1663 3011 pot-
