1768 3216
159 232 231 269 1⁰72
725 228 785 264 DE
812 227 1043 265 ORATORIB
1051 229 1105 265 VS

158 348 376 392 favorabili
423 351 540 389 natus
588 351 852 401 quaesturam
897 352 964 390 aut
1006 348 1256 390 tribunatum
1309 352 1379 389 aut
1416 351 1655 402 praeturam

158 423 323 476 accepi,
368 434 487 475 quam
520 434 592 464 eos
628 423 776 476 quibus
811 423 910 465 mihi
942 435 1017 477 pro
1049 422 1338 464 mediocritate
1365 421 1485 464 huius
1518 434 1654 476 quan-

158 496 443 550 tulaecumque
474 497 516 537 in
548 497 728 539 dicendo
751 498 957 539 facultatis
980 502 1048 539 aut
1069 510 1186 539 reum
1205 509 1405 551 prospere
1426 496 1653 539 defendere

157 575 225 612 aut
256 570 362 625 apud
394 572 675 614 centumviros
708 585 873 614 causam
906 572 1083 626 aliquam
1112 572 1291 614 feliciter
1322 584 1445 614 orare
1462 575 1531 614 aut
1546 571 1653 626 apud

125 646 385 700 sprincipem
418 647 531 700 ipsos
566 647 659 689 illos
691 647 864 689 libertos
898 652 938 690 et
968 651 1265 701 procuratores
1297 646 1527 701 principum
1546 646 1654 688 tueri

159 725 199 763 et
231 721 460 763 defendere
495 722 627 764 datur.
688 723 787 764 Tum
821 723 919 764 mihi
950 734 1073 776 supra
1105 723 1408 764 tribunatuset
1435 724 1652 776 praeturas

157 800 197 838 et
228 796 466 838 consulatus
495 797 726 839 ascendere
757 797 920 850 videor,
955 801 1036 838 tum
1068 797 1226 838 hahere
1267 797 1393 850 quod,
1425 797 1462 839 si
1493 808 1579 838 non
1610 796 1652 837 in

157 869 293 923 aliquo
348 871 500 922 oritur,
547 883 626 913 nec
669 870 875 915 codicillis
929 871 1048 912 datur
1089 883 1169 912 nec
1213 883 1306 912 cum
1345 871 1480 926 gratia
1523 869 1651 912 venit.

158 944 295 995 Quid?
333 945 442 986 sama
474 949 514 986 ct
544 945 632 987 laus
665 946 781 987 cuius
814 946 913 988 artis
947 959 1039 987 cum
1072 949 1283 987 oratorum
1314 945 1450 1000 gloria
1483 956 1654 999 compa-

106 1018 286 1064 iuranda
318 1023 395 1072 est,
429 1019 496 1073 qui
528 1019 724 1061 inlustres
756 1023 794 1059 et
825 1019 867 1060 in
899 1024 1034 1060 cetero
1064 1019 1164 1060 orbe
1194 1024 1403 1060 terrarum
1430 1019 1529 1060 etin
1548 1018 1653 1061 urhe

1385 1177 1418 1212 7.
1447 1177 1546 1211 abire
1573 1187 1652 1211 cum

1588 1236 1654 1260 nec

788 1182 822 1214 4.
855 1178 935 1213 edm
960 1179 996 1212 P.
1071 1178 1246 1224 foeliciter
1272 1177 1308 1211 l‘.

158 1228 285 1261 ceteris
314 1227 356 1260 P:
380 1227 510 1261 hahere
537 1227 705 1262 Muretus.
834 1227 870 1262 8.
899 1227 1016 1272 aliquo
1045 1228 1182 1261 editor:
1211 1226 1356 1261 codices
1382 1225 1467 1261 alio.

157 1275 326 1309 codicillis
351 1286 527 1320 superscr.
554 1276 592 1309 in
620 1276 663 1309 ab
691 1276 736 1310 al.
764 1287 808 1310 m.
835 1276 869 1309 Ρ.
949 1277 1003 1311 10.
1033 1277 1090 1320 qui
1114 1275 1280 1309 inlustres
1306 1281 1338 1309 et
1363 1275 1402 1308 in
1428 1279 1544 1309 cetero
1570 1275 1654 1308 orbe

156 1330 334 1358 terrarum
361 1331 392 1358 et
417 1325 455 1357 in
479 1324 564 1358 urbe
590 1324 734 1358 editor:
770 1324 829 1369 qui
861 1336 933 1357 non
967 1324 1120 1359 illustres
1155 1330 1186 1358 et
1211 1327 1249 1358 in
1274 1324 1360 1358 urbe
1385 1322 1439 1358 FP
1455 1323 1511 1369 (in
1538 1322 1563 1356 P
1589 1332 1653 1357 su-

258 1179 287 1213 1.
312 1184 485 1224 praetura
513 1178 550 1221 F,
576 1189 647 1212 non
674 1179 711 1213 P.

156 1383 289 1418 persor.
317 1373 360 1406 ab
387 1372 432 1407 al.
459 1384 504 1406 m.
533 1373 626 1419 apud
650 1374 731 1407 voci
757 1372 944 1420 illustres).

155 1497 267 1530 vitate
295 1500 398 1530 natus
426 1501 519 1539 erat,
556 1502 593 1530 ut
627 1496 741 1542 liquet
766 1507 810 1530 ex
836 1507 867 1530 c.

157 1546 212 1582 10.
242 1544 430 1579 Civitatem
456 1556 554 1579 suam
583 1550 617 1579 et
634 1546 781 1590 patriam
803 1556 868 1589 ap-

155 1593 266 1638 pellat
303 1595 444 1628 minime
476 1594 732 1639 favorabilem,
773 1593 806 1627 h.
836 1605 868 1627 e.

156 1643 212 1677 cui
248 1643 393 1676 minime
443 1643 584 1676 favetur
632 1654 651 1676 a
688 1644 868 1677 Romanis.

156 1690 259 1725 Conf.
296 1696 416 1726 annot.
454 1691 497 1726 ad
526 1691 641 1726 1136.
705 1692 869 1725 Αοιίνωιι

156 1740 256 1773 vocis
291 1740 591 1786 significationem
619 1739 868 1786 (empfelilend)

155 1789 234 1822 sine
259 1788 389 1822 idonea
416 1800 522 1823 causa
554 1790 677 1822 statuit
706 1788 870 1822 Doeder-

156 1836 277 1872 tinius.
306 1837 358 1871 De
384 1848 422 1872 re
448 1838 493 1872 cf.
523 1838 568 1872 xl
595 1839 652 1873 23.

204 1908 297 1953 apud
317 1909 546 1942 centumviros
560 1920 702 1943 causam
717 1909 871 1952 aliquam

155 1956 307 2000 feliciter
324 1968 450 1991 orare.-
469 1958 682 1990 centumviri
699 1957 783 1990 dicti
800 1967 870 1989 non

156 2004 251 2048 quod
281 2010 421 2038 centum
442 2006 508 2048 ipsi
537 2006 618 2047 viri,
648 2006 709 2039 sed
727 2010 868 2039 centum

156 2053 314 2096 quinque
341 2053 561 2097 temporibus
589 2053 724 2087 liberae
741 2054 869 2086 civita-

157 2101 221 2143 tis,
263 2105 334 2134 tres
370 2112 414 2135 ex
442 2111 582 2146 quaque
612 2101 718 2134 tribu.
771 2101 869 2134 Idem

154 2159 284 2182 nomen
299 2150 506 2193 permansit,
535 2154 720 2194 postquam
738 2160 868 2182 nume-

154 2207 213 2231 rus
241 2198 318 2231 eius
348 2197 471 2231 iudicii
504 2203 627 2232 auctus
654 2202 688 2231 et
711 2197 753 2231 ad
782 2208 870 2231 cen-

155 2251 227 2279 tum
258 2251 293 2280 et
319 2246 516 2292 octoginta,
545 2257 650 2291 quem
677 2247 769 2290 apud
794 2245 870 2279 Pli-

154 2295 251 2328 nium
279 2295 390 2338 Epist.
420 2295 463 2328 vl
490 2295 536 2329 33
563 2294 711 2328 relatum
730 2295 871 2338 reperi-

155 2354 243 2376 mus,
295 2343 349 2376 Ad
377 2344 618 2378 centumviros
649 2354 713 2377 eae
741 2353 870 2376 causac

155 2391 416 2436 delegabantur
453 2393 487 2425 in
539 2392 667 2437 quibus
712 2402 783 2424 non
825 2391 869 2424 de

154 2440 249 2474 facto
276 2440 340 2474 sed
368 2441 411 2474 de
439 2442 515 2474 iure
543 2439 800 2485 quaerebatur,
834 2439 867 2472 id

155 2487 249 2533 quod
269 2499 376 2532 saepe
395 2489 526 2522 accidit
541 2491 576 2521 in
596 2499 633 2522 rc
653 2489 868 2522 hereditaria

155 2541 191 2570 et
216 2537 250 2569 in
279 2537 427 2581 querela
453 2538 640 2580 inofficiosi
661 2537 865 2570 testamenti.

155 2584 397 2626 Quintilianus
425 2585 473 2618 lv
500 2587 522 2620 2
549 2587 596 2619 5:
638 2597 714 2618 cum
752 2585 792 2618 de
831 2596 869 2617 re

154 2639 301 2675 constat,
329 2634 370 2667 de
395 2635 472 2667 iure
498 2634 690 2677 quaeritur,
717 2639 752 2666 ut
778 2633 870 2677 apud

154 2683 397 2725 centumviros,
421 2681 513 2725 filius
541 2693 588 2715 an
613 2684 729 2726 frater
748 2682 869 2714 debeat

154 2743 225 2763 essc
247 2732 431 2764 intestatae
446 2731 558 2772 heres,
584 2730 747 2775 pubertas
764 2730 869 2762 aunis

154 2790 201 2811 αιι
217 2779 336 2812 Ιιαῦἰιιι
351 2779 508 2824 corporis
527 2780 739 2812 aestimetur.
767 2777 868 2811 Adde

155 2826 341 2860 Ciceronis
368 2828 411 2860 (lc
440 2827 497 2860 Or.
528 2828 540 2860 1
569 2827 626 2861 38.
681 2826 719 2859 In
748 2826 863 2858 omisis

154 2876 355 2909 forensibus
386 2876 449 2908 sul»
479 2876 697 2919 principibus
717 2876 866 2919 primum

153 2923 362 2958 obtinebant
386 2924 515 2966 locum,
546 2929 626 2957 ante
647 2924 714 2957 hoc
730 2929 867 2967 tempus

153 2982 274 3014 parum
303 2972 484 3015 illustres,
523 2977 561 3005 ut
587 2973 679 3006 infra
705 2975 868 3006 monetur

938 1508 968 1530 c.
997 1496 1055 1532 38.
1112 1496 1288 1541 Exposuit
1314 1495 1358 1529 de
1386 1494 1454 1529 hac
1479 1504 1518 1528 re
1543 1493 1582 1528 G.
1612 1494 1652 1529 G.

938 1545 1122 1590 Zumptius
1166 1547 1201 1578 in
1255 1544 1508 1578 dissertatione
1551 1543 1655 1590 (iiber

943 1594 1134 1640 Urspruuq,
1162 1593 1265 1627 Form
1291 1593 1363 1626 und
1381 1591 1581 1636 Bedeutrmq
1597 1591 1655 1626 cles

941 1641 1333 1687 Centumviralqerichts
1359 1642 1397 1676 in
1417 1641 1519 1684 Rom)
1537 1639 1652 1674 Bero-

939 1691 1002 1725 lini
1032 1691 1127 1725 edita
1153 1702 1185 1724 a.
1216 1690 1320 1725 1838.

1012 1764 1042 1797 si
1068 1763 1198 1796 nonin
1224 1761 1340 1806 aliquo
1372 1761 1510 1794 oriturt
1540 1759 1655 1794 libro-

940 1822 1015 1844 rum
1065 1812 1191 1845 vitium
1233 1821 1328 1843 nunc
1369 1813 1468 1845 certa
1514 1809 1654 1843 ratione

941 1865 1140 1894 correctum
1176 1871 1219 1893 cx
1257 1864 1341 1892 nota
1375 1852 1449 1904 ali&
1480 1867 1544 1902 pro
1581 1857 1653 1891 alio

940 1919 1050 1952 prave
1077 1913 1224 1952 accepta
1254 1919 1309 1941 me
1334 1907 1452 1945 iudice
1479 1911 1562 1940 nata
1587 1910 1652 1940 est.

942 1957 1059 2000 Oriri,
1098 1957 1133 1990 id
1163 1962 1216 1990 est
1244 1961 1371 2000 sponte
1399 1955 1591 2001 provenire
1621 1957 1657 1988 et

941 2006 1050 2047 nasci,
1079 2007 1271 2049 opponitur
1301 2005 1331 2037 ci
1358 2004 1453 2049 quod
1471 2004 1545 2038 dari
1563 2013 1653 2037 con-

941 2052 1092 2098 cedique
1125 2058 1254 2097 potest.
1306 2052 1468 2086 Aliorum
1500 2053 1536 2085 in
1567 2050 1600 2084 h.
1630 2050 1654 2084 l.

940 2102 1126 2134 conamina
1145 2101 1234 2134 hacc
1255 2102 1388 2142 notavi,
1416 2098 1654 2135 Freins'hemii

939 2160 1010 2182 non
1035 2150 1073 2182 in
1098 2150 1227 2190 animo,
1256 2148 1397 2183 Pithoei
1421 2148 1545 2182 nonin
1560 2146 1652 2188 alto,

941 2197 1073 2231 Clerici
1100 2209 1171 2231 uon
1197 2198 1234 2230 in
1260 2195 1377 2230 alieno
1394 2223 1403 2240 ‚
1446 2196 1557 2241 Lipsii
1583 2205 1654 2228 non

939 2248 976 2280 in
1003 2247 1107 2287 atrio,
1137 2245 1303 2279 Seebodii
1333 2256 1406 2278 non
1432 2246 1472 2279 in
1495 2243 1650 2290 inqenio,

940 2295 1100 2328 Diibneri
1127 2305 1198 2326 non
1231 2294 1398 2339 ingenio,
1429 2291 1656 2328 Doederlinii

939 2354 1010 2376 non
1036 2345 1074 2377 in
1100 2341 1215 2376 natali
1243 2343 1411 2385 oboritur,
1430 2338 1654 2384 Bernhardyi

941 2391 1159 2437 (Encyclop.
1189 2390 1368 2437 Pliilolog.
1399 2401 1434 2435 p.
1465 2389 1550 2436 134)
1578 2389 1654 2422 sine

939 2442 1078 2473 nomine
1104 2439 1220 2473 alieno
1227 2465 1234 2472 .

1018 2523 1083 2544 nec
1122 2509 1293 2544 codicillis
1329 2509 1434 2542 datur
1470 2517 1536 2539 nec
1575 2517 1651 2539 cnm

938 2560 1058 2604 qratia
1086 2560 1199 2592 venit:
1240 2555 1399 2591 codicilli
1440 2564 1566 2587 munus
1595 2553 1653 2587 vel

939 2607 1068 2641 donum
1109 2619 1127 2641 a
1171 2606 1323 2640 Caesare
1365 2603 1481 2637 datum
1528 2607 1654 2636 notant

940 2657 1006 2701 (cf.
1050 2657 1091 2690 A.
1132 2655 1220 2701 40),
1261 2654 1399 2700 gratiae
1442 2661 1571 2685 nomen
1610 2650 1654 2699 de

940 2706 1066 2750 quovis
1115 2708 1261 2749 potente
1309 2702 1368 2736 vel
1407 2700 1519 2735 divite
1556 2700 1653 2734 acci-

938 2753 1119 2797 piendum.

1011 2825 1068 2868 qui
1094 2824 1257 2857 inlustres
1285 2827 1319 2855 ct
1352 2822 1386 2854 in
1414 2824 1534 2853 cetero
1567 2818 1653 2851 orbe

939 2878 1107 2906 terrarum
1153 2878 1183 2905 el
1223 2873 1262 2904 in
1296 2869 1379 2903 vrbe
1418 2879 1489 2901 non
1519 2866 1652 2901 solum:

938 2921 1112 2965 particula
1156 2931 1227 2953 uon
1272 2929 1335 2963 per
1390 2916 1652 2951 aberrationem

937 2969 1127 3004 scribentis
1157 2971 1246 3013 (non
1268 2976 1331 3011 per
1351 2962 1650 3011 dittographiam)
