1768 3216
160 226 225 264 XII
783 222 1050 258 PRAEFATIO,

160 344 327 388 sideriis
359 347 399 385 et
428 340 707 395 expectationi
740 352 883 394 parum
913 340 1225 394 respondisset,
1270 351 1352 395 ego
1387 339 1651 384 Germaniam

162 425 202 462 et
222 418 439 472 Dialogum
475 415 527 457 de
557 415 723 470 integro
755 415 807 457 ad
837 415 1025 457 codicem
1048 414 1296 457 Leidensem
1315 413 1441 470 exegi
1459 427 1496 457 a.
1521 414 1573 456 18
1585 413 1657 466 42,

159 495 446 536 Massmannus
465 489 727 532 Germaniam
757 503 809 532 ex
840 490 990 532 eodem
1021 489 1126 531 libro
1159 493 1284 531 totam
1315 488 1550 543 descripsit,
1582 501 1658 530 re-

160 567 282 610 tentis
324 565 433 606 notis
478 569 518 606 et
562 564 822 619 compendiis
869 565 912 605 in
954 564 1181 618 exemplari
1221 563 1420 605 Leidensi
1459 562 1653 617 repertis.

157 642 444 684 Massmannus
475 650 629 693 operae
659 651 761 681 suae
796 637 1018 680 admodum
1047 638 1289 681 laboriosae
1319 637 1482 692 copiam
1513 636 1653 678 homi-

158 717 278 757 nibus
307 714 499 756 litteratis
529 714 628 756 fecit
652 713 696 755 in
727 713 834 755 libro
873 725 1005 767 nuper
1045 713 1181 755 edito:
1228 711 1272 755 C.
1307 710 1487 754 Cornelii
1524 710 1658 752 Taciti

159 791 207 832 de
253 789 409 843 oriyine
450 787 632 830 moribus
666 801 717 830 ac
761 788 843 829 situ
875 788 1172 829 Germanorum
1212 786 1391 828 libellus.
1464 784 1654 827 Omnium

159 865 341 907 codicum
363 865 572 917 hucusque
588 864 840 918 coquitorum
859 863 1030 905 lectione
1053 861 1368 904 accuratissime
1389 861 1658 903 subinnotata

165 941 272 993 (sic)
303 953 378 981 nec
406 952 489 980 nou
523 939 572 981 de
600 938 724 980 libelli
750 938 852 992 fatis
876 942 915 979 et
943 937 1081 979 codiee
1103 941 1330 979 ceterorum
1351 935 1529 978 omnium
1546 936 1659 990 fonte

162 1015 399 1070 quaestione
448 1013 606 1056 addita.
684 1014 798 1055 Cura
833 1012 1004 1054 Ioannis
1038 1011 1157 1054 Ferd.
1191 1011 1459 1064 Massmann,
1489 1010 1656 1054 Beroli-

161 1091 313 1133 nensis.
356 1089 688 1144 Qaedlinburyae
716 1093 755 1131 et
773 1088 958 1141 Lipsiae.
996 1087 1119 1142 Typis
1153 1100 1204 1129 ac
1228 1086 1456 1140 sumptibus
1489 1086 1657 1140 Godofr.

161 1165 298 1208 Bassi.
360 1165 694 1208 MDCCCXLVII.
728 1165 768 1207 8.
830 1164 964 1206 Curae
996 1176 1018 1205 a
1052 1176 1116 1204 me
1146 1162 1188 1203 in
1215 1160 1476 1204 conferendo
1509 1160 1659 1202 codiee

161 1241 189 1283 P
221 1241 382 1295 positae
415 1252 557 1282 verum
590 1239 821 1293 exemplum
852 1250 961 1279 nunc
994 1238 1035 1278 in
1064 1236 1200 1279 lucem
1230 1235 1390 1291 prodit:
1421 1247 1517 1277 nam
1547 1234 1658 1288 quod

162 1315 283 1370 paulo
316 1320 409 1357 ante
440 1314 835 1369 publicavitCaspar
856 1312 1036 1356 Orellius
1067 1311 1134 1367 (C.
1160 1311 1341 1353 Cornelii
1364 1309 1494 1353 Taciti
1529 1321 1662 1363 opera

163 1401 268 1443 quae
298 1393 535 1442 supersunt.
589 1388 669 1429 Vol.
696 1388 751 1433 ΙΙ,
792 1387 930 1428 Turiei
971 1384 1410 1440 M.DCCC.XLVIII)‚
1453 1385 1495 1427 id
1525 1397 1660 1439 neque

159 1465 280 1520 plene
311 1476 446 1518 neque
479 1467 676 1505 accurate
708 1474 952 1516 expressum
985 1465 1048 1503 est
1066 1465 1091 1502 ¹.
1129 1461 1174 1502 In
1197 1460 1417 1503 Germania
1434 1471 1554 1502 meae
1572 1471 1656 1501 no-

163 1540 340 1582 tationes
371 1540 412 1580 in
446 1538 655 1593 plerisque
678 1537 867 1579 omnibus
902 1549 992 1578 cum
1005 1535 1352 1579 Massmannianis
1383 1534 1675 1577 consentiunt..

166 1616 451 1658 Massmannus
483 1613 714 1667 scripturae
744 1612 990 1666 compendia
1020 1611 1115 1652 libri
1147 1610 1290 1664 scripti
1319 1622 1414 1652 rara
1446 1609 1661 1665 diligentia

163 1690 372 1732 reddidit:
427 1701 507 1744 ego
550 1701 602 1730 ex
633 1700 683 1730 eo
715 1700 873 1743 genere
901 1698 1033 1741 pauca
1066 1686 1273 1739 delibavi,
1320 1685 1580 1740 potissimum
1612 1698 1662 1727 ea

163 1777 269 1819 quae
296 1764 347 1806 ad
380 1763 602 1805 lectionem
629 1763 707 1804 rite
739 1761 1072 1804 constituendam
1103 1760 1271 1815 aliquod
1298 1763 1551 1802 momentum
1581 1759 1663 1802 ha-

164 1840 266 1881 bere
299 1839 562 1879 videbantur.
640 1837 685 1878 In
715 1837 823 1879 libro
855 1837 881 1877 P
910 1836 1055 1891 paucis
1088 1835 1273 1890 exceptis
1304 1834 1546 1877 assimilatio
1580 1834 1664 1876 do-

164 1914 354 1965 minatur,
379 1925 401 1954 a
424 1913 608 1955 Pontano
642 1912 820 1954 fortasse
849 1911 1090 1965 plerumque
1120 1910 1245 1951 illata.
1277 1910 1370 1966 Ego
1401 1909 1662 1966 constantiae

166 2000 290 2030 causa
323 1986 662 2029 assimilationem
694 1999 779 2028 non
811 1986 959 2028 admisi
989 1986 1032 2027 in
1075 1985 1126 2027 iis
1163 1983 1571 2038 praepositionibus,
1620 1983 1663 2026 in

165 2063 312 2117 quibus
345 2074 434 2103 eam
467 2064 709 2103 constanter
738 2060 861 2103 vitari
901 2073 923 2102 a
964 2058 1081 2101 libris
1111 2058 1314 2101 Mediceis
1355 2058 1398 2100 in
1434 2059 1662 2101 maioribus

162 2137 294 2179 Taciti
334 2136 528 2189 operibus
570 2134 859 2177 animadverti.
937 2134 1056 2176 Conf.
1087 2133 1350 2175 Prooemium
1379 2144 1419 2186 p.
1451 2132 1538 2175 LIII
1567 2144 1659 2187 sqq.

166 2211 277 2253 ldem
308 2209 484 2251 rationis
516 2209 559 2250 in
589 2208 792 2264 Agricola
824 2211 993 2250 secutus
1023 2219 1127 2250 sum.
1202 2207 1298 2249 Post
1327 2206 1433 2249 haec
1468 2218 1574 2261 quae
1610 2206 1662 2250 de

164 2285 314 2326 virtute
354 2288 393 2325 et
439 2283 581 2326 indole
621 2283 781 2325 codicis
811 2282 1074 2324 Perizoniani
1110 2281 1313 2335 disputata
1345 2285 1453 2334 sunt,
1497 2285 1663 2323 ceteros

166 2359 413 2400 Germaniae
442 2362 481 2399 et
510 2358 677 2414 Dialogi
705 2357 835 2399 libros
866 2356 1044 2410 scriptos
1072 2356 1268 2410 persequi
1301 2360 1342 2397 et
1373 2355 1616 2397 describere
1637 2368 1661 2397 a

163 2445 255 2475 meo
287 2434 501 2486 proposito
533 2433 712 2475 alienum
745 2436 819 2474 est.
864 2431 1096 2487 Diligenter
1127 2435 1167 2471 et
1198 2431 1370 2484 copiose
1392 2430 1547 2472 nostris
1566 2429 1663 2471 die-

241 2641 271 2672 1.
298 2639 368 2673 Res
395 2638 484 2673 haec
516 2642 582 2672 est.
621 2636 888 2680 Discrepantias

167 2690 366 2732 scripturae
386 2698 406 2721 a
424 2698 480 2721 me
508 2697 552 2721 ex
579 2685 795 2720 codicePin
823 2695 889 2718 ex-

940 2635 1033 2669 verit
1067 2634 1248 2679 Orelfius,
1286 2636 1453 2671 'lectores
1494 2637 1662 2672 monendi

940 2689 1021 2718 sunt
1047 2695 1091 2718 ne
1123 2685 1291 2718 varietati
1328 2684 1495 2720 lectionis
1525 2696 1569 2720 ex
1596 2694 1661 2720 co-

169 2737 303 2780 emplar
331 2735 498 2770 editionis
537 2734 748 2768 Trossianae
785 2738 886 2767 tran-

169 2786 316 2828 scriptas
342 2784 585 2830 Bockingius‚
613 2782 756 2828 collega
791 2791 890 2815 meus

171 2837 205 2866 et
231 2835 377 2874 amicus,
407 2844 461 2866 ine
482 2832 712 2877 permittente
741 2833 775 2864 in
795 2839 891 2863 mar-

172 2882 290 2925 ginem
326 2881 483 2914 eiusdem
519 2881 688 2915 editionis
715 2879 759 2914 ad
785 2878 891 2912 Orel-

171 2928 256 2961 lium
283 2929 477 2963 mittendae
502 2929 694 2963 transtulit.
760 2927 830 2963 Sed
856 2928 893 2960 in

173 2975 227 3009 his
254 2977 492 3020 exprimendis
523 2989 602 3012 cum
636 2976 734 3012 varie
759 2986 893 3021 pecca-

941 2732 1021 2766 dice
1046 2733 1070 2766 P
1102 2733 1145 2766 ab
1183 2732 1246 2766 illo
1288 2738 1480 2777 excerptae
1518 2734 1663 2769 nimiam

941 2780 1046 2815 fidem
1074 2781 1240 2817 habeant.
1268 2781 1348 2828 Ego
1378 2783 1564 2828 graviores
1593 2782 1663 2817 ali-

943 2835 1029 2875 quot
1054 2840 1193 2864 errores
1219 2830 1368 2874 Orellii‚
1403 2831 1518 2865 veluti
1546 2831 1662 2866 Germ.

944 2889 973 2912 c.
990 2879 1025 2921 9,
1052 2879 1087 2912 in
1114 2879 1346 2913 annotatione
1369 2879 1493 2913 critica
1519 2881 1662 2915 notavi:

943 2936 1066 2962 omnes
1095 2928 1338 2974 perstringere
1369 2927 1482 2962 nolui.
