1768 3216
148 227 228 286 mo

206 368 222 399 1
249 364 306 406 27,
339 363 380 397 15
410 361 468 396 55.
500 360 661 406 pendens
693 371 737 395 ex
767 360 881 405 parti-

156 427 158 430 '
205 424 300 467 cipio
329 421 528 465 adscriptus
550 419 591 454 14
618 421 677 455 27.

158 482 298 517 Achaia
332 492 374 516 ac
404 471 614 516 Macedonia
653 480 717 515 sub
744 480 885 514 Tiberio

201 543 365 577 Caesaris
393 541 514 588 legato
539 541 708 575 Moesiam
743 541 880 574 curanti

202 602 356 636 traditae
376 627 385 645 ‚
426 612 446 635 a
473 600 625 635 Claudio
655 601 798 635 senatui
824 610 886 634 re-

202 663 350 698 stitutae
379 664 394 695 1
424 662 480 697 76.

156 724 274 758 acrius
301 722 457 767 experiri
482 722 506 756 4
535 721 593 756 54.

157 789 237 819 acta
275 784 310 817 in
338 793 459 817 aurem
496 781 620 828 legere
648 781 671 816 3
696 780 756 816 66.
806 783 885 814 acta

201 849 348 880 senatus
374 844 397 878 3
426 845 461 886 3,
487 843 508 877 5
537 842 572 877 4.

151 906 302 939 Actiaca
328 903 460 949 religio
491 903 533 937 15
559 902 618 938 23.

151 966 264 1000 actori
308 963 453 1010 publico
496 963 593 998 servi
631 963 880 1007 mancipantur

199 1028 222 1062 2
247 1025 306 1060 30.

151 1084 195 1120 ad
221 1084 441 1129 praepositio
476 1087 558 1128 post
593 1083 710 1116 nuntii
746 1091 876 1116 nomen

200 1146 243 1180 13
262 1146 296 1180 9.
321 1155 392 1178 non
410 1144 565 1188 repetita
583 1143 625 1177 12
641 1142 699 1178 24.
728 1144 754 1176 Η
778 1143 793 1176 1
814 1141 873 1176 46.

155 1205 345 1240 adductum
374 1209 409 1239 et
435 1205 536 1249 quasi
563 1203 668 1238 virile
695 1203 879 1237 servitium

203 1266 245 1300 12
273 1266 305 1300 7.
335 1264 509 1298 adductus
535 1263 579 1297 de
608 1263 753 1297 homine
783 1262 827 1296 14
846 1263 879 1295 4.

152 1325 198 1360 ad
224 1329 373 1360 externa
398 1333 559 1357 rumores
591 1323 632 1359 16
659 1324 720 1359 23.

149 1386 195 1420 ad
220 1386 289 1420 hoc
317 1386 340 1419 i.
373 1397 404 1420 e.
433 1389 622 1430 praeterea
647 1384 674 1418 Η
702 1385 722 1420 2
754 1385 808 1420 10.

152 1446 337 1481 adfectare
365 1446 393 1480 H
425 1447 446 1480 2
472 1445 530 1479 91.

150 1506 345 1541 adfectatio
373 1510 408 1540 et
436 1506 580 1540 affectio
611 1505 638 1540 G
665 1505 698 1540 5.

150 1566 284 1601 adferri
314 1576 377 1610 pro
405 1565 537 1600 deferri
566 1566 595 1600 H
627 1565 649 1599 3
676 1564 735 1599 43.

151 1626 268 1660 adhuc
307 1625 483 1670 particula
518 1624 675 1671 augendi
705 1624 779 1659 vim
810 1622 878 1658 ha-

196 1686 258 1720 bet
286 1685 314 1720 G
341 1685 397 1720 19.

153 1746 319 1781 adiacere
347 1746 391 1780 de
418 1744 562 1779 flumine
594 1745 619 1778 Η
651 1745 674 1780 2
699 1744 759 1780 93.

152 1807 331 1842 adiectiva
359 1816 450 1852 quae
487 1805 640 1850 populos
683 1805 876 1839 ostendunt

199 1869 237 1901 in
263 1876 304 1900 us
333 1871 369 1900 et
407 1866 485 1900 icus
515 1865 717 1899 desinentia
747 1865 789 1900 15
819 1865 873 1900 10.

199 1928 224 1960 ΙΙ
258 1927 274 1960 1
303 1926 325 1961 6
353 1930 388 1961 et
416 1926 450 1960 8.

148 1987 296 2033 adigere
324 1990 547 2021 sacramento
576 1986 606 2020 H
636 1988 649 2021 1
680 1987 738 2022 55.

149 2047 293 2092 adloqui
319 2048 341 2081 i.
371 2058 403 2080 e.
433 2046 611 2080 consolari
642 2049 657 2079 1
688 2047 744 2081 71.

149 2106 338 2140 admittere
365 2111 400 2139 et
427 2107 649 2140 committere
680 2108 722 2140 14
750 2108 783 2141 2.

150 2165 339 2199 admodum
389 2165 482 2210 apud
523 2166 668 2200 nomina
713 2166 874 2209 iuvenis,

197 2225 422 2268 adolescens,
448 2225 566 2259 infans
591 2225 622 2259 A
646 2225 679 2260 7.

148 2285 354 2332 adpugnare
381 2287 403 2321 2
427 2285 488 2320 81.

148 2345 319 2391 adpulsus
346 2346 456 2389 litori,
484 2356 555 2379 non
585 2345 736 2391 adpulsu
760 2345 877 2380 litoris

194 2405 224 2440 H
250 2407 271 2441 2
298 2406 356 2441 59.

146 2466 360 2500 adseverare
382 2467 405 2501 i.
422 2477 453 2500 e.
474 2467 596 2502 verbis
619 2478 705 2513 prae
722 2478 761 2502 se
781 2467 876 2502 ferre

198 2527 242 2561 13
273 2526 327 2561 18.

146 2585 310 2620 adsidere
339 2591 374 2620 et
401 2586 567 2621 obsidere
604 2587 625 2620 6
656 2586 714 2622 43.
748 2586 874 2633 sepul-

193 2652 253 2682 tae
280 2647 378 2682 urbis
403 2649 517 2682 ruinis
544 2647 573 2680 H
601 2646 623 2680 3
652 2647 710 2682 35.

146 2707 322 2742 adsistere
350 2709 387 2742 in
416 2709 530 2742 aciem
556 2708 577 2741 2
609 2707 663 2742 16.

146 2768 333 2802 adsumere
362 2773 398 2803 et
423 2769 603 2802 insumere
630 2767 652 2801 6
682 2766 741 2801 32.

137 2828 351 2863 'adulatione
377 2828 555 2874 gliscente
574 2828 703 2862 decora
722 2826 872 2873 ingenia

819 241 961 277 INDEX

932 357 1099 393 adulterii
1125 366 1244 402 poena
1271 357 1293 392 2
1319 356 1366 392 50
1393 358 1429 390 et
1453 354 1520 390 85..
1573 350 1587 372 .·

934 417 1142 452 adverbium
1189 425 1253 462 pro
1290 416 1435 450 nomine
1475 413 1654 450 adiectivo

984 477 1044 512 vel
1070 477 1230 512 membro
1252 476 1406 512 relativo
1434 477 1457 512 3
1486 475 1544 520 70,
1571 473 1595 509 4
1619 473 1655 509 6.

980 538 1008 572 u
1039 539 1056 573 1
1089 539 1143 573 10.
1568 528 1573 534 '

936 598 1107 633 adversus
1140 598 1294 632 maiores
1333 596 1546 640 certamina,
1584 603 1655 631 non

981 659 1016 692 in
1043 659 1197 692 maiores
1222 659 1245 694 3
1274 657 1333 693 53.

933 718 1105 753 adversus
1133 718 1297 754 Oceanus
1327 717 1355 752 G
1382 719 1416 752 2.
1639 762 1642 765 ἢ

936 779 1124 814 advertere
1152 783 1188 814 et
1213 777 1499 813 animadvertere
1527 777 1572 812 13
1595 776 1654 812 28.

979 839 1009 874 Η
1040 842 1054 875 1
1084 840 1143 876 68.
1176 839 1204 875 G
1230 840 1263 875 7.
1298 839 1379 874 adv.
1406 848 1506 873 more
1535 836 1654 884 prisco

977 901 1056 934 sive
1082 900 1256 934 maiorum
1284 899 1306 934 2
1333 900 1392 935 32.

929 960 1037 995 aedes
1062 959 1192 1005 plurali
1218 970 1366 995 numero
1394 959 1437 995 de
1464 968 1535 994 uno
1558 963 1651 994 tem-

972 1020 1032 1065 plo
1063 1021 1083 1055 2
1112 1020 1172 1055 49.
1204 1021 1231 1055 H
1259 1021 1282 1055 3
1311 1021 1368 1056 71.

927 1079 1093 1114 aedificia
1118 1079 1264 1125 publica
1299 1079 1364 1115 sub
1390 1079 1554 1126 Augusto
1586 1090 1654 1114 ex-

974 1144 1089 1174 tructa
1113 1141 1136 1175 3
1165 1141 1222 1175 72.
1382 1176 1384 1179 «

931 1211 1043 1247 aeger
1066 1200 1237 1234 translata
1265 1200 1530 1246 significatione
1549 1201 1654 1237 A32.

931 1261 1103 1307 Aegyptii
1130 1261 1373 1306 superstitiosi
1402 1262 1428 1296 Η
1461 1261 1484 1295 4
1509 1260 1569 1296 81.

931 1321 1119 1368 Aegyptus
1145 1320 1281 1355 duabus
1306 1321 1514 1368 legionibus
1550 1324 1656 1356 coer-

978 1382 1127 1417 cebatur
1152 1381 1181 1416 H
1211 1385 1228 1417 1
1259 1383 1315 1418 11.
1353 1386 1429 1417 arto
1467 1381 1656 1418 tenebatur

979 1443 1129 1488 imperio
1157 1442 1243 1477 ibid.

927 1502 1131 1537 Aemiliana
1164 1502 1266 1537 locus
1298 1502 1342 1538 ad
1369 1513 1531 1549 campum
1558 1503 1653 1539 Mar-

978 1563 1024 1596 tis
1055 1563 1096 1598 15
1125 1562 1184 1599 40.

927 1623 1162 1667 aemulatore,
1190 1633 1262 1657 non
1297 1623 1476 1658 aemulata
1502 1623 1562 1660 vel
1587 1636 1653 1660 ae-

974 1683 1110 1717 mutatu
1142 1684 1169 1717 Η
1190 1684 1213 1719 3
1241 1683 1300 1719 66.

929 1743 1128 1778 aemulatus
1153 1743 1184 1778 A
1209 1743 1268 1779 46.

926 1804 1125 1839 aemulatus
1150 1814 1261 1851 agere
1295 1804 1332 1838 in
1358 1803 1447 1838 urbe
1475 1803 1518 1839 13
1543 1805 1603 1841 46.

927 1863 1195 1910 aequinoctium
1253 1864 1461 1898 coniectura
1526 1863 1652 1899 Orellii

973 1935 1118 1970 prorsus
1144 1923 1343 1959 reiicienda
1373 1925 1401 1959 Η
1429 1924 1451 1958 5
1475 1925 1535 1960 23.

927 1986 1056 2020 aerarii
1084 1996 1170 2020 cura
1204 1984 1270 2019 sub
1297 1985 1463 2031 Augusto
1500 1985 1651 2030 primum

971 2045 1223 2091 quaestoribus
1242 2044 1466 2088 demandata,
1495 2055 1567 2079 non
1586 2055 1652 2080 ae-

977 2105 1122 2149 dilibus,
1142 2105 1225 2139 dein
1244 2105 1288 2139 ad
1312 2106 1511 2149 praetorios
1533 2110 1652 2140 trans-

975 2164 1047 2199 lata
1075 2165 1119 2199 13
1149 2164 1207 2199 29.
1238 2164 1267 2198 Η
1293 2164 1316 2197 4
1341 2164 1376 2200 9.

927 2225 1116 2259 aestimare
1146 2228 1182 2258 et
1210 2224 1415 2258 existimare
1446 2225 1489 2260 13
1515 2223 1576 2259 42.
1619 2225 1650 2260 H

972 2284 995 2318 4
1034 2285 1093 2320 81.
1139 2289 1228 2319 aest.
1268 2283 1504 2319 contubernio
1550 2284 1582 2318 A
1615 2285 1650 2319 5.

974 2344 1069 2379 idem
1103 2345 1198 2391 quod
1236 2348 1403 2390 reputare
1443 2349 1479 2379 et
1511 2354 1651 2389 expen-

974 2405 1059 2440 dere
1090 2406 1133 2440 13
1164 2406 1218 2441 17.
1250 2406 1473 2440 aestimatum
1488 2404 1651 2440 frumen-

976 2470 1048 2500 tum
1075 2466 1107 2500 A
1139 2466 1194 2501 19.

924 2530 1023 2560 aetas
1048 2527 1073 2561 i.
1103 2537 1134 2561 e.
1165 2530 1237 2561 aet.
1275 2526 1447 2560 iuvenilis
1483 2527 1512 2561 Η
1538 2525 1562 2561 3
1589 2526 1649 2562 33.

975 2586 1003 2620 G
1032 2586 1087 2621 19.
1135 2585 1178 2620 ad
1214 2585 1454 2631 capessendos
1494 2585 1649 2620 honores

974 2651 1056 2691 apta
1081 2646 1112 2680 A
1139 2645 1173 2681 6.

921 2711 1020 2741 aetas
1035 2711 1177 2752 separat
1194 2706 1386 2752 ingenuos,
1401 2707 1514 2742 virtus
1529 2716 1647 2752 agno-

971 2767 1039 2800 scit
1066 2766 1094 2801 G
1118 2768 1177 2802 20.

921 2831 1106 2861 aeternum
1132 2836 1197 2871 pro
1223 2827 1260 2860 in
1286 2831 1470 2861 aeternum
1498 2826 1526 2861 G
1550 2825 1584 2860 6.

192 2900 212 2922 a
238 2888 437 2923 scribendis
462 2888 570 2923 rebus
591 2887 762 2924 deterrita
785 2890 801 2922 1
836 2888 868 2922 1.
918 2886 1076 2922 Africam
1104 2892 1191 2933 quot
1225 2886 1389 2934 legiones
1415 2886 1598 2922 tenuerint
1621 2885 1646 2922 4

143 2947 266 2986 adulta
293 2954 431 2985 aestate
457 2950 478 2986 2
505 2949 564 2986 23.

964 2948 998 2984 5.
1026 2947 1194 2984 11111.
