1768 3216
100 207 123 234 ι
147 196 190 234 G.
213 198 275 236 69.
557 200 694 237 LIBER
717 200 762 236 11.
814 201 903 237 Cu.
928 201 1086 239 20-22.
1553 203 1625 237 110

101 317 288 361 nullalin
318 318 437 362 Italia
467 319 601 361 moles
632 324 716 361 tam
748 331 882 373 capax
915 319 1036 362 foret.
1099 318 1372 374 Quocumque
1411 331 1515 362 casu
1542 332 1622 363 ac·-

102 393 230 446 cidit,
262 393 359 436 dum
390 395 603 436 atrociora
644 395 954 447 metuebantur,
1007 395 1049 436 in
1089 394 1172 437 levi
1202 394 1412 447 habitum,
1452 395 1619 438 reddita

100 469 343 522 securitate,
374 473 584 524 tamquam
614 470 717 512 nihil
746 470 920 525 gravius
951 471 1036 524 pati
1066 470 1327 523 potuissent,
1358 471 1616 513 maerebant.
1672 498 1675 501 r

101 545 296 588 Ceterum
325 545 452 588 multo
483 558 655 587 suorum
688 557 839 587 cruore
868 545 1011 600 pulsus
1043 544 1253 595 Caecina3
1285 548 1327 586 et
1353 553 1440 586 nox
1458 555 1619 599 parans·

101 620 167 663 dis
196 620 394 675 operibus
431 620 660 675 absumpta.
709 620 919 663 Vitelliani
948 619 1112 674 pluteos
1145 622 1368 674 cratesque
1397 623 1440 662 et
1467 620 1649 664 vineass

100 695 377 741 suffodiendis
407 696 537 738 muris
570 696 928 752 protegendisque
960 695 1345 750 oppugnatoribus,
1388 694 1618 738 Othoniani

100 771 227 814 sudes
256 775 299 812 et
327 771 555 812 immensas
585 771 769 825 lapidum
800 783 850 812 ac
880 770 1035 824 plumbi
1057 771 1254 823 aerisque
1274 769 1407 813 moles
1428 769 1617 824 persi-in»

99 845 251 902 geudis
291 845 605 899 obruendisque
658 846 850 887 hostibus
901 845 1141 898 expediunt.
1201 844 1415 898 Utrimque
1464 845 1616 898 pudor,

98 921 307 975 utrimque
335 921 489 976 gloria,
522 925 564 962 et
595 920 790 962 diversae
821 920 1162 971 exhortationes,
1202 919 1302 960 hinc
1331 919 1546 974 legionum
1577 919 1619 962 et

102 995 343 1038 Germanici
374 996 586 1038 exercitus
617 996 771 1049 robur,
821 996 920 1037 inde
949 995 1136 1037 urbanae
1167 993 1341 1036 militiae
1372 998 1413 1036 et
1440 998 1618 1048 praeto-
1631 1011 1670 1041 ω

101 1071 258 1115 riarum
289 1071 524 1114 cohortium
554 1071 684 1113 decus
716 1071 990 1113 attollentium
1007 1083 1019 1121 3
1057 1070 1116 1111 illi
1146 1073 1190 1110 ut
1220 1078 1396 1125 segnem
1428 1073 1468 1111 et
1498 1069 1618 1111 ‹lesi-

101 1146 196 1188 dem
225 1150 268 1189 et
297 1147 414 1188 circo
445 1160 496 1188 ac
526 1147 699 1189 theatris
716 1150 958 1200 corruptum
989 1145 1175 1197 militem,
1208 1144 1251 1186 hi
1269 1144 1564 1199 peregrinum·
1576 1148 1619 1186 et

102 1225 319 1264 externum
349 1222 635 1276 increpabant.
683 1220 812 1263 Simul
843 1220 1049 1262 Othonem
1082 1233 1132 1261 ac
1148 1219 1358 1261 Vitellium
1390 1218 1617 1261 celebran-

102 1301 164 1338 tes
194 1296 488 1351 culpantesve,
530 1296 799 1338 uberioribus
841 1296 952 1338 inter
994 1308 1041 1338 se
1070 1295 1240 1350 probris
1272 1306 1395 1349 quam
1424 1293 1616 1337 laudibus

32 1371 428 1415 wstimulabantur.
489 1371 668 1414 Vixdum
679 1354 1053 1425 χοῖῑῗΓῖΙίἶὲᾟίὲῖιεῖ
1076 1364 1460 1426 propugnatoribus
1491 1381 1616 1412 moe-
1631 1379 1670 1409 ιε

74 1447 185 1499 nia,
216 1446 428 1502 fulgentes
459 1447 587 1488 armis
617 1446 804 1500 virisque
825 1446 976 1500 campi,
1011 1445 1186 1487 densum
1207 1444 1422 1499 legionum
1446 1455 1615 1499 agmen,

1240 1506 1384 1523 xs-

246 1557 278 1591 1.
314 1555 446 1589 accidit
472 1553 578 1589 Gna:
619 1555 761 1589 accidat
786 1554 827 1596 B,
855 1564 927 1587 non
960 1554 1069 1588 etiam
1099 1551 1171 1596 Ma,
1212 1556 1252 1586 ut
1276 1556 1396 1586 narrat
1422 1551 1496 1586 Iac.
1523 1551 1616 1586 Gro-

104 1606 249 1640 novius.
347 1605 382 1639 3.
417 1615 503 1638 mer.
533 1602 598 1638 Ma.
700 1605 736 1638 5.
764 1603 947 1648 absumpta
972 1603 1155 1636 Muretus:
1195 1607 1374 1646 assumpta
1399 1599 1494 1634 Gala.
1578 1601 1615 1635 6.

106 1653 196 1699 subs.
225 1652 291 1689 Ma.
367 1652 443 1698 obp.
470 1651 536 1686 Ma.
607 1653 641 1687 7.
668 1653 753 1686 inm.
781 1650 847 1685 Ma.
906 1651 943 1685 8.
971 1652 1143 1695 utrimque
1168 1650 1364 1695 utrobique
1391 1647 1470 1683 Ma:
1496 1650 1616 1682 utrin-

106 1714 171 1747 que
196 1701 238 1737 G.
313 1702 348 1738 9.
376 1706 488 1735 exart.
516 1700 582 1735 Ma.
685 1703 742 1735 11.
768 1706 800 1734 et
826 1699 979 1734 desidem
1006 1698 1079 1733 Ma:
1109 1698 1137 1733 G
1162 1708 1207 1732 ac
1233 1698 1305 1732 des.
1386 1699 1444 1734 12.
1470 1697 1524 1732 1⁸5⁸·
1548 1695 1615 1732 Ma.

110 1751 167 1787 16.
194 1751 327 1797 ean-pis
352 1748 428 1784 Ma:
454 1749 482 1784 G
509 1750 635 1795 campi.

108 1850 279 1896 temporis
335 1849 550 1884 detrimento
611 1853 824 1894 caperetur3

895 1848 996 1883 nulla
1022 1858 1134 1893 opera
1160 1846 1258 1880 facta
1286 1849 1404 1880 erant.
1431 1844 1619 1879 Librorum

107 1904 253 1945 postero
280 1898 339 1933 die
372 1897 501 1944 quibus
532 1908 618 1932 usus
652 1899 700 1932 sit
735 1898 825 1932 arti-

896 1899 1075 1942 scriptura
1113 1900 1312 1941 assumpta,
1356 1904 1449 1940 quae
1483 1891 1620 1938 placuit

107 1951 187 1992 bus,
206 1948 397 1993 descripsit
417 1946 501 1981 inde
519 1947 672 1981 averbis
686 1949 738 1992 (e.
757 1948 823 1993 22)

108 1997 327 2045 legionarius
347 1996 476 2043 pluteis
501 2002 534 2030 et
571 1996 728 2030 cratibus
754 2000 824 2030 cet.

171 2045 449 2093 pulcherrimum
459 2045 710 2091 amphitheatri
719 2056 803 2090 opus
814 2056 825 2078 τ

109 2107 194 2142 opus
219 2098 306 2141 (nos
331 2095 483 2129 dicimus
510 2094 606 2137 Bau,
632 2094 825 2140 Bauwerk)

109 2155 276 2191 magnum
310 2143 515 2178 aedificium
557 2148 593 2177 et
631 2142 828 2177 artificiose

109 2198 281 2228 structum
306 2192 506 2239 significat,
545 2197 585 2225 ut
614 2191 709 2237 apud
734 2191 828 2225 Sue-

111 2243 246 2276 tonium
263 2240 379 2276 Tiber.
396 2243 442 2276 31
470 2246 555 2286 opus
578 2242 662 2274 nom·
687 2240 827 2274 theatri.

183 2297 217 2325 et
253 2301 327 2323 nox
357 2290 533 2336 parandis
565 2290 726 2335 operibus
763 2288 830 2322 ab-

111 2345 267 2386 sumpta.-
282 2338 460 2384 quomodo
473 2339 607 2382 primns
619 2338 696 2372 dies
707 2343 830 2371 trans-

112 2394 212 2423 actus
251 2388 299 2421 sit
324 2389 404 2421 sive
437 2387 673 2431 absumptus,
714 2385 832 2420 adhuc

114 2438 316 2482 expositum
343 2441 409 2471 est.
437 2436 523 2470 Sine
538 2435 722 2480 operibus,
745 2433 831 2468 nul-

113 2486 159 2520 lis
183 2485 316 2531 pluteis
356 2485 586 2530 cratibusque
622 2495 664 2518 ac
698 2483 830 2526 vineis,

113 2534 177 2569 scd
215 2535 352 2578 impetu
396 2534 574 2568 coloniam
622 2543 831 2579 expugnare

114 2583 247 2617 milites
282 2582 467 2616 Vitelliani
509 2583 673 2628 aggressi
717 2585 830 2615 erant.

116 2631 187 2665 lam
213 2630 403 2665 dicendum
445 2634 521 2665 erat
546 2630 631 2676 quid
655 2634 832 2664 nocturno

117 2684 278 2723 tempore
317 2683 438 2722 partes
469 2683 644 2724 utraeque
677 2680 830 2724 egerint.

115 2727 288 2762 Nimirum
316 2737 395 2759 cnm
429 2728 542 2770 prima
575 2727 658 2761 luce
692 2727 832 2761 obsidio

118 2776 291 2810 acerrime
334 2774 504 2808 tentanda
545 2775 722 2819 instaret,
763 2780 831 2810 tam

119 2824 328 2858 obsessores
353 2832 457 2869 quam
474 2823 612 2857 obsessi
626 2827 702 2858 tota
726 2829 833 2859 nocte

119 2880 229 2918 opera
255 2880 450 2917 paravere3
492 2872 562 2906 hoc
603 2874 657 2906 est
691 2875 724 2907 et
762 2883 835 2906 nux

117 2918 292 2968 parandis
322 2920 482 2967 operibns
517 2920 718 2966 absumpta,
760 2928 833 2955 non

120 2968 326 3016 adsum-pta,
370 2967 454 3015 quia
505 2970 666 3014 tempore
706 2968 834 3003 dim-ho

896 1946 1087 1981 Walthero
1126 1950 1161 1979 et
1190 1943 1353 1986 Orellio‚
1393 1948 1528 1987 pravae
1558 1953 1620 1977 asa

896 1995 1077 2030 similandi
1098 1993 1327 2028 inclinationi
1352 1993 1531 2038 originem
1551 1991 1619 2027 de-

897 2045 972 2079 bet.

973 2092 1184 2138 expediunt.-
1216 2101 1249 2124 v.
1278 2094 1398 2124 annot.
1427 2089 1472 2123 ad
1495 2089 1539 2124 vl
1556 2089 1618 2125 43.

967 2140 1189 2175 uberioribus
1201 2140 1296 2173 inter
1308 2151 1345 2173 se
1355 2138 1498 2185 probris
1517 2148 1620 2183 quam

899 2190 1061 2224 laudibus
1086 2189 1378 2223 stt‘mtclabantur:
1415 2187 1619 2232 exemplum

898 2239 1088 2273 brevitatis
1124 2242 1160 2272 et
1185 2238 1223 2271 in
1265 2236 1418 2271 dicendo
1446 2236 1619 2280 δεινότη-

899 2301 963 2327 τος
988 2286 1184 2321 Tacitinae.
1228 2285 1327 2327 Quae
1355 2284 1399 2318 ad
1427 2284 1619 2318 celebran-

900 2337 982 2370 dum
1031 2338 1284 2380 imperatorem
1332 2341 1435 2366 suum
1475 2327 1644 2379 utrique*

900 2385 1093 2428 dicebant,
1132 2395 1175 2418 ca
1207 2387 1268 2417 aut
1296 2381 1405 2416 exilia
1432 2387 1533 2415 erant
1559 2385 1621 2416 aut

900 2434 992 2468 falsa
1029 2433 1184 2479 ideoque
1220 2433 1337 2465 minus
1372 2435 1455 2475 apta
1490 2433 1620 2464 stimu-

900 2482 1015 2517 landis
1060 2482 1104 2516 ad
1141 2482 1311 2515 virtutem
1353 2479 1481 2513 animis
1504 2491 1513 2513 :
1555 2478 1620 2513 sed

901 2542 993 2577 qnae
1020 2535 1172 2576 uterque
1209 2530 1390 2564 exercitus
1418 2528 1547 2573 probra
1575 2527 1618 2561 ab

901 2580 1116 2614 adversariis
1145 2580 1182 2612 in
1208 2579 1409 2624 principem
1428 2577 1471 2611 ab
1498 2588 1538 2611 se
1562 2576 1619 2610 fa-

902 2633 997 2663 ctum
1010 2627 1214 2671 audiebant,
1239 2627 1428 2661 adversum
1446 2625 1558 2659 multa
1584 2629 1620 2658 et

902 2689 989 2713 vera
1015 2678 1104 2711 vitia
1142 2678 1293 2716 iactata,
1330 2676 1373 2709 iis
1412 2673 1556 2707 facilius
1584 2677 1620 2706 et

902 2728 1046 2772 saepius
1060 2726 1219 2760 fautores
1245 2723 1471 2767 imperatoris
1492 2730 1619 2765 repre-

903 2775 1007 2810 hensi
1043 2773 1341 2811 stimulabantnr‚
1382 2779 1485 2815 quam
1528 2779 1619 2815 quae

902 2825 971 2869 ipsi
999 2825 1035 2857 in
1062 2821 1205 2856 laudem
1240 2818 1400 2854 eiusdem
1430 2827 1619 2863 prompse-

902 2876 995 2906 rant.

978 2918 1065 2964 Cam
1092 2919 1151 2952 22.
1179 2916 1322 2951 densum
1348 2914 1525 2961 legium
1551 2915 1619 2959 ay·-

903 2971 1002 3003 men:
1031 2966 1233 3002 accuratius
1258 2960 1621 3010 scriptitatum
