1768 3216
684 186 1031 224 ANNOTATIONIS.

116 309 262 341 senatus
287 304 490 340 consultum
516 305 561 349 gie
588 304 700 341 Gallis
724 306 760 339 in
780 316 842 340 se-

164 369 286 400 natum
314 365 535 410 recipiendis
563 367 605 400 11
633 366 692 402 25.
732 364 843 400 Clau-

163 426 306 461 dianum
321 426 366 461 de
387 436 504 471 poena
522 426 734 461 feminarum
749 437 841 472 quae

163 487 280 525 servis
330 487 637 533 coniungerentur
687 487 731 520 12
780 487 839 522 53.

162 545 384 582 Silanianum
415 546 459 581 de
498 557 616 592 poena
647 557 832 582 servorum

107 621 114 624 >
160 606 206 642 ob
232 607 444 642 interfectos
475 607 636 642 dominos
666 608 710 643 13
732 608 778 642 32
799 611 835 641 et

166 667 210 701 14
226 665 285 701 42.
310 666 553 712 Turpilianum
580 671 705 701 contra
733 677 841 711 prae-

161 727 382 762 varicatores
400 726 444 762 14
463 726 523 761 41.
542 726 785 761 Neronianum
801 726 844 760 de

163 786 323 833 gratibus
359 787 625 832 provinciarum
659 785 840 832 praesidi-

161 845 228 880 bus
254 846 405 892 agendis
436 847 479 881 15
505 847 564 882 22.

114 910 260 941 senatus
286 906 347 940 ubi
374 906 445 941 loci
467 907 662 941 convenire
678 915 835 940 consue-

161 967 256 1000 verit
286 966 328 1001 16
356 967 414 1001 27.
441 967 471 1000 H
503 968 514 999 1
547 967 606 1001 71.

118 1021 280 1061 Senecae
308 1025 456 1060 exilium
487 1027 531 1061 12
555 1026 590 1060 8.
637 1026 716 1059 eius
745 1025 842 1059 divi-

161 1086 288 1119 tiarum
323 1095 410 1120 vera
445 1095 553 1118 causa
581 1086 624 1120 13
650 1085 709 1120 42.
759 1085 837 1118 eius

159 1150 280 1190 partes
318 1146 354 1178 in
390 1144 600 1178 trucidanda
641 1145 843 1191 Agrippina

169 1205 213 1241 14
233 1207 267 1241 7.
296 1206 452 1240 carmina
478 1216 570 1251 quae
599 1204 676 1239 eius
695 1206 840 1239 nomine

163 1267 484 1310 circumferuntur,
512 1271 665 1311 excepta
691 1265 842 1301 Octavia

128 1338 130 1342 ’
163 1328 322 1374 genuina
350 1332 433 1362 sunt
461 1326 506 1361 14
531 1327 589 1361 52.
616 1326 660 1360 ab
685 1325 838 1360 adulan-

162 1387 206 1422 do
234 1387 327 1422 liber
354 1387 423 1421 fuit
454 1387 495 1420 15
522 1387 581 1422 61.
634 1388 711 1420 eius
745 1386 839 1420 bona

163 1452 245 1492 post
271 1451 420 1481 mortem
454 1446 629 1492 pleraque
663 1446 844 1491 publicata

108 1513 130 1540 ,”
163 1508 206 1542 15
233 1508 293 1543 62.
322 1508 400 1543 eius
426 1507 556 1541 fratres
587 1509 629 1542 15
658 1507 715 1542 73.

118 1569 280 1604 seniores
308 1569 425 1613 prius,
453 1573 526 1602 tum
553 1568 610 1602 cui
637 1568 751 1612 prima
777 1578 841 1602 ae-

164 1632 218 1662 tas
248 1628 506 1674 extinguuntur
535 1627 577 1662 16
606 1628 661 1661 11.

116 1697 243 1722 sensus
271 1691 307 1721 et
330 1688 510 1721 sententia
537 1685 564 1720 O
593 1686 653 1721 20.

115 1746 241 1782 Sentio
275 1747 400 1781 vitium
437 1746 579 1780 videtur
616 1756 679 1790 pro
707 1745 839 1779 Anteio

164 1807 191 1840 H
217 1805 242 1841 4
269 1807 302 1842 7.

106 1876 285 1912 ,separare
311 1865 464 1900 consilia
489 1865 521 1899 Α
546 1866 605 1900 38.

116 1937 293 1973 seponere
318 1926 523 1972 Aegyptum
538 1925 559 1959 2
580 1925 639 1960 59.
668 1934 845 1969 seponere

163 1988 188 2021 i.
216 1999 247 2022 e.
279 1988 315 2020 in
344 1985 492 2020 exilium
519 1986 662 2019 mittere
688 1985 717 2019 H
743 1987 760 2019 1
788 1986 841 2020 10.

115 2059 154 2083 se
180 2057 376 2092 pronomen
403 2047 571 2080 omissum
597 2045 621 2079 4
645 2045 703 2080 59.

115 2108 218 2154 sequi
245 2107 289 2142 de
316 2106 470 2142 naturali
497 2106 614 2140 studio
642 2110 678 2140 et
703 2106 834 2140 affectu

163 2168 191 2202 G
216 2167 277 2203 38.

114 2228 258 2272 Serapis
285 2231 339 2260 est
367 2226 470 2260 Pluto
498 2226 527 2260 H
546 2226 570 2259 4
594 2227 654 2261 83.
682 2227 758 2259 eius
774 2235 835 2258 re..

162 2289 252 2335 ligio
278 2297 350 2321 non
369 2298 413 2321 ex
431 2286 565 2330 Sinope
585 2286 748 2327 advecta,
776 2285 839 2319 sed

162 2350 198 2382 in
225 2349 301 2393 ipsa
327 2347 496 2392 Aegypto
528 2349 610 2378 nata
637 2345 665 2378 H
692 2344 715 2379 4
738 2343 797 2379 84.

112 2409 238 2445 Serica
264 2407 377 2442 vestis
405 2407 427 2440 2
453 2406 511 2440 33.

117 2469 243 2504 serrati
270 2467 456 2514 bigatique
483 2464 510 2499 G
537 2466 570 2500 5.

118 2532 305 2564 servarent
330 2537 416 2561 sane
443 2530 609 2569 receptos
645 2525 739 2557 inter
773 2522 841 2556 ho-

166 2590 299 2623 minum
327 2587 454 2621 famam
485 2585 527 2619 13
555 2586 612 2619 55.

118 2647 311 2684 Serviliani
338 2646 432 2679 horti
464 2646 505 2679 15
534 2646 591 2679 55.

117 2710 195 2743 sine
222 2708 396 2742 servitute
422 2705 450 2739 Ο
480 2705 540 2739 40.

118 2766 350 2813 sesquiplaga
375 2764 579 2799 interficere
609 2764 651 2797 15
678 2762 736 2798 67.

119 2825 453 2864 Sessorium‘locus
488 2822 681 2857 servilibus
721 2822 845 2866 poenis

119 2914 125 2923 .
167 2887 346 2932 sepositus
379 2886 420 2920 15
447 2884 506 2919 60.
535 2883 564 2917 Η
595 2885 608 2917 1
640 2882 699 2918 49.

162 2972 287 3003 Tacitus
310 2969 363 2999 lV.

1541 194 1613 227 ³139

893 305 1013 342 severi
1040 305 1064 339 i.
1093 316 1125 340 e.
1153 312 1283 341 severe
1309 305 1554 343 existimantes
1579 309 1609 343 H

945 366 964 399 1
992 366 1051 400 52.

893 429 1018 460 sextae
1045 425 1210 472 legiones
1245 426 1359 471 duae,
1398 427 1547 472 Syriaca
1582 431 1618 462 et

940 486 1132 530 Hispanica
1157 487 1185 520 H
1212 487 1235 522 2
1260 487 1320 530 83,
1348 487 1371 522 3
1397 485 1457 531 46,
1485 489 1506 523 5
1537 487 1592 523 14.

884 547 978 580 sexti
1005 545 1089 580 libri
1116 545 1308 580 Annalium
1333 547 1475 582 initium
1501 547 1524 583 6
1554 549 1585 582 1.

885 606 1094 641 Siatutanda
1110 607 1147 640 in
1161 606 1349 642 Germania
1369 609 1497 644 civitas
1515 607 1614 642 nulla

939 666 963 700 4
990 667 1047 701 73.

895 725 963 759 sibi
994 726 1162 759 vitiosum
1189 735 1253 770 pro
1282 725 1331 760 ibi
1357 726 1388 760 H
1414 728 1436 763 2
1460 727 1521 762 83.

889 785 1034 820 sibimet
1079 786 1189 820 duces
1229 786 1387 821 caeleste
1430 786 1618 821 crederent

939 846 1090 890 primum
1116 846 1217 880 cuius
1244 845 1380 880 auxilio
1406 851 1616 891 praesentes

934 906 1095 940 miserias
1122 906 1349 951 pepulissent
1391 907 1617 942 emendatum

940 965 969 999 H
996 966 1018 1001 5
1045 966 1080 1001 3.

892 1026 946 1059 sic
982 1030 1208 1069 praesentem
1243 1031 1374 1060 statum
1409 1027 1556 1062 denotat
1589 1027 1618 1062 0

935 1083 996 1118 41.

894 1145 1013 1178 sidere
1040 1144 1249 1179 translatum
1267 1143 1312 1178 ad
1325 1149 1458 1179 metum
1474 1145 1503 1179 Η
1520 1147 1542 1180 2
1563 1147 1619 1181 15.

891 1205 995 1250 signa
1023 1208 1059 1238 et
1083 1204 1222 1239 vexilla·
1248 1205 1270 1238 2
1304 1206 1345 1239 17
1377 1209 1413 1238 et
1439 1206 1497 1239 52.
1541 1205 1570 1239 H
1597 1206 1620 1240 3

943 1266 987 1301 10
1014 1269 1050 1299 et
1075 1265 1135 1301 22.
1163 1265 1195 1299 A
1220 1265 1278 1300 35.

889 1326 1031 1371 signum
1067 1325 1222 1359 militare
1259 1326 1275 1359 1
1304 1325 1338 1360 7.
1390 1336 1533 1372 pugnae
1565 1326 1618 1361 si-

937 1396 1046 1431 gnum
1072 1386 1099 1419 H
1123 1385 1147 1419 3
1172 1386 1232 1421 22.

894 1447 923 1479 si
952 1446 1000 1479 ita
1026 1444 1137 1480 ferret
1163 1444 1192 1478 H
1221 1445 1244 1479 2
1269 1444 1331 1480 44.

892 1506 1014 1541 Silano
1048 1505 1226 1551 Torquato
1251 1505 1439 1551 Augustus
1481 1504 1616 1539 abavus

940 1566 1084 1601 videtur
1102 1565 1228 1609 fuisse,
1255 1575 1327 1598 non
1345 1570 1470 1599 atavus
1493 1566 1536 1600 15
1555 1565 1614 1600 35.

938 1625 1057 1660 fratris
1095 1626 1173 1659 eius
1212 1624 1306 1659 filius
1334 1625 1370 1660 L.
1402 1624 1545 1659 Silanus
1571 1624 1616 1658 ab

937 1684 1131 1719 Heliodoro
1143 1684 1304 1719 delatore
1317 1694 1508 1729 oppressus
1527 1684 1569 1719 16
1582 1684 1616 1719 7.

890 1744 1026 1779 Siliana
1060 1743 1117 1778 ala
1152 1755 1171 1778 a
1205 1744 1294 1779 Silio
1328 1743 1511 1789 appellata
1539 1743 1568 1777 H
1590 1745 1616 1777 .1

943 1805 999 1840 70.

896 1864 994 1899 Siloe
1020 1864 1101 1898 fons
1128 1864 1156 1898 H
1184 1864 1205 1899 5
1239 1865 1294 1899 12.

897 1924 1051 1958 Silurum
1078 1923 1183 1958 sedes
1208 1923 1240 1957 A
1270 1922 1324 1957 17.

894 1984 1096 2018 Simbruina
1122 1988 1249 2029 stagna
1272 1982 1350 2028 quis
1374 1980 1617 2026 Sublaqueum

939 2054 1071 2079 nomen
1100 2048 1154 2078 est
1184 2043 1227 2077 14
1251 2044 1311 2078 22.

884 2104 1038 2149 simplex
1070 2105 1093 2139 i.
1123 2115 1155 2138 e.
1183 2105 1345 2137 sincerus
1375 2106 1483 2147 atque
1501 2109 1608 2134 verus

937 2165 964 2199 G
990 2166 1050 2200 22.

884 2225 1039 2268 simplex
1078 2222 1227 2257 verbum
1265 2230 1328 2265 pro
1364 2219 1562 2263 composito
1590 2219 1612 2252 2

937 2284 984 2317 42
1012 2288 1047 2318 et
1070 2282 1129 2325 43,
1155 2282 1179 2316 3
1208 2281 1267 2325 59,
1299 2282 1338 2314 11
1368 2281 1408 2323 4,
1441 2280 1483 2313 12
1510 2279 1557 2314 30
1582 2282 1617 2312 et

933 2343 992 2386 45,
1024 2343 1067 2377 13
1094 2342 1140 2377 28
1168 2346 1205 2375 et
1226 2341 1271 2375 32
1300 2345 1336 2374 et
1358 2340 1404 2373 34
1432 2343 1468 2373 et
1492 2339 1616 2381 50,15

948 2402 1076 2445 14,16
1102 2401 1136 2436 9.
1165 2401 1194 2434 H
1226 2403 1243 2434 1
1272 2402 1295 2436 2
1323 2404 1358 2434 et
1380 2400 1426 2434 35
1454 2403 1488 2433 et
1515 2398 1616 2440 55,2

941 2461 1205 2505 9‚32et29
1233 2465 1269 2495 et
1296 2460 1405 2503 47‚5
1437 2457 1617 2493 13.G14

941 2527 977 2556 et
1003 2521 1062 2558 26.

889 2582 995 2617 simul
1025 2592 1104 2616 cum
1131 2581 1288 2615 ablativo
1315 2580 1338 2613 3
1357 2577 1416 2613 64.
1442 2577 1548 2611 simul
1571 2597 1615 2603 -

937 2654 1005 2688 que
1039 2652 1102 2687 pro
1138 2646 1279 2686 praeter
1312 2660 1355 2666 -
1391 2638 1498 2672 etiam
1537 2637 1563 2671 H
1592 2638 1614 2672 2

937 2702 995 2737 69.

893 2761 1094 2807 singulares
1121 2761 1150 2794 H
1177 2761 1199 2794 4
1226 2760 1282 2795 70.
1608 2803 1612 2806 ,

896 2820 1090 2866 singularis
1116 2830 1285 2854 numerus
1312 2819 1413 2854 verbi
1430 2822 1510 2863 post
1528 2817 1616 2855 sub-2

944 2882 1076 2915 iectum
1103 2880 1241 2915 duobus
1258 2878 1476 2922 nominibus,
1501 2876 1615 2912 altero

1291 2956 1346 2997 24
