1768 3216
116 170 206 212 ac.
232 171 293 212 6⁹.

115 289 304 344 miserat,
335 294 381 334 ut
409 303 487 334 suo
517 290 615 334 loco
646 293 985 336 memorabimus.

609 172 762 216 ΙΔΙΒΕῇ1
772 173 799 211 1.
852 173 942 211 Gar.
970 175 1127 213 10—11.
1584 179 1634 217 1⁷

1047 293 1223 358 (ἕῳ-ῥα
1253 294 1352 348 fati,
1385 300 1426 338 et
1456 297 1654 346 ostentis,

117 378 169 408 ac
196 368 415 422 responsis
446 367 696 411 destinatum
726 368 988 423 Vespasiano
1019 369 1248 425 liberisque
1277 371 1369 415 eius
1400 372 1635 427 imperium,

48 444 103 484 11
118 445 215 496 post
242 442 450 486 fortunam
481 443 752 488 credidimus.
800 444 1038 500 Aegyptum
1062 447 1306 503 copiasque,
1339 450 1489 503 quibus
1507 452 1638 494 coer-

120 521 304 570 ceretur,
345 518 427 561 iam

541 532 565 561 e
596 532 619 561 a
652 507 751 562 divo
793 519 986 576 Augusto
1031 522 1192 576 equites
1233 524 1411 567 Romani
1448 526 1639 571 obtinent

116 590 217 643 heo
245 605 420 649 regum:
453 594 509 636 ita
539 595 676 637 visum
707 595 934 650 expedire,
965 597 1227 651 provinciam
1257 599 1373 641 aditu
1402 600 1669 656 difficilem‚s

119 679 314 717 annonae
354 668 603 723 secundam,
649 670 948 725 superstitione
998 684 1049 714 ac
1088 672 1264 716 lascivia
1311 674 1552 718 discordem
1595 680 1637 719 et

119 743 339 798 mobilem,
371 744 547 787 insciam
577 744 741 800 legum,
789 746 981 801 ignaram
1012 749 1355 803 magistratuum,
1387 749 1502 794 domi
1531 752 1639 794 reti-

1400 810 1605 827 ρ

120 831 252 938 ἕνῇ
295 819 486 876 Regebat
526 824 610 862 tum
649 820 842 864 Tiberius
890 821 1158 877 Alexander,
1208 824 1399 868 eiusdem
1437 827 1636 870 nationis.

178 894 268 938 rica
300 899 370 947 [ac
398 895 593 951 legiones
626 896 668 938 in
700 902 768 950 ea]
802 897 1023 940 interfecto
1057 898 1206 941 Clodio
1237 899 1406 954 Macro,
1437 906 1634 946 contenta

224 1045 257 1080 1.
270 1046 351 1091 sati
376 1043 454 1080 Μ3.
485 1045 561 1092 leqe
585 1046 655 1090 sati
683 1045 723 1080 G.
774 1047 811 1082 3.
840 1047 993 1094 egiptum
1007 1046 1073 1084 Ma.
1124 1049 1157 1084 5.
1186 1048 1331 1095 difficile
1356 1054 1393 1085 et
1443 1051 1477 1086 7.
1504 1050 1639 1099 {ynam

122 1091 201 1128 113.
228 1098 419 1141 utrumque
446 1099 649 1130 correctum
676 1096 712 1129 in
740 1093 780 1130 G.

125 1236 217 1281 cipis
270 1241 503 1271 contemnere
550 1241 659 1282 atque
710 1246 845 1271 exuere

123 1285 312 1321 auderent.
366 1285 421 1320 cf.
450 1285 482 1320 ll
507 1286 555 1321 59
581 1296 662 1321 cum
690 1291 846 1320 annota-

125 1337 239 1369 tione.
269 1335 380 1371 Domi·
397 1334 497 1369 valet
515 1335 551 1368 in
569 1336 648 1379 ipsa
660 1335 845 1381 Aegypto.

125 1385 316 1430 Aegyptus
348 1394 369 1417 a
393 1383 591 1428 praefectis
618 1383 847 1429 equestribus

126 1432 279 1478 perinde
322 1437 362 1466 ut
397 1432 484 1467 olim
528 1444 549 1467 a
583 1433 732 1479 regibus
770 1434 846 1467 suis

127 1481 453 1525 administrabatur,
479 1481 562 1516 dum
592 1487 736 1517 ceterae
759 1492 847 1528 pro-

126 1532 272 1566 vinciae
304 1531 576 1575 magistratuum
604 1531 845 1566 Romanorum

125 1585 306 1625 potestate
332 1583 566 1615 coercentur:
592 1580 735 1615 scilicet
760 1591 847 1626 pro-

126 1629 302 1664 consules
334 1634 371 1664 et
411 1634 663 1675 propraetores
699 1631 847 1664 nomine

127 1683 165 1712 et
189 1678 406 1712 auctoritate
443 1678 603 1712 consulis
644 1678 704 1713 vel
738 1689 847 1722 prae-

126 1728 215 1761 toris
241 1727 391 1761 Romani
425 1732 549 1773 agunt.
602 1726 656 1760 cf.
685 1726 747 1760 Xll
775 1726 846 1762 60:

128 1776 227 1810 ditus
252 1775 428 1822 Λυρκείας
454 1776 548 1821 apud
583 1782 758 1820 equestres
786 1775 846 1819 qui

127 1824 287 1871 Aeqypto
310 1825 559 1871 praesiderent
585 1824 661 1870 leye
679 1825 754 1870 aqi,
782 1823 846 1857 de-

128 1878 295 1918 cretaque
321 1885 442 1908 eorum
453 1873 604 1920 perinde
626 1873 753 1908 baberi
772 1873 848 1906 ius·
878 1871 883 1875 ”

127 1928 225 1958 serat
270 1933 316 1956 ac
348 1923 381 1957 si
417 1923 645 1968 magistratus
694 1922 850 1957 Romani

129 1971 400 2006 constituissent.
450 1971 591 2006 Nomen
627 1971 721 2006 domi
755 1970 847 2005 falso

129 2021 388 2066 interpretatur
412 2020 620 2055 Waltherus
645 2019 754 2065 ‘apud
780 2020 848 2053 do-

129 2080 225 2104 mum
252 2070 451 2114 principis?

202 2118 357 2153 Tiberius
381 2119 614 2153 Alexander:
643 2118 738 2152 lilius
769 2119 848 2152 eius

129 2166 326 2202 Alexandri
366 2169 429 2213 qui
462 2168 707 2209 Alaban-hes,
750 2166 785 2200 b.
815 2178 846 2200 e.

130 2216 339 2261 praefectus
380 2217 642 2264 vectigalium,
685 2216 849 2250 Alexan-

130 2265 231 2300 driae
258 2265 396 2309 ruerat,
425 2266 511 2300 olim
540 2267 704 2310 principe
738 2263 850 2298 Glau-

131 2315 192 2348 dio
214 2313 370 2348 Iudaeae
399 2319 620 2358 procurator.
675 2312 850 2357 Iosephus

130 2363 175 2398 A.
198 2363 262 2397 XX
287 2363 310 2397 5
332 2364 376 2398 2:
405 2359 494 2404 »Ξλθε
521 2364 561 2399 δὲ
591 2361 712 2409 Φάδῳ
743 2365 851 2407 Τιβέ-

132 2425 217 2458 ριος
237 2411 483 2460 Ἀλέξανδρος
508 2412 710 2459 διάδοχος,
744 2410 850 2447 Ἀλε-

134 2460 304 2509 ξάνδρου
334 2467 446 2503 παῖς,
483 2462 555 2496 ποῦ’
583 2465 648 2497 καὶ
676 2460 850 2507 ἀλαβαρ-

129 2510 323 2557 χὴσανῐος
363 2510 405 2546 ἐν
437 2509 708 2557 Ἀλεξανδρείᾳ
745 2512 852 2555 γένει

133 2570 173 2593 ἵε
198 2561 264 2595 zai
288 2557 435 2605 Πλθύῐίῠ
460 2558 851 2607 Πρωῐξύσανῐθςῐων

134 2609 215 2644 ἐκεῖ
237 2607 327 2642 καθ’
352 2607 484 2648 αὑτόν,
512 2608 554 2648 ὃς
582 2607 757 2655 διήνεγκε
785 2609 850 2642 καὶ

133 2658 179 2705 τῇ
212 2651 314 2701 πρὸς
344 2654 413 2692 τὸν
442 2652 537 2693 θεὸν
572 2656 745 2704 εὐσεβεῖτε
780 2656 852 2692 τοῦ

133 2704 282 2744 παιδός
324 2704 594 2753 Ἀλεξάνδρου·
640 2711 723 2745 τοῖς
770 2702 847 2751 γὰρ

133 2758 313 2802 πατρίοις
341 2755 410 2789 οὐκ
429 2755 608 2802 ἐνέμενεν
634 2749 744 2794 ουτος
760 2755 848 2790 ἔθε-

138 2813 202 2839 σιν
263 2802 406 2837 'liberio
441 2804 479 2837 in
506 2803 638 2838 Iudaea
670 2803 850 2837 Cumanus

138 2856 347 2896 procurator
368 2857 595 2886 successerat
610 2858 739 2887 octavo
757 2862 850 2886 anno

137 2900 359 2945 principatus
385 2900 553 2945 Claudii,
580 2902 764 2936 referente
790 2901 852 2935 lo-

138 2948 252 2994 sepho
293 2949 420 2984 eodem
455 2949 538 2985 loco
578 2955 615 2985 et
648 2951 689 2988 Β.
717 2949 793 2986 lud.
821 2949 852 2984 ΙΙ

246 3032 373 3063 Tacitus
393 3034 446 3063 111.

919 1237 961 1271 11
988 1236 1024 1280 6,
1053 1238 1132 1282 ipse
1148 1237 1295 1274 Nerone
1323 1240 1523 1284 imperante
1543 1236 1636 1272 Cor-

915 1284 1088 1321 bulonem
1137 1287 1311 1322 adversus
1363 1287 1547 1323 Tiridaten
1597 1292 1635 1322 et

919 1335 1129 1382 Vologesen
1155 1342 1303 1371 secutus
1330 1342 1384 1372 est
1414 1348 1446 1371 a.
1472 1338 1541 1380 63,
1567 1337 1637 1370 mi·-

915 1384 1028 1419 nister
1052 1385 1141 1419 betto
1168 1386 1271 1421 datus
1303 1385 1433 1432 (Tacit.
1463 1385 1528 1421 XV
1554 1385 1636 1432 28),

915 1443 999 1467 mox
1031 1434 1202 1481 Aegypto
1244 1436 1486 1480 praepositus.
1534 1433 1638 1468 Exu-

917 1483 963 1516 tis
993 1485 1105 1517 sacris
1142 1484 1356 1519 ludaeorum
1398 1486 1437 1519 in
1471 1483 1636 1518 ordinem

917 1532 1078 1577 equitum
1107 1532 1302 1568 illustrium
1330 1533 1398 1578 (εἴ.
1413 1533 1526 1568 Tacit.
1540 1531 1564 1567 l.
1582 1535 1636 1578 c.)

916 1591 938 1614 a
964 1580 1131 1625 Claudio,
1159 1588 1260 1627 puto,
1288 1584 1424 1617 ascitus
1451 1586 1539 1616 erat.

988 1641 1036 1664 ac
1060 1630 1217 1675 legiones
1242 1632 1281 1665 in
1306 1642 1374 1664 ea.-
1407 1631 1498 1665 haec
1526 1628 1639 1663 verba

919 1688 981 1722 pro
997 1680 1246 1723 suppositiciis
1266 1681 1408 1723 accipio
1420 1691 1431 1713 z
1446 1690 1526 1713 nam
1537 1677 1639 1712 Arri-

920 1738 996 1760 cam
1036 1738 1105 1761 una
1141 1727 1290 1774 legione
1325 1733 1411 1763 tunc
1440 1727 1637 1762 cohibitam

919 1786 999 1810 esse
1027 1787 1072 1810 ex
1099 1776 1142 1810 11.
1170 1777 1200 1810 ll
1227 1777 1274 1813 97
1304 1782 1340 1811 et
1367 1777 1410 1811 Η.
1436 1776 1485 1811 lv
1510 1775 1560 1811 48
1587 1775 1637 1809 li-

918 1829 1025 1870 quet,
1070 1836 1191 1871 neque
1238 1827 1458 1860 contrarium
1510 1823 1639 1869 probat

917 1873 1111 1908 Annalium
1143 1874 1192 1908 lv
1225 1875 1271 1917 5,
1307 1880 1346 1908 ut
1381 1879 1566 1909 ostensum
1600 1873 1638 1906 in

918 1924 1166 1957 annotatione.
1220 1923 1396 1969 Legiones
1421 1924 1533 1970 igitur
1559 1932 1638 1956 ma·-

918 1971 1052 2006 nifesto
1079 1972 1271 2006 scribentis
1288 1974 1378 2007 vitio
1395 1973 1636 2006 nominantur.

920 2020 1023 2062 Quod
1050 2023 1214 2066 sequitur
1239 2028 1406 2056 contenta
1431 2031 1504 2055 non
1521 2021 1638 2054 minus

919 2068 1076 2115 glossam
1104 2070 1243 2114 prodit:
1285 2082 1328 2106 ea
1354 2072 1450 2105 enim
1476 2070 1506 2103 si
1531 2074 1639 2103 tene-

918 2123 987 2161 tur,
1015 2118 1123 2153 debet
1141 2131 1222 2154 esse
1243 2125 1442 2162 contentae,
1462 2119 1639 2162 scriptura

919 2177 991 2200 non
1019 2179 1065 2201 ex
1091 2168 1193 2202 libris
1228 2169 1391 2213 profecta
1430 2168 1493 2202 sed
1522 2169 1638 2201 inter-

920 2216 1041 2260 polata
1073 2228 1094 2250 a
1120 2216 1332 2252 Puteolano.
1383 2217 1540 2251 Tertium
1578 2217 1638 2249 in-

920 2264 1052 2298 dicium
1066 2265 1212 2311 glossae
1240 2268 1378 2311 peritis,
1408 2266 1472 2299 sed
1498 2265 1554 2298 his
1575 2274 1639 2298 so-

919 2313 986 2355 lis,
1014 2314 1240 2358 praebebunt
1266 2315 1377 2349 verba
1402 2316 1440 2348 in
1471 2325 1539 2353 ea,
1568 2323 1638 2346 non

919 2362 963 2396 ad
990 2373 1124 2397 morem
1152 2363 1266 2398 Taciti
1293 2364 1422 2398 addita.
1461 2362 1529 2404 Qui
1550 2361 1639 2395 baec

920 2412 958 2444 iu
983 2414 1145 2458 margine
1178 2413 1237 2447 vel
1264 2424 1371 2458 supra
1402 2422 1545 2446 versum
1573 2420 1640 2444 co-

921 2459 1012 2494 dicis
1038 2460 1256 2508 ἀρχετύπου
1280 2463 1426 2506 scripsit
1441 2487 1451 2503 ‚
1478 2459 1641 2504 respexit

921 2509 1061 2543 initium
1087 2512 1216 2555 capitis
1238 2512 1282 2546 10
1303 2512 1463 2556 (Syriam
1484 2515 1515 2542 et
1534 2513 1639 2553 quat-

920 2564 1002 2592 tuor·
1027 2558 1199 2604 legiones)
1227 2565 1335 2605 atque
1366 2562 1406 2593 11
1429 2559 1639 2604 (Aeqyptum

919 2607 1107 2652 copiasque
1135 2609 1256 2653 quibus
1285 2609 1547 2650 coerceretur),
1585 2605 1639 2637 si-

919 2655 1160 2691 militudinem
1187 2656 1495 2703 quaerenS,dun1
1528 2662 1637 2686 verus

918 2709 1044 2738 auctor
1064 2707 1230 2740 varietati
1258 2706 1378 2739 studet
1435 2702 1637 2746 Opponitur

917 2753 962 2787 ab
989 2753 1127 2788 Orellio
1156 2755 1345 2789 memorari
1372 2764 1391 2786 a
1417 2752 1539 2785 Tacito
1571 2759 1637 2782 co-

920 2801 1043 2837 hortes
1070 2815 1090 2837 a
1118 2803 1245 2837 Clodio
1286 2802 1405 2836 Macro
1442 2801 1476 2833 in
1514 2798 1638 2833 Africa

921 2850 1083 2886 delectas
1111 2851 1172 2896 (H.
1204 2851 1234 2885 u
1263 2851 1350 2897 97),
1378 2849 1443 2884 sed
1469 2847 1638 2883 cohortes

922 2899 1007 2934 illae
1034 2899 1190 2934 sociales
1211 2904 1311 2933 erant
1330 2910 1375 2933 ex
1387 2898 1487 2932 Afris
1508 2896 1639 2938 lectae,

921 2949 1051 2993 quibus
1089 2958 1303 2995 quamquam
1339 2946 1490 2984 Clodius
1522 2947 1642 2992 impe-

1421 3016 1447 3058 2
