1768 3216
564 222 700 258 LIBER
726 223 784 259 W.
834 221 924 257 GAP.
953 221 1112 258 66—68.

106 236 135 266 ι.
150 223 195 265 fl.
223 225 282 263 70.
1539 221 1610 256 331

105 355 160 386 ne
179 348 433 398 quamquam
465 342 630 396 egregii
671 341 801 382 duces
843 341 949 392 [iam
990 340 1101 383 enim
1141 339 1301 381 Gallum
1344 339 1525 381 Annium
1572 341 1613 380 et

106 418 294 462 Petilium
321 417 533 460 Cerialem
564 416 801 471 delegerat)
832 428 1034 458 summam
1063 415 1162 458 belli
1192 427 1337 468 parum
1367 413 1612 456 tolerarent.

109 493 196 536 Nee
224 491 500 547 ‘relinquenda
527 491 628 533 urbs
659 490 751 532 sine
786 494 968 532 rectore.
1029 489 1080 530 Et
1119 489 1346 531 Domitiani
1387 476 1616 530 indomitae

109 568 306 612 libidines
337 567 613 619 timebantur,
655 566 890 620 suspectis,
933 565 994 606 uti
1034 564 1232 617 diximus,
1262 564 1399 606 Primo
1431 562 1616 605 Antonio

111 644 305 697 Varoque
350 642 492 684 Arrio.
553 640 686 683 Varus
734 640 1015 695 praetorianis
1058 639 1322 694 praepositus
1369 639 1452 680 vim
1494 642 1650 692 atques

113 731 228 761 arna
256 717 477 760 retinebat.
537 717 641 759 Eum
671 715 886 757 Mucianus
917 714 1079 769 pulsum
1109 714 1231 767 loco,
1264 726 1318 755 ne
1347 713 1440 755 sine
1466 713 1616 755 solatio

114 796 275 849 ageret,
321 804 516 834 annonae
558 790 776 845 praefecit.
838 790 972 843 thue
1014 789 1244 830 Domitiani
1288 787 1466 830 animum
1508 787 1619 830 Varo

113 867 225 910 bend
257 867 438 909 aiienum
469 866 687 919 deleniret,
719 866 962 908 Arretinum
994 863 1265 915 Clementem,
1297 863 1440 904 domui
1459 864 1623 916 Vespa-

115 942 224 987 siani
271 930 347 997 per
399 941 649 983 adfinitatem
698 941 895 983 innexum
945 943 987 980 et
1034 938 1318 994 gratissimum
1363 937 1618 990 Domitiano,

113 1017 395 1072 praetorianis
421 1016 677 1071 praeposuit,
706 1020 866 1070 patrem
898 1015 988 1055 eius
1016 1013 1092 1055 sub
1112 1013 1215 1055 Gaio
1241 995 1423 1055 Caesare
1449 1012 1624 1067 egregie
1637 1020 1678 1054 ιο

118 1092 302 1135 sunctum
331 1099 383 1134 ea
417 1091 756 1148 cura-dictitans3
787 1090 942 1132 laetum
957 1088 1157 1130 militibus
1184 1088 1293 1130 idem
1315 1099 1483 1139 nomen,
1503 1090 1626 1140 atque
1642 1102 1686 1151 ἔρ(

117 1168 264 1222 ipsum,
297 1179 541 1222 quamquam
564 1166 771 1209 senatorii
789 1164 967 1217 ordinis,
991 1164 1089 1205 adu
1061 1167 1248 1224 utraque
1250 1163 1396 1211 munia
1417 1161 1624 1227 sufficere
1640 1146 1701 1203 ἐξ

118 1242 446 1316 Afflmf
435 1255 459 1284 e
490 1242 658 1283 civitate
689 1240 947 1299 clarissimus
980 1239 1180 1297 quisque,
1214 1242 1254 1280 et
1284 1237 1355 1279 alii
1384 1225 1473 1291 per
1480 1229 1627 1278 ‘affibi-
1670 1224 1768 1251 “⁶³⁶“

119 1318 288 1359 tionem.
335 1304 475 1360 Sim-ul
492 1316 753 1358 Domitianus
774 1315 1073 1368 Mucianusque
1093 1312 1438 1373 accingebantur,
1471 1310 1628 1365 dispari
1659 1305 1768 1373 ,We

121 1392 275 1445 muno,
310 1391 380 1433 ille
410 1403 484 1445 spe
518 1403 567 1432 ac
598 1391 767 1433 iuventa
797 1401 1024 1444 properus,
1052 1388 1122 1430 hic
1154 1399 1294 1429 moras
1324 1391 1501 1428 nectens
1536 1378 1681 1460 quis?
1700 1394 1768 1428 Μ

121 1466 366 1522 flagrantem
393 1466 609 1535 retineret,
631 1478 686 1506 ne
719 1464 880 1506 ferocia
911 1463 1060 1505 aetatis
1092 1466 1132 1503 et
1158 1462 1298 1516 pravis
1319 1460 1629 1516 impulsoribus,

261 1593 292 1626 1.
332 1603 378 1626 ne
416 1603 624 1637 quamquam
662 1613 708 1619 -—
749 1590 947 1624 tolerarent
981 1589 1183 1623 Mercerus:
1223 1588 1366 1622 codices
1413 1595 1634 1631 nequaquam

127 1663 170 1670 —
197 1642 368 1676 tolerare.
397 1641 443 1675 cf.
470 1641 557 1687 Agi.
588 1641 643 1675 16.
732 1639 766 1674 5.
793 1650 924 1673 varrus
948 1637 1028 1672 Μ3.
1056 1636 1084 1671 G
1119 1637 1243 1671 Varus.
1338 1636 1540 1682 praeposito
1565 1633 1632 1677 Ma,

120 1691 317 1737 prepositus
343 1690 383 1724 G.
483 1689 518 1724 6.
558 1690 691 1723 solacio
723 1686 789 1722 Ma.
888 1687 923 1722 8.
963 1687 1167 1720 arrecinum
1202 1683 1279 1719 Ma:
1319 1686 1515 1719 arretinum
1543 1683 1571 1717 G
1598 1687 1634 1717 et

126 1739 202 1774 alii.
271 1739 327 1774 10.
361 1739 402 1773 G.
432 1737 495 1773 Ma.
934 1736 991 1773 13,
1020 1735 1227 1769 clarissimis
1251 1732 1326 1768 Μ3ε

125 1787 336 1823 ambitiones
361 1785 427 1822 Μ3.
517 1786 571 1821 16.
599 1787 673 1833 inp.
699 1784 766 1820 Μ3.

130 1913 166 1946 in
192 1910 415 1946 Britanniam
449 1911 595 1944 missum
631 1909 752 1944 audita
778 1908 847 1943 hac

128 1959 334 1995 rebellione
360 1965 561 2004 opportune
587 1959 845 2004 supervenisse

130 2014 166 2044 et
202 2008 323 2043 hostes
356 2009 502 2043 vicisse.
598 2037 600 2040 ,
655 2008 846 2042 indomitae

133 2058 318 2093 libidines:
348 2057 394 2092 cf.
419 2065 454 2091 ⁴c.
481 2059 504 2093 2
532 2062 567 2091 et
592 2057 652 2092 39.
822 2067 826 2069 ’

201 2107 444 2152 praetorianis
467 2107 716 2152 praepositus.-
757 2105 847 2139 haec

130 2155 241 2190 verba
284 2165 425 2189 causam
472 2154 742 2189 succedentium
779 2155 848 2187 vim

131 2210 235 2249 atque
261 2214 364 2238 arma
386 2204 561 2237 retinebat
576 2204 761 2237 continent
779 2202 848 2251 (als

140 2253 381 2298 Vorqeselzter
410 2252 473 2286 der
497 2252 759 2297 Pratorianer).
795 2251 849 2285 De

133 2311 173 2334 re
199 2300 245 2334 cf.
274 2311 354 2344 cap.
382 2301 415 2334 2.

208 2349 414 2383 Arretinum
449 2347 592 2381 codices
610 2348 851 2381 'recentiores

135 2402 171 2431 et
199 2397 392 2431 Suetonius
418 2395 622 2429 Domitiano
651 2407 679 2429 c.
715 2398 778 2429 ll:
814 2396 850 2428 in

134 2444 188 2480 Μ3
222 2446 304 2490 (qni
336 2444 447 2479 habet
483 2445 705 2490 arrecinum)
742 2456 761 2478 c
786 2454 850 2488 pro

135 2501 159 2537 t,
189 2498 229 2529 ut
243 2502 365 2538 saepe,
388 2494 545 2527 invecta.
572 2493 612 2527 In
631 2492 738 2526 titulo
758 2492 852 2537 apud

136 2543 322 2577 Gruterum
348 2553 385 2587 p.
411 2540 479 2577 104
497 2542 547 2576 M.
566 2542 754 2576 Arrio-inus
768 2540 851 2575 Cle-

135 2602 232 2626 mens
252 2617 263 2634 ‚
302 2590 366 2625 sed
389 2592 565 2624 incertum
591 2601 634 2624 an
662 2589 757 2624 idem
784 2589 851 2623 de-

136 2641 301 2686 signetur
326 2643 387 2672 aut
420 2639 546 2672 titulus
581 2643 749 2672 accurate
784 2648 851 2672 ex-

135 2697 282 2732 pressus
308 2688 366 2720 sit.
429 2687 465 2720 si
499 2687 544 2720 ab
569 2686 696 2720 Aricia
721 2695 850 2720 nomen

139 2736 310 2778 duceret,
350 2745 469 2779 neque
499 2734 695 2768 Arrecinus
733 2745 852 2779 neque

139 2784 329 2819 Arrio-inus
357 2782 421 2817 sed
441 2782 609 2816 Aricinus
636 2782 697 2827 (fl.
720 2782 765 2816 1⁵11
785 2782 851 2829 36)

139 2832 316 2866 nominari
344 2831 479 2865 debuit.

212 2881 259 2914 ad
292 2886 440 2925 utraque
476 2879 619 2912 mum'a:
664 2878 698 2912 h.
739 2890 770 2913 e.
811 2878 855 2912 ad

142 2939 268 2963 munus
286 2929 504 2963 senatorium
519 2933 555 2962 et
567 2932 749 2972 equestre,
764 2938 854 2972 qua-

142 2977 187 3013 lis
213 2978 282 3014 feu
301 2977 534 3024 praefectura
559 2977 740 3023 praetorii.
775 2976 854 3011 Non

574 1740 630 1772 11.
662 1738 766 1772 letum
791 1735 856 1770 Ma.

1351 1733 1379 1767 G
1406 1733 1632 1768 clarissimus.

917 1911 1159 1954 congruenter
1175 1905 1220 1940 ad
1238 1904 1344 1940 fidem
1358 1903 1528 1939 historiae
1540 1905 1634 1939 Sue-

917 1958 1037 1991 tonius
1080 1957 1117 1990 in
1151 1955 1227 1989 Tito
1268 1954 1319 1989 6:
1370 1955 1635 1999 praefecturam

918 2017 1050 2051 quoque
1072 2004 1252 2051 praetorii
1263 2003 1430 2048 suscepit,
1457 2014 1636 2047 nunquam

918 2055 966 2088 ad
995 2055 1032 2089 td
1072 2059 1203 2099 tempus
1238 2052 1310 2085 nisi
1340 2051 1384 2085 ab
1421 2053 1533 2096 equite
1561 2053 1634 2086 Ro-

918 2115 1021 2137 mano
1051 2102 1347 2136 administratam.
1384 2099 1501 2134 Etiam
1528 2101 1633 2135 Seia·
1675 2120 1677 2123 -

918 2163 984 2186 nus
1018 2152 1110 2185 intra
1149 2151 1307 2185 ordinem
1346 2159 1446 2183 suum
1487 2160 1526 2183 se
1562 2160 1632 2182 non

920 2201 1159 2235 continuerat.

991 2249 1221 2283 adsumuntur
1251 2258 1269 2279 e
1306 2247 1446 2280 civitate
1472 2245 1633 2279 clarissi-

919 2310 993 2332 mus
1011 2298 1173 2342 quisque:
1199 2294 1471 2330 assumebantur
1489 2294 1532 2327 ad
1553 2305 1632 2326 mu-

920 2348 979 2380 nia
1026 2350 1220 2379 castrorum
1264 2342 1363 2375 urbis
1410 2342 1632 2387 procuranda

920 2390 1052 2427 tribuni
1082 2404 1102 2427 e
1128 2392 1269 2427 civibus
1296 2392 1330 2437 (e
1356 2391 1534 2435 civitate),
1562 2401 1631 2424 non

923 2441 1182 2483 emititur-ibus,
1208 2445 1247 2474 ut
1265 2449 1380 2473 novos
1406 2444 1566 2473 rectores
1599 2444 1635 2473 et

921 2492 1041 2525 omnia
1064 2494 1199 2524 mutata
1223 2488 1327 2522 miles
1346 2488 1544 2522 offenderet
1567 2497 1634 2521 eo-

921 2550 991 2585 que
1027 2540 1145 2573 minus
1176 2538 1328 2572 fidenter
1366 2542 1504 2582 ageret
1556 2536 1634 2570 Non

921 2593 1019 2623 recte
1043 2587 1230 2622 Ernestius
1254 2597 1296 2620 ac
1322 2585 1478 2619 Pichena
1505 2584 1634 2618 claris..

920 2638 1029 2672 simos
1055 2636 1139 2670 illos
1165 2636 1208 2670 ad
1229 2634 1401 2669 Gallicam
1429 2633 1634 2677 expeditio-

921 2697 1001 2720 nem
1026 2687 1153 2718 missos
1180 2694 1259 2718 esse
1274 2686 1410 2726 putant.
1438 2681 1524 2714 Nam
1544 2680 1634 2715 haec

923 2745 1000 2768 cum
1026 2733 1206 2777 prioribus
1245 2730 1337 2764 haud
1365 2729 1471 2762 dubie
1498 2728 1634 2762 cohae-

921 2787 1020 2816 rent:
1047 2782 1090 2815 ad
1117 2781 1251 2814 bellum
1275 2778 1416 2811 'l'acitus
1442 2778 1635 2811 revertitur

922 2830 1043 2864 verbis
1083 2827 1184 2862 simul
1231 2827 1453 2860 Domitianus
1491 2825 1634 2860 Mucia-

921 2889 1062 2923 nusque.

995 2924 1290 2970 accinyebantur:
1321 2923 1463 2968 accingi
1491 2923 1634 2968 proprie

923 2976 1053 3010 dicitur
1087 2973 1132 3008 de
1166 2974 1211 3008 iis
1237 2973 1299 3019 qui
1337 2971 1458 3019 gladio
1490 2982 1529 3007 so
1569 2982 1634 3007 ac..
