1768 3216
138 217 164 244 ι
184 207 225 245 G.
252 209 312 246 69.
613 211 751 248 LIBER
774 213 836 250 ΙΙΙ.
887 213 975 251 Gn.
1000 215 1156 253 30—32.
1567 221 1641 255 225

136 338 228 380 res,
261 331 302 370 et
329 329 463 382 primo
494 330 747 385 ingerebant
775 332 951 384 probra,
984 333 1245 376 intentabant
1276 335 1406 377 ictus:
1448 347 1566 388 mox,
1599 339 1645 377 ut

136 395 332 455 praeberi
361 415 435 446 ora
467 406 752 459 contumeliiS,
786 410 826 447 et
856 407 991 460 posita
1022 408 1135 449 omni
1165 408 1328 451 ferocia
1359 414 1509 452 cuncta
1539 411 1641 452 victi

137 476 422 531 patiebantur,
469 479 581 520 subit
618 480 861 522 recordatio
903 481 996 523 illos
1043 495 1139 524 csse
1180 483 1249 536 qui
1287 495 1420 537 nuper
1449 483 1645 526 Bedriaci
1750 507 1764 526 x

138 550 371 636 νωῑῗῖὶὲῗ
374 557 691 613 “Pmperassent-
739 555 822 597 Sed
854 555 924 597 ubi
948 556 1129 598 Caecina
1157 562 1372 611 praetexta
1402 558 1678 608 lictoribus·
1672 529 1768 628 &⁴²

77 642 85 648 ·
140 636 221 679 que
251 626 445 682 insignis,
475 628 631 671 dimota
661 629 796 682 turba,
829 630 976 672 consul
995 631 1182 684 incessit,
1217 645 1417 674 exarsere
1441 633 1645 676 victores:
1659 643 1768 695 αἰνῇ]

69 928 128 969 32

139 700 376 754 superbiam
421 704 722 758 saevitiamque
768 704 897 756 (adeo
945 705 1079 747 invisa
1124 706 1288 748 scelera
1330 711 1470 760 sunt),
1524 708 1647 750 etiam
1657 712 1768 756 Qu]

138 775 355 846 peQm
387 777 672 820 obiectabant.·
730 778 897 821 Obstitit
923 778 1147 834 Antonius,
1181 781 1372 835 datisque
1403 782 1648 825 defensori-

140 850 219 893 bus
249 852 302 894 ad
333 852 636 907 Vespasianum
667 854 837 896 dimisit.

274 926 394 968 Plebs
426 927 591 970 interim
623 929 972 971 Cremonensium
1005 930 1114 971 inter
1152 935 1336 973 armatos
1369 933 1648 975 conflictaba-
1677 931 1768 973 Mau

140 1003 234 1052 tur3
261 1013 340 1042 nec
370 1003 517 1056 procul
549 1004 682 1045 caede
714 1005 908 1057 aberant,
943 1016 1036 1046 cum
1066 1005 1262 1059 precibus
1294 1006 1444 1049 ducum
1475 986 1768 1063 ῐῐιίῐίςΗ-ιῖἷὼε

141 1079 205 1117 tus
237 1079 300 1117 est
329 1076 460 1118 miles.
522 1078 573 1119 Et
603 1083 776 1123 vocatos
809 1078 860 1120 ad
895 1079 1134 1120 contionem
1156 1079 1365 1123 Antonius
1396 1081 1647 1135 adloquitur,

146 1151 370 1207 magnifice
399 1152 600 1206 victores,
631 1154 769 1195 victos
802 1154 1046 1207 clementer,
1070 1155 1123 1196 dc
1144 1155 1351 1198 Cremona
1378 1156 1418 1197 in
1442 1162 1647 1199 neutrum.

141 1226 361 1268 Exercitus
404 1232 572 1280 praeter
611 1228 776 1270 insitam
821 1229 1053 1282 praedandi
1085 1230 1321 1283 cupidinem
1364 1236 1510 1273 vetere
1549 1232 1647 1273 odio

143 1300 195 1343 ad
227 1301 434 1344 excidium
466 1303 810 1355 Cremonensium
842 1304 1041 1347 incubuit.
1103 1305 1264 1347 Iuvisse
1289 1310 1429 1359 partes
1458 1306 1649 1348 Vitellia-

142 1388 218 1419 nas
250 1376 428 1419 Othonis
458 1389 623 1432 quoque
651 1379 763 1420 bello
796 1379 1077 1422 credebantur
1087 1394 1099 1430 3
1140 1392 1239 1422 mox
1278 1381 1699 1429 tertiadecimanos15

144 1451 196 1492 ad
228 1453 501 1494 extruendum
533 1453 878 1507 amphitheatrum
909 1455 1103 1506 relictos,
1143 1459 1187 1495 ut
1216 1460 1312 1496 sunt
1341 1455 1541 1508 procacia
1570 1467 1648 1497 ur-

142 1525 277 1567 banae
306 1526 438 1580 plebis
470 1527 662 1582 ingenia,
707 1529 987 1582 petulantibus
1026 1530 1174 1584 iurgiis
1214 1530 1456 1570 inluserant.
1518 1529 1648 1571 Auxit

143 1599 344 1642 invidiam
391 1601 546 1643 editum
592 1602 676 1644 illic
723 1616 746 1644 a
803 1604 984 1645 Caecina
1025 1603 1306 1658 gladiatorum
1345 1603 1645 1656 spectaculum,

145 1674 375 1729 eademque
404 1688 551 1717 rursus
577 1676 676 1718 belli
705 1677 854 1729 sedes,
905 1682 945 1718 ct
981 1678 1159 1731 praebiti
1203 1678 1244 1718 in
1293 1678 1384 1718 acie
1413 1677 1646 1719 Vitellianis

145 1750 252 1803 cibi,
298 1764 451 1794 caesae
491 1751 695 1805 quaedam
740 1752 923 1794 feminae
968 1752 1105 1793 studio
1147 1753 1326 1805 partium
1363 1751 1415 1793 ad
1443 1751 1647 1805 proelium
1662 1772 1701 1800 20

143 1837 410 1880 progressae.
471 1826 646 1881 Tempus
678 1837 843 1881 quoque
874 1831 1082 1883 mercatus
1114 1827 1240 1868 ditem
1260 1826 1416 1880 alioqui
1438 1826 1647 1868 coloniam
1695 1813 1757 1891 {a

145 1900 348 1943 maiorum
377 1912 499 1955 opum
531 1902 674 1955 specie
703 1902 951 1956 complebat.
1014 1902 1154 1944 Ceteri
1193 1901 1321 1943 duces
1360 1901 1403 1942 in
1435 1901 1646 1943 obscuro:

1382 994 1582 1003 *rw-AX.

279 2061 315 2096 3.
339 2060 540 2095 recordatio
565 2060 638 2095 Ma:
666 2062 758 2095 ratio
783 2061 844 2096 BG
870 2067 905 2096 et
931 2062 1005 2096 alii.
1091 2062 1125 2096 6.
1152 2062 1254 2096 seuit.
1278 2060 1344 2096 Ma.
1439 2063 1492 2097 10.
1523 2062 1648 2108 ficibus

144 2106 211 2142 Ma.
266 2109 322 2143 18.
350 2109 590 2154 ¹qladialormn
617 2111 671 2156 (in
698 2121 824 2144 versus
848 2111 937 2157 fine)
965 2122 1044 2144 rum
1070 2109 1135 2145 ΜῚ.
1196 2111 1255 2146 20.
1287 2121 1387 2144 cesae
1413 2109 1477 2144 Ma.
1536 2123 1648 2156 prae-

143 2156 229 2190 lium
252 2156 327 2191 Ma:
354 2157 478 2192 bellum
502 2158 543 2192 B.
641 2160 698 2193 21.
730 2159 862 2204 alioqui
888 2159 958 2194 Ma.
988 2159 1015 2193 G
1041 2159 1211 2204 alioquin.
1314 2161 1371 2194 22.
1399 2159 1573 2193 maiorum
1597 2160 1647 2193 B:

146 2204 200 2238 Ma
223 2207 405 2249 maiorem,
435 2206 463 2240 G
489 2211 525 2240 et
550 2206 653 2242 Bodl.
680 2209 827 2243 maiore.

148 2337 251 2382 gines
278 2337 437 2372 eiusdem
465 2339 694 2372 amoliuntur.
758 2340 862 2375 Conf.
933 2341 1048 2383 cipuis
1075 2345 1109 2373 et
1136 2340 1238 2373 iustis
1269 2338 1446 2373 Caecinae
1485 2340 1648 2374 crimini-

147 2385 189 2418 li.
220 2385 234 2420 l
259 2386 318 2429 41,
344 2386 374 2420 11
400 2386 461 2429 85,
487 2386 534 2420 ΙΙΙ
563 2387 606 2421 13
633 2393 669 2421 et
697 2389 751 2421 14.

214 2434 413 2469 velamenta
436 2441 468 2469 et
494 2435 627 2480 insulas
643 2449 653 2469 :
681 2435 727 2470 cf.
752 2436 795 2469 ad
821 2436 861 2470 Η.

147 2482 161 2516 l
187 2482 246 2518 66.
343 2495 410 2529 pro
436 2485 569 2518 muris.-
598 2484 643 2519 cf.
672 2483 715 2517 ad
743 2484 772 2517 ll
802 2484 861 2519 80.

218 2537 257 2566 ut
282 2532 451 2578 praeberi
475 2543 542 2566 ora
567 2531 803 2575 contumeliis,
832 2538 863 2566 et

143 2580 260 2626 posita
298 2582 392 2614 omni
430 2582 568 2625 ferocia
613 2587 741 2615 cuncta
782 2582 864 2615 victi

143 2628 400 2674 patiebantur.-
432 2639 466 2662 v.
496 2635 618 2663 annot.
647 2630 690 2663 ad
718 2629 751 2663 11
776 2630 836 2664 31.

240 2677 298 2719 qui
335 2687 447 2721 nuper
485 2677 651 2711 Bedriaci
691 2678 862 2711 victoriae

148 2728 422 2768 temperassent:
451 2724 494 2758 H.
525 2724 556 2758 ll
584 2725 644 2759 45.
769 2726 862 2759 Cae-

149 2771 232 2804 cina
257 2791 303 2797 -—
330 2771 452 2805 consul
475 2773 643 2806 incessit.-
686 2773 731 2808 cf.
760 2773 801 2807 H.
830 2774 861 2808 11

149 2819 208 2861 71,
235 2818 284 2852 lll
309 2820 374 2861 37,
403 2820 509 2852 etiam
535 2819 583 2853 lv
615 2821 660 2855 31
694 2821 754 2855 ubi
782 2822 862 2856 edi..

149 2872 243 2900 ctum
271 2868 349 2901 eius
376 2867 565 2902 consulare
591 2875 817 2903 memoratur.

222 2918 326 2950 etiam
348 2916 533 2962 perfidiam
566 2922 687 2963 (soyar
717 2918 860 2951 Treulo-

147 2964 310 3012 siqkeit).·
337 2964 486 3009 perfidia
504 2966 666 3012 quamvis
692 2966 729 3000 in
754 2976 861 3011 prae-

265 3049 388 3081 Tncitun
409 3050 462 3079 111.

932 2388 997 2421 bus
1015 2393 1123 2430 esset,
1138 2388 1229 2421 hanc
1244 2393 1360 2421 tamen
1373 2392 1553 2431 postremo
1566 2388 1646 2422 loco

934 2441 969 2470 et
1005 2437 1105 2481 quasi
1141 2436 1359 2470 haesitantes
1393 2436 1646 2479 obiectabant,

932 2485 1025 2530 quod
1048 2484 1225 2519 Caecinae
1246 2485 1400 2529 proditio
1427 2485 1463 2517 in
1490 2485 1646 2528 ipsorum

931 2533 1183 2567 Flavianorum
1208 2544 1350 2567 causam
1379 2537 1414 2566 et
1442 2533 1646 2575 utilitatem,

932 2583 968 2615 in
995 2587 1115 2626 partes
1145 2583 1355 2626 Vespasiani
1389 2581 1432 2614 ab
1466 2583 1553 2624 ipsis
1580 2582 1647 2614 de-

931 2630 1025 2664 fensi
1053 2630 1298 2675 vindicatique
1326 2630 1419 2663 facta
1446 2634 1534 2663 erat.

1003 2678 1090 2723 Cap.
1108 2681 1166 2714 32.
1208 2679 1354 2712 Othonis
1381 2688 1511 2720 quoquc
1537 2676 1647 2709 bello:

933 2727 978 2761 cf.
1008 2727 1049 2761 11.
1078 2727 1107 2760 ll
1136 2729 1183 2762 22
1209 2731 1243 2760 ct
1270 2727 1328 2767 23,
1359 2725 1552 2768 praecipue
1580 2725 1646 2759 70:

930 2787 997 2808 nec
1035 2776 1149 2808 minus
1189 2775 1384 2807 inhumana
1430 2783 1515 2816 pars
1557 2773 1647 2814 viae,

932 2834 1034 2867 quam
1068 2823 1317 2855 Cremonenses
1354 2819 1459 2852 laura
1492 2821 1648 2864 rosisque

931 2875 1198 2904 constraverunt
1226 2869 1371 2914 (honori
1384 2868 1558 2914 Vitellii),
1585 2880 1649 2901 ex-

932 2919 1054 2953 tructis
1081 2917 1253 2950 altaribus
1296 2917 1473 2960 caesisque
1499 2917 1648 2950 victimis

932 2966 1067 3012 regium
1099 2966 1138 2999 in
1171 2976 1323 3009 morem3
1361 2976 1450 3010 quae
1489 2963 1585 2999 laeta
1609 2965 1649 2999 in

1401 3031 1452 3072 15
