1768 3216
196 202 242 230 sc.»

132 288 158 306 a
181 244 261 301 2¹⁷⁸

31 318 51 349 ξ’,
78 307 240 349 ’“·’,Κμῑῇιῐκὲ

50 321 101 368 ’Ψ
184 363 312 406 duces
331 361 511 419 (paeleste
539 360 759 402 crederent
785 361 975 424 primum,
1006 363 1123 404 cuius
1154 362 1308 404 auxilio
1333 356 1576 416 praesentes
1594 362 1680 404 mi-

183 423 314 480 serias
340 428 620 488 pepulissent(
651 425 1063 491 ἢΛᾶὲεηεκὲιὲἱέ’ἐιῐειιιθ
1092 437 1274 478 omnium
1303 436 1441 491 ignari
1465 436 1678 478 fortuitum

182 511 262 551 iter
292 509 505 561 incipiunt.

768 243 1077 280 HISTORIARVM

1469 256 1502 280 a.
1529 251 1566 281 n.
1591 241 1675 283 82³.

568 508 649 550 Sed
677 509 778 550 nihil
811 521 944 564 aeque
975 523 1096 564 quam
1127 511 1266 564 inopia
1298 520 1431 564 aquae
1461 510 1676 565 fatigabat.

180 583 347 636 Iamque
379 582 487 623 haud
520 582 665 636 procul
697 584 825 625 exitio
872 585 968 626 totis
1015 585 1170 639 campis
1208 585 1543 639 procubuerant,
1585 594 1677 627 cum

149 667 285 710 sgrex
317 657 527 698 asinorum
561 658 787 712 agrestium
820 671 843 700 e
873 663 993 713 pastu
1024 659 1066 700 in
1095 671 1240 714 rupem
1285 669 1458 701 nemore
1503 669 1677 713 opacam

181 731 404 772 concessit.
447 731 621 774 Secutus
635 733 801 787 Moyses
831 734 1074 776 coniectura
1100 734 1266 776 herbidi
1285 734 1364 776 soli
1385 733 1526 789 largas
1548 743 1680 788 aqua-

177 817 270 847 rum
300 818 430 848 venas
462 807 606 860 aperit.
656 807 698 848 ld
731 807 946 859 levamen3
975 813 1015 850 et
1046 809 1282 850 continuum
1314 820 1390 851 sex
1411 808 1570 851 dierum
1600 809 1680 852 iter

179 880 352 932 emensi,
377 881 553 934 septimo
573 881 702 935 pulsis
721 881 948 924 cultoribus
977 883 1196 925 obtinuere
1218 887 1353 925 terras
1384 883 1426 924 in
1457 882 1549 937 quis
1578 883 1678 925 urbs

178 957 218 995 ct
235 954 425 1008 templum
443 954 592 997 dicata.
615 956 782 1011 Moyses
803 967 883 1010 quo
902 957 981 998 sibi
1003 957 1044 998 in
1064 961 1273 1010 posterum
1290 961 1459 1012 gentem
1479 957 1675 1011 limaret,

119 1039 157 1069 10
177 1040 311 1069 novos
341 1029 445 1070 ritus
484 1030 802 1084 contrariosque
838 1031 989 1073 ceteris
1021 1031 1263 1073 mortalibus
1294 1031 1455 1073 indidit.
1500 1031 1676 1073 Profana

177 1101 262 1144 illic
296 1103 434 1145 omnia
468 1115 573 1157 quae
606 1105 712 1158 apud
742 1117 829 1147 nos·
851 1118 996 1158 sacra3
1027 1118 1190 1148 rursum
1220 1118 1426 1149 concessa
1452 1105 1559 1160 apud
1581 1105 1676 1148 illos

180 1189 284 1230 quae
315 1177 436 1219 nobis
466 1179 641 1220 incesta.

704 1179 896 1234 Effigiem
928 1180 1118 1222 animalis
1149 1190 1229 1235 quo
1260 1184 1517 1223 monstrante
1554 1192 1678 1224 erro-

4 1234 49 1321 ff,
72 1247 157 1323 ἐωξὶ
175 1264 264 1293 rem
292 1252 484 1306 sitimque
515 1238 786 1307 depuleranff,
834 1255 1039 1313 penetrali
1074 1268 1326 1308 sacravere,
1374 1267 1500 1298 caeso
1544 1255 1676 1299 ariete

174 1326 286 1368 velut
317 1327 359 1368 in
391 1328 685 1371 contumeliam
716 1329 971 1372 Hammonis.
1015 1322 1097 1372 Hos
1126 1342 1291 1385 quoque
1310 1330 1559 1384 immolatur,
1581 1330 1676 1386 quia

0 1328 68 1362 in.

312 1487 343 1521 1.
371 1487 549 1522 credentes
572 1495 775 1535 praesentes
800 1489 903 1526 GMaz
926 1498 1130 1537 praesentes
1156 1504 1235 1528 cum
1263 1493 1394 1528 ceteris
1426 1491 1544 1528 Orosii
1569 1492 1672 1528 codd.

176 1535 282 1568 etiam
309 1535 552 1582 Sangallensis
580 1542 615 1571 et
640 1537 881 1574 TrevirenseS.

174 1583 208 1617 8.
226 1584 332 1628 optin.
362 1583 426 1618 Ma.

506 1587 559 1621 12.
589 1587 755 1620 animalis
781 1599 858 1621 cum
887 1588 1007 1634 glossa
1037 1591 1166 1635 onagri
1191 1590 1255 1624 Ma.

985 1541 1019 1575 5.
1050 1547 1154 1586 pastu
1180 1540 1252 1584 Ma,
1280 1552 1350 1576 non
1382 1540 1533 1576 Victorii
1557 1547 1671 1588 pasto.

1335 1591 1390 1626 14.
1419 1590 1518 1639 quia]
1548 1601 1568 1636 q
1595 1600 1673 1625 cum

176 1631 310 1666 duabus
347 1631 492 1667 lineolis
530 1636 786 1679 superpositis,
830 1647 899 1681 qua
932 1639 966 1671 in
999 1643 1083 1672 nota
1116 1639 1198 1683 quia
1230 1636 1307 1686 (vel
1339 1639 1522 1686 quoniam)
1560 1638 1674 1674 latere

176 1679 267 1714 vidit
294 1679 480 1729 Baiterus,
510 1688 546 1716 ut
572 1684 764 1719 voluerunt
791 1685 996 1734 Bipontini:
1034 1686 1062 1720 G
1088 1698 1196 1733 quem.

174 1828 352 1876 pulercmt,
377 1830 554 1876 penetrali
576 1841 778 1865 sacravere.
822 1831 890 1865 Pe-

175 1879 346 1924 pulissent
390 1878 484 1912 idem
528 1879 626 1913 valet
673 1890 714 1913 ac
754 1879 891 1925 pulsuri

176 1927 335 1971 fuissent.
364 1926 565 1969 Credentes,
588 1938 631 1961 ex
649 1927 891 1974 dittographia

177 1976 277 2008 vocis
301 1981 503 2019 praesentes
523 1981 557 2009 et
577 1978 738 2019 proximo
765 1976 890 2010 crede-

178 2028 256 2056 rent
280 2021 373 2056 haud
403 2023 510 2057 dubie
531 2028 669 2065 natum,
710 2024 809 2058 abest
847 2025 890 2058 ab

180 2070 334 2105 Orosiol
354 2071 405 2106 10.
445 2071 556 2105 Nimis
572 2077 689 2105 autem
711 2083 890 2106 memora-

179 2118 253 2152 bile
267 2123 320 2152 est
331 2118 446 2153 Orosii
458 2125 576 2154 aetate
587 2121 673 2154 vitia
685 2122 890 2165 praecipua,

181 2167 308 2212 quibus
335 2166 498 2201 laborant
524 2168 615 2202 haec
642 2168 772 2211 verba,
820 2171 890 2202 iam

179 2215 331 2250 admissa
348 2215 471 2260 fuisse,
484 2227 592 2251 uuum
610 2222 727 2250 tamen
742 2217 890 2251 afuisse.

258 2266 379 2311 largas
405 2276 576 2310 aquarum
610 2276 718 2300 venas
752 2267 891 2311 aperit:

181 2315 249 2348 hoc
276 2315 391 2358 ipsum
409 2319 528 2348 natum
557 2315 699 2348 videtur
713 2323 770 2357 eo,
797 2313 892 2359 quod

180 2363 309 2407 aliquis
352 2373 474 2397 eorum
520 2365 577 2407 qui
613 2363 753 2396 eludunt
794 2372 892 2396 omne

181 2412 270 2455 qnod
289 2412 369 2455 fieri
393 2412 522 2455 nequit,
550 2413 790 2445 narrationem
816 2412 893 2456 pri-

182 2470 276 2493 scam
311 2459 355 2492 de
388 2469 500 2504 aquae
536 2460 694 2493 fontibus
720 2470 740 2493 a
769 2459 892 2503 Moyse

181 2518 249 2552 ope
281 2507 403 2540 divina
436 2507 587 2540 reclusis
629 2507 759 2551 (Exod.
797 2506 893 2541 XVII

184 2556 295 2601 1—7)
333 2556 369 2588 in
408 2555 500 2589 hanc
537 2556 708 2597 invertit,
748 2555 892 2600 fugiens

179 2603 389 2638 miraculum
415 2608 450 2637 et
476 2608 621 2637 secutus
646 2602 856 2647 probabilia.

255 2652 292 2686 id
317 2651 495 2685 levamen:
522 2652 567 2686 cf.
582 2657 703 2685 annot.
724 2661 766 2683 an
779 2650 842 2685 xil
858 2652 889 2684 5.

252 2701 333 2734 urbs
364 2706 395 2734 et
435 2700 596 2746 templum
625 2700 770 2733 dicata.-
810 2699 893 2732 urbs

183 2753 236 2782 est
270 2743 390 2794 gentis
433 2754 538 2793 caput
585 2747 892 2794 (Hierosolyma),-

182 2796 331 2830 verbum
357 2797 477 2831 dicata
502 2797 596 2831 bene
619 2797 777 2830 nationis
802 2799 893 2832 θεσ-

184 2848 343 2890 κρατίαν
369 2845 539 2888 denotat;
568 2845 664 2879 conf.
691 2842 833 2888 loseph.
862 2855 892 2878 c.

184 2892 312 2936 Apion.
344 2892 375 2926 ΙΙ
403 2893 458 2928 16.

259 2940 342 2985 Cap.
372 2942 428 2976 4.·
452 2943 632 2987 profaema:
659 2941 737 2975 usui
765 2945 800 2974 et
826 2948 893 2974 ve·-

186 2989 361 3023 neratioui
389 2994 572 3034 exempta,
602 2988 714 3024 veluti
740 2988 894 3024 Manium

961 1836 997 1866 et
1022 1830 1206 1864 Penatium
1225 1828 1356 1872 cultus,
1382 1833 1523 1863 statuae
1548 1826 1676 1871 honor,

960 1879 1106 1913 deorum
1132 1877 1343 1920 simulacra,
1387 1877 1470 1911 alia.
1534 1875 1675 1911 Incesta

961 1933 1014 1961 est
1038 1927 1188 1969 illicita,
1223 1925 1287 1960 sed
1320 1926 1371 1959 ita
1407 1930 1445 1959 ut
1470 1925 1673 1969 nuptiarum

959 1978 1048 2010 ratio
1076 1975 1270 2019 praecipue
1297 1973 1482 2016 habeatur,
1507 1973 1674 2007 nomina-

959 2024 1020 2057 tim
1046 2025 1082 2057 in
1109 2023 1254 2057 fratrum
1275 2021 1366 2055 filias
1392 2022 1561 2067 coniugia
1580 2021 1673 2066 apud

959 2071 1136 2106 Romanos
1187 2069 1333 2104 insolita
1381 2066 1465 2113 (xil
1493 2068 1516 2105 6
1551 2074 1586 2104 et
1617 2069 1672 2114 7),

959 2118 1102 2155 Iudaeis
1130 2128 1201 2152 non
1230 2118 1343 2151 vetita
1371 2117 1542 2162 (Levitic.
1566 2115 1674 2151 XVIII

1028 2171 1223 2262 ffignetrali
1264 2225 1480 2249 sacravere:
1520 2214 1564 2248 de
1606 2213 1674 2248 hac

961 2263 1055 2299 fama
1099 2265 1134 2297 in
1175 2262 1428 2298 contumeliam
1461 2260 1673 2307 Iudaeorum

961 2312 1120 2357 dispersa
1154 2312 1251 2346 conf.
1290 2310 1434 2356 loseph.
1474 2322 1506 2345 c.
1540 2311 1673 2356 Apion.

960 2360 990 2395 11
1019 2362 1052 2396 7.
1080 2359 1321 2395 Tertullianus
1333 2357 1490 2404 Apolog.
1521 2358 1576 2393 16.
1605 2357 1675 2394 Mi-

960 2410 1087 2443 nucius
1114 2408 1216 2443 Felix
1252 2410 1286 2442 in
1316 2407 1466 2443 Octavio
1506 2417 1584 2451 cap.
1613 2405 1674 2443 28.

961 2456 1067 2492 Fama
1092 2455 1155 2491 illa
1181 2461 1396 2490 memoratur
1423 2456 1530 2489 etiam
1551 2455 1588 2488 in
1609 2465 1676 2489 ex-

962 2505 1094 2549 cerptis
1141 2504 1290 2538 Diodori
1333 2503 1356 2537 l.
1395 2502 1543 2537 XXXIV
1582 2501 1676 2546 apud

963 2551 1138 2587 Photium.
1212 2551 1391 2585 Penetrali
1416 2551 1470 2584 est
1497 2549 1677 2596 penetrali

963 2600 1113 2646 templo,
1149 2598 1305 2646 ideoque
1342 2598 1455 2633 nudus
1496 2598 1675 2632 ablativus

964 2659 1170 2683 concessus.
1255 2659 1357 2681 caeso
1383 2647 1516 2681 ariete.-
1542 2657 1577 2680 v.
1605 2645 1676 2680 Le-

963 2698 1061 2732 vitic.
1091 2697 1171 2731 XVI
1196 2698 1230 2731 3.
1342 2707 1402 2730 sue
1428 2696 1602 2730 abstinent
1628 2712 1674 2721 ι-

963 2746 1169 2779 obnoxium.-
1198 2744 1285 2778 alias
1322 2753 1448 2779 causas
1481 2744 1559 2777 eius
1591 2743 1676 2777 abs-

963 2795 1137 2828 tinentiae
1158 2794 1334 2837 disceptat
1352 2791 1561 2827 Plutarchus
1572 2792 1677 2836 Sym-

988 2853 1039 2877 os.
1070 2842 1119 2875 lv
1146 2842 1179 2876 5.

964 2853 985 2887 p
1037 2891 1207 2924 memoria
1232 2887 1365 2924 cladis.-
1406 2888 1440 2922 h.
1463 2899 1507 2922 ·e.
1536 2887 1674 2923 cladem

963 2938 1192 2973 recordantes
1212 2936 1255 2971 ab
1283 2947 1326 2972 co
1341 2936 1484 2971 animali
1503 2936 1572 2971 sibi
1586 2935 1675 2971 olim

964 2986 1099 3022 illatam
1127 2991 1163 3021 et
1187 2985 1342 3021 similem
1371 2988 1553 3020 caventes.
1596 2983 1674 3020 Μο-
