1768 3216
618 204 752 240 LIBER
778 203 839 240 111.
891 203 978 239 ΟΑΡ.
1006 203 1163 239 23—25.
1574 199 1647 236 219

143 190 230 246 U.
257 207 330 244 69.-

139 317 320 368 ⁴ironicas
348 324 539 380 legiones
570 322 885 378 interrogabat:
931 321 1026 365 illos
1072 332 1167 363 esse
1211 324 1381 374 campos
1420 319 1463 360 in
1505 319 1666 373 quibus*

147 399 317 444 abolere
371 399 507 442 labem
549 398 703 454 prioris
743 397 1026 452 ignominiae,
1073 396 1143 437 ubi
1190 395 1431 450 reciperare
1475 394 1655 449 gloriam

144 478 329 530 possent,
391 474 491 516 Tum
532 471 583 515 ad
623 472 835 514 Moesicos
869 483 1102 514 conversus
1131 471 1343 525 principes
1375 472 1654 523 auctoresque

145 549 242 592 belli
270 549 435 591 ciebat:
466 548 619 590 frustra
646 547 769 589 minis
799 552 839 589 et
864 548 1005 590 verbis
1035 549 1293 602 provocatos
1319 544 1590 597 Vitellianos,
1618 545 1654 587 si

146 631 293 667 manus
323 635 467 666 eorum
499 623 729 677 oculosque
760 635 845 665 non
879 623 1071 665 tolerent.
1132 623 1261 673 Haec,
1292 624 1337 663 ut
1363 631 1550 676 quosque
1578 632 1686 662 ac-·⁵

146 703 361 754 cesserat3
388 702 506 757 plura
535 702 586 744 ad
617 702 835 753 ternanos,
865 704 1056 742 veterum
1075 699 1390 752 recentiumque
1408 697 1653 749 admonens,
1680 750 1683 751 ⁷

144 779 188 818 ut
213 777 290 818 sub
320 777 463 818 Marco
495 775 679 817 Antonio
710 775 899 826 Parthos,
928 774 1004 815 sub
1033 773 1269 815 Corbulone
1301 772 1541 824 Armenios,
1570 782 1653 811 nu-

143 860 221 904 per
262 851 474 892 Sarmatas
515 849 785 904 pepulissent.
846 848 945 889 Mox
996 848 1185 906 ianis
1226 838 1505 902 praetorianis
1545 842 1653 889 ‘vos‘
1690 863 1710 896 i..

57 875 91 1078 x
143 925 276 979 inquit
298 923 396 966 ‘nisi
423 925 609 977 vincitis,
640 924 809 990 pagani,
845 923 935 977 quis
967 923 1073 964 alius
1106 923 1346 978 imperator,
1380 933 1486 976 quae
1514 924 1652 963 castra
1701 938 1703 943 ·

146 999 227 1042 alia
256 1000 502 1055 excipient?
547 999 635 1041 Illic
666 999 788 1055 signa
819 1002 1332 1062 GKQQQUQ.YCSlrffSUI¹ta
1366 1001 1408 1039 et
1437 1008 1550 1038 mors
1583 996 1654 1037 vi-

142 1075 245 1119 ctis:
294 1088 388 1119 nam
428 1075 701 1130 ignominiam
716 1058 1094 1133 ‘consumpsistis’
1152 1073 1343 1127 Undique
1386 1073 1546 1114 clamor
1560 1085 1572 1124 3
1612 1076 1653 1114 et

143 1143 661 1202 orienteinffiin”'”(ita‘
688 1142 735 1191 in
769 1150 889 1205 Syria
934 1161 1025 1191 mos
1064 1153 1148 1203 est)
1189 1148 1357 1190 tertiani
1396 1147 1648 1190 salutavere.

71 1224 282 1280 25Vagus
314 1224 428 1276 inde,
462 1236 513 1266 an
543 1224 721 1266 consilio
753 1225 871 1266 ducis
896 1224 1085 1266 subditus
1113 1235 1271 1276 rumor,
1302 1223 1526 1265 advenisse
1555 1222 1650 1263 Mu-

142 1299 320 1351 cianum,
355 1299 564 1340 exercitus
591 1299 634 1340 in
664 1299 800 1340 vicem
828 1299 1047 1359 salutasse.
1103 1298 1284 1340 Gradum
1316 1297 1502 1339 inserunt
1532 1297 1648 1352 quasi

668 1355 671 1356 f
716 1347 833 1362 ψ
1676 1250 1768 1334 ἴω)

140 1374 382 1415 recentibus
415 1357 737 1426 auiili‘i‘s‘fficti,
772 1375 937 1417 rariore
977 1374 1059 1416 iam
1092 1374 1409 1415 Vitellianorum
1453 1373 1572 1426 acie,
1603 1362 1693 1414 ιιι-ἰ’
1756 1375 1768 1383 “

140 1456 244 1502 quos
275 1448 388 1490 nullo
419 1453 590 1490 rectore
620 1461 720 1491 suus
748 1461 953 1503 quemque
986 1449 1160 1503 impetus
1191 1449 1259 1491 vel
1298 1459 1432 1503 pavor
1473 1422 1745 1490 contra-‘'⁶²‘'

137 1521 257 1564 heret
285 1523 569 1566 diduceretve.
631 1525 851 1580 Postquam
882 1524 1082 1579 impulsos
1106 1524 1238 1566 sensit
1256 1524 1480 1576 Antonius,
1513 1524 1645 1565 denso

826 1654 860 1686 4.
887 1652 1026 1696 [φαεινά
1050 1652 1170 1686 inisset
1196 1651 1312 1685 uerbis
1339 1650 1417 1685 Ma:
1446 1655 1645 1686 correctum

137 1699 172 1732 in
200 1695 239 1732 G.
341 1700 374 1733 5.
401 1698 563 1732 tollerent
590 1697 667 1734 Ma:
695 1700 722 1734 G
749 1699 908 1734 tolerent.
998 1701 1030 1735 7.
1061 1700 1112 1734 M.
1139 1699 1205 1733 Ma.
1314 1700 1351 1735 8.
1393 1700 1553 1744 infensus
1580 1699 1645 1743 Ma,

138 1747 176 1780 iu
201 1749 320 1791 sensus
347 1747 398 1781 G:
430 1748 603 1792 infensius
631 1748 656 1782 l.
684 1748 741 1782 Fr.
773 1748 987 1782 Gronovius.
1078 1750 1130 1783 11.
1158 1749 1355 1793 iynominia
1380 1748 1459 1782 Ma:
1487 1748 1514 1782 G
1540 1749 1646 1793 igno-

136 1796 262 1831 minid.
333 1795 491 1841 undeque
519 1795 585 1831 Ma.
665 1798 720 1832 14.
750 1798 924 1832 exercitas
949 1796 1022 1831 Ma:
1052 1798 1226 1831 exercilus
1260 1798 1316 1842 (in
1342 1796 1413 1831 fine
1435 1800 1572 1843 comp.)
1602 1797 1641 1833 G.

135 1844 230 1888 inser
255 1854 333 1879 cum
361 1843 424 1878 lin.
450 1843 516 1878 Ma.
619 1845 674 1880 16.
703 1857 857 1891 querique
882 1845 948 1880 Ma.
1050 1847 1104 1880 17.
1134 1845 1318 1880 duceretue
1347 1848 1491 1890 (versus
1519 1846 1644 1893 ipitio)

135 1890 189 1928 Ma
215 1903 256 1928 ac
283 1893 417 1928 ceteri:
444 1893 602 1927 correxit
618 1893 773 1939 Lipsius.
859 1893 1022 1941 impulsos
1045 1894 1252 1940 Bipontini:
1283 1894 1427 1931 codices
1450 1893 1581 1942 pulsos.

273 1652 307 1685 2.
335 1651 444 1696 recip.
473 1649 548 1684 Ma:
570 1661 690 1697 νει-ηρ.
720 1651 758 1686 G.

208 2007 294 2053 Cap.
320 2009 379 2043 24.
408 2010 543 2055 pudore
570 2015 601 2044 et
623 2011 787 2057 probris.-
817 2011 852 2046 h.

137 2068 169 2092 e.
197 2057 333 2102 pudore
360 2057 499 2101 probris
526 2065 735 2103 provocato.

201 2116 265 2139 cur
299 2117 439 2140 rursum
472 2109 696 2154 sumpsissent
727 2119 852 2142 arma.-

134 2153 251 2188 scriba
285 2154 366 2188 libri
393 2155 545 2190 Medicei
581 2158 682 2191 vocis
714 2169 854 2191 rursum

135 2201 280 2236 alteram
316 2202 490 2246 syllabam
534 2211 618 2239 ante
655 2207 851 2250 proximam

133 2251 376 2295 sum-psissent
414 2253 552 2296 omisit,
587 2254 751 2300 reliquiis
782 2266 854 2299 [ur

133 2299 170 2331 in
196 2300 276 2331 ruri
301 2309 410 2342 prave
437 2303 592 2336 mutatis.
672 2301 780 2347 plura
807 2303 854 2335 acl

134 2347 328 2380 tertianas.-
358 2348 453 2382 conl‘.
482 2349 523 2383 ll.
550 2349 581 2383 11
605 2349 665 2384 85.
790 2351 851 2384 sub

136 2391 261 2428 Marco
290 2395 444 2429 Antonio
475 2396 623 2431 Parthos
659 2419 702 2424 —
738 2409 851 2444 pepu-

133 2441 276 2477 lissam.-
307 2443 376 2478 Dio
403 2444 509 2480 XLlX
537 2447 595 2481 20.
647 2446 756 2480 Tacit.
785 2447 849 2481 XV

132 2491 179 2526 26
204 2496 242 2539 et
267 2491 351 2526 ml
381 2493 438 2528 79.
618 2499 623 2503 “

195 2540 397 2585 ‘infensust
440 2541 485 2575 de
522 2543 730 2577 coniectura
757 2544 849 2578 Gro-

131 2589 285 2622 noviana
311 2590 483 2634 infensius
499 2596 596 2624 recte
612 2598 733 2626 monet
747 2593 848 2627 Doe-

132 2634 326 2669 derlinius:
361 2637 546 2671 ‘tertianus
578 2638 708 2674 blande
743 2651 848 2684 pror-

132 2692 191 2715 sus
217 2683 462 2727 admonuerat,
488 2695 560 2719 non
575 2688 689 2721 minus
709 2689 847 2733 infense

132 2739 235 2774 quam
262 2734 533 2775 praetorianos'.

205 2781 341 2823 payam'
367 2780 441 2826 (ihr
466 2782 724 2824 Bauernvolk13
740 2796 754 2818 .·
779 2796 846 2830 pa-

53 2845 81 2868 s,
131 2836 243 2870 ganos
268 2828 426 2862 nominat
458 2829 624 2863 dimissos
651 2842 671 2864 a
699 2833 843 2867 Vitellio

75 2877 78 2896 ³
130 2875 299 2920 agrisque
339 2877 519 2922 (honestae
552 2879 725 2914 missionis
752 2881 845 2915 leni-

71 2912 86 2977 ss
128 2927 258 2968 monto)
285 2924 454 2969 donatos3
481 2936 515 2959 v.
545 2926 587 2961 ll.
614 2925 644 2960 11
669 2927 727 2962 67.

187 2970 266 3008 illic
290 2974 392 3020 signa
417 2985 586 3020 armaque
611 2981 750 3010 vestra-.-
777 2977 842 3012 de-

923 2015 1096 2045 monstrat
1122 2012 1299 2045 Antonius
1334 2012 1448 2046 aciem
1476 2012 1645 2047 Vitellia-

925 2071 1077 2094 norum:
1108 2071 1188 2094 nam
1216 2061 1433 2105 praetoriani
1461 2072 1563 2095 arma
1588 2064 1646 2107 (et

922 2109 1077 2155 vexilla)
1118 2110 1165 2143 ad
1197 2110 1354 2144 tribunos
1388 2121 1468 2143 suos
1505 2110 1645 2155 deferre

923 2169 943 2191 a
971 2157 1117 2192 Vitellio
1153 2159 1238 2192 iussi
1267 2163 1368 2192 erant
1410 2158 1471 2203 (H.
1502 2158 1534 2192 11
1562 2159 1642 2205 67),

926 2217 1016 2251 quae
1045 2206 1177 2240 dehinc
1205 2207 1285 2241 aliis
1322 2208 1357 2240 in
1387 2208 1547 2241 exercitu
1576 2208 1643 2241 Vi-

924 2254 1072 2288 telliano
1102 2256 1289 2288 disti-ibina
1318 2260 1412 2289 sunt.

998 2314 1081 2335 nam
1106 2304 1336 2348 ignominiam
1361 2304 1641 2350 consumpsistis:

921 2350 1119 2385 'l'heodisce
1160 2352 1252 2385 denn
1302 2352 1365 2385 das
1406 2351 1527 2386 Maass
1577 2353 1640 2386 der

921 2399 1087 2433 Schande
1121 2401 1165 2434 ist
1199 2400 1386 2446 ersclz-opft.
1466 2401 1641 2443 Quamdiu

921 2458 1085 2482 crescere
1105 2449 1257 2483 militum
1282 2449 1481 2494 ignominia
1506 2454 1638 2494 potest,

919 2507 1001 2540 spes
1037 2497 1134 2531 vitae
1171 2497 1300 2539 adest,
1350 2502 1457 2542 atque
1500 2498 1639 2543 gloriae

920 2545 1046 2579 damno
1074 2546 1217 2580 multari
1243 2547 1343 2579 noxii
1372 2552 1541 2590 possunt:
1576 2547 1639 2581 sed

920 2594 1117 2639 ignominia
1144 2599 1355 2639 consumpta
1367 2605 1439 2628 una
1459 2605 1552 2628 mors
1577 2606 1637 2628 re-

918 2642 1017 2687 liqua
1044 2648 1111 2679 est.

976 2692 1147 2726 orientem
1161 2693 1269 2726 solem
1280 2711 1323 2717 ——-
1337 2691 1483 2724 tertiani
1495 2691 1634 2725 salula-

916 2750 1023 2773 vere:
1051 2741 1195 2773 tertiani
1223 2741 1259 2772 in
1286 2739 1389 2782 Syria
1414 2738 1635 2773 subCorbu..

916 2786 1000 2821 lone
1026 2788 1293 2829 militaveraut3
1321 2787 1367 2820 cf.
1385 2787 1449 2820 XV
1476 2787 1499 2822 6
1526 2793 1561 2821 et
1576 2788 1634 2831 26,

916 2835 956 2867 ll.
992 2835 1030 2901 ΠΓ
1049 2836 1106 2870 74.
1175 2835 1228 2868 De
1273 2844 1370 2868 more
1413 2835 1634 2870 Herodianus

915 2882 959 2915 lv
991 2885 1091 2974 Ιὸἑψ.
1128 2931 1186 2966 25.
1248 2937 1432 2976 postquam
1465 2932 1631 2979 impulsos

912 2979 1038 3013 sensit.-
1076 2978 1230 3014 nondum
1263 2980 1358 3025 pulsi
1383 2984 1484 3025 sunt,
1530 2980 1565 3016 h.
1597 2992 1628 3017 e.
