1768 3216
156 213 181 238 a
205 203 247 239 C.
273 203 334 240 69.
670 203 807 239 LIBER
830 202 888 238 lv.
941 202 1030 238 Gn.
1055 201 1213 238 34—36.
1585 203 1658 237 ³17

154 318 325 364 licentia
354 333 512 376 vagos,
556 322 810 378 compositus
841 321 1024 373 invadit,
1066 319 1310 374 praemissis
1340 318 1411 373 qui
1438 322 1591 372 pontes
1619 310 1710 359 eti-i
1730 314 1768 383 ἷξε

155 396 317 439 viarum
347 401 522 452 angusta
554 397 799 438 insiderent.
858 396 1086 450 Pugnatum
1127 394 1255 450 longo
1298 393 1466 449 agmine
1510 397 1553 434 et
1592 393 1663 434 in-
1702 390 1728 416 ὅ
1733 385 1768 421 ³⁴

157 476 275 513 certo
303 471 466 524 Marte,
508 471 644 513 donec
683 470 888 524 proelium
916 482 1003 511 nox
1033 470 1261 511 dirimeret.
1322 468 1529 510 cobortes
1559 467 1662 510 Gel-

158 546 313 622 4111Ρέ,πέ
339 558 583 600 perrexere,
614 545 892 597 manentibus,
923 548 968 585 ut
998 545 1174 595 fuerant,
1210 544 1389 595 castris,
1422 554 1529 597 quae
1557 534 1663 585 reli·-
1719 544 1724 548 '

159 624 320 662 ctorum
350 619 436 661 illic
466 619 637 661 militum
664 619 877 673 praesidio
909 618 1168 660 tenebantur.
1230 617 1324 659 Non
1358 622 1447 658 erat
1492 616 1695 659 dubiums

161 698 356 748 quantum
385 695 429 734 in
458 705 658 748 regressu
687 693 942 734 discriminis
974 692 1208 734 adeundum
1241 691 1350 732 soret
1389 691 1665 733 frumentato—

158 769 276 810 ribus
305 768 466 810 onustis
496 768 799 822 perculsisque.
857 767 987 808 Addit
1018 766 1221 809 exercitui
1251 777 1327 806 suo
1359 766 1518 807 Vocula
1548 765 1660 807 mille

159 842 348 884 delectos
378 855 403 884 e
429 843 569 896 quinta
608 846 648 884 et
694 842 837 895 quinta
879 842 1042 883 decima
1081 840 1319 895 legionibus
1360 841 1467 894 apud
1510 841 1664 883 Vetera

159 916 359 968 obsessis,
392 916 635 980 indomitum
666 916 836 958 militem
867 920 909 958 et
927 915 1102 957 ducibus
1121 915 1341 957 infensum.
1379 914 1520 956 Plures
1542 916 1710 968 quam*

157 990 315 1033 iussum
343 994 434 1032 erat
461 991 640 1044 profecti
670 991 804 1045 palam
833 991 875 1031 in
907 982 1075 1045 agmine
1107 989 1340 1032 fremebant
1369 1001 1453 1030 non
1479 1001 1526 1031 se
1555 988 1663 1030 ultra
1677 1002 1717 1032 io

159 1065 327 1117 famem,
362 1064 537 1106 insidias
568 1064 802 1120 legatorum
826 1064 1093 1106 toleraturos.
1153 1064 1207 1105 At
1247 1064 1317 1118 qui
1358 1067 1660 1116 remanserant,

159 1140 352 1187 desertos
376 1151 424 1182 se
452 1139 629 1181 abducta
651 1144 771 1194 parte
792 1140 1007 1194 legionum
1027 1139 1320 1193 querebantur.
1377 1138 1541 1193 Duplex
1566 1139 1663 1180 hinc

158 1214 327 1266 seditio,
342 1214 434 1256 aliis
454 1214 970 1266 revocantibusVoculam,
984 1214 1077 1255 aliis
1094 1214 1263 1255 redire
1252 1227 1295 1254 in
1313 1218 1450 1256 castra
1469 1213 1662 1255 abnuen-

89 1289 282 1334 actibus.
304 1289 474 1331 Interim
486 1289 630 1330 Civilis
643 1290 792 1331 Vetera
813 1290 1098 1331 circumsedit.
1122 1289 1278 1331 Vocula
1294 1288 1520 1330 Geldubam
1540 1293 1663 1342 atque

80 1384 82 1387 v
156 1363 257 1408 inde
278 1363 531 1405 Novaesium
564 1364 787 1406 concessit.
839 1364 982 1421 Civilis
952 1364 1138 1428 capit
1141 1363 1394 1420 Geldubam3
1425 1375 1523 1405 mox
1551 1335 1752 1405 baudus!

90 1451 95 1454 ·
156 1438 319 1493 procul
320 1438 532 1481 Novaesio
554 1439 738 1492 equestri
769 1423 946 1492 proelio
959 1429 1165 1492 prospere
1191 1438 1378 1479 certavit.
1439 1437 1521 1479 Sed
1543 1437 1663 1479 miles
1742 1431 1747 1435 ”

155 1512 358 1556 secundis
387 1512 661 1566 adversisque
692 1513 867 1566 perinde
897 1514 938 1553 in
959 1513 1129 1554 exitium
1161 1513 1311 1554 ducum
1339 1511 1662 1553 accendebatur.

157 1585 210 1628 Et
227 1586 409 1628 adventu
428 1587 720 1640 quintanorum
739 1587 1278 1640 quintadecimanorumque
1298 1590 1444 1627 auctae
1469 1585 1661 1640 legiones

158 1660 399 1703 donativum
433 1666 691 1715 exposcunt,
732 1666 945 1715 comperto
973 1661 1193 1715 pecuniam
1226 1675 1250 1703 a
1277 1661 1445 1702 Vitellio
1478 1661 1661 1702 missam.

157 1735 247 1778 Nec
279 1735 350 1777 diu
381 1740 597 1778 cunctatus
627 1736 893 1788 Hordeonius
924 1737 1093 1777 nomine
1121 1736 1368 1790 Vespasiani
1408 1736 1535 1778 dedit.
1592 1735 1665 1777 ld—
1677 1746 1724 1777 20

161 1821 242 1864 que
269 1810 538 1864 praecipuum
579 1811 654 1852 suit
696 1811 916 1853 seditionis
965 1810 1217 1852 alimentum.
1277 1810 1408 1852 Effusi
1445 1811 1488 1852 in
1524 1810 1665 1853 luxum

162 1887 202 1925 et
234 1884 377 1938 epulas
408 1889 450 1927 et
474 1889 705 1927 nocturnos
739 1889 883 1927 coetus
923 1889 1109 1927 veterem
1150 1885 1193 1925 in
1234 1885 1519 1927 Hordeonium
1560 1885 1666 1926 iram

162 1963 394 2012 renovant,
445 1972 525 2001 nec
571 1960 655 2001 ullo
704 1960 939 2015 legatorum
979 1960 1291 2002 tribunorumve
1322 1960 1531 2002 obsistere
1561 1971 1664 2001 auso

1723 917 1727 929 .
1740 888 1768 930 9«

295 2096 331 2132 6.
358 2097 521 2132 adeunde
548 2096 622 2131 Ma:
648 2097 676 2132 G
700 2098 909 2133 adeundum.
982 2099 1254 2143 frumentoribus
1281 2097 1354 2132 Ma:
1375 2098 1403 2133 G
1429 2101 1667 2143 [numentum-

160 2144 269 2179 rimas.
368 2146 402 2180 7.
426 2147 660 2191 periculisque
686 2146 752 2190 Μ3,
779 2147 950 2182 uehiculis
976 2159 1039 2192 que
1067 2147 1107 2189 G,
1138 2147 1375 2194 perculsisque
1400 2147 1442 2180 A.
1546 2148 1601 2181 12.
1630 2157 1666 2179 se

162 2192 214 2227 G:
240 2191 294 2226 ma
320 2203 396 2237 que.
482 2195 537 2229 15.
564 2194 650 2229 kant
679 2194 745 2230 Μ3.
844 2197 897 2231 17.
923 2196 1030 2241 piade
1058 2206 1136 2229 cum
1160 2208 1182 2241 p
1209 2196 1360 2229 caudato
1387 2194 1565 2240 (proinde)
1593 2192 1666 2228 Ma:

163 2239 192 2274 G
213 2241 732 2286 perinde.18.advema
755 2243 822 2277 Ma.
948 2244 1002 2278 19.
1032 2244 1233 2277 donativum
1258 2242 1325 2285 Ma,
1351 2254 1422 2276 non
1455 2243 1666 2276 donativum.

163 2299 265 2333 conp.
294 2286 359 2321 Μ3.
494 2292 553 2325 21.
590 2291 691 2335 effiasi
716 2313 760 2318 --
787 2298 960 2325 renovant
999 2290 1117 2324 GMa:
1149 2292 1276 2336 effusus
1310 2312 1356 2317 —
1382 2291 1564 2324 renovavit
1589 2289 1664 2323 AR.

135 2346 139 2349 ’
163 2337 222 2371 22.
262 2341 381 2370 caelus
414 2335 479 2371 Μ3.
578 2338 637 2373 23.
664 2350 768 2373 ausos
792 2338 872 2373 Ma:
899 2339 927 2373 G
953 2350 1051 2372 auso.

164 2468 284 2498 tamen
310 2463 472 2498 subsidio
506 2464 611 2500 datae
642 2471 744 2510 sunt,
783 2467 878 2513 quod
948 2466 992 2500 ad
1017 2471 1133 2500 castra
1161 2466 1292 2500 Vetera
1310 2466 1554 2511 Voculamque
1579 2477 1666 2510 per-

163 2511 310 2546 flamine
335 2511 449 2546 hostis
475 2514 692 2557 potiebatur.
949 2516 1075 2549 venire
1102 2525 1172 2548 non
1186 2519 1364 2559 poterant.
1436 2515 1533 2549 addit
1560 2527 1665 2548 eter-

221 2561 375 2594 nondum
399 2562 485 2596 satis
497 2563 599 2606 firmo
611 2563 743 2597 Civile.-
772 2563 878 2598 Orel-
950 2565 1035 2597 citui
1058 2575 1118 2597 suo
1143 2563 1300 2597 Vocula.-
1331 2563 1490 2596 Voculae
1520 2574 1664 2596 exerci-

164 2608 234 2642 tius
280 2610 418 2655 cogitat
464 2611 621 2644 nondum
656 2617 818 2645 sanatum
858 2623 879 2645 a
947 2617 1021 2645 tum
1046 2612 1187 2646 Tacitus
1219 2612 1304 2645 dicit
1324 2622 1429 2656 quein
1458 2611 1520 2644 ille
1547 2610 1656 2654 paulo

164 2656 267 2700 lapsu
305 2658 414 2701 equi.
449 2658 513 2691 sed
556 2659 781 2693 vulneratum
819 2665 879 2693 aut
948 2659 1664 2701 anteadcastraVeteraadduxerat,nnnc

166 2704 395 2738 interfectum
430 2715 511 2739 esse
544 2706 636 2740 falsa
672 2707 767 2741 fama
793 2718 878 2752 pro-
948 2708 1088 2742 reducit
1103 2708 1310 2748 Geldubam,
1339 2706 1660 2740 moxNovaesium.

167 2751 257 2786 didit
283 2754 339 2797 (v.
369 2763 403 2786 c.
430 2754 479 2787 34
503 2754 569 2787 suh
596 2754 734 2802 finem).
764 2756 880 2798 Quare
1023 2754 1108 2800 Cap.
1135 2756 1194 2790 36.
1256 2754 1378 2788 Civilis
1408 2755 1502 2799 capit
1532 2754 1664 2788 Geldu-

167 2800 324 2834 nondum
360 2800 495 2834 firmum
539 2804 678 2847 accipio
713 2815 793 2838 eum
819 2806 879 2850 qni
951 2805 1048 2837 bam:
1077 2803 1110 2836 h.
1140 2815 1171 2836 e.
1188 2802 1383 2836 Geldubam
1411 2801 1573 2836 discessu
1587 2803 1663 2836 Ro..

168 2849 323 2883 nondum
342 2850 501 2884 exercitu
518 2850 714 2885 recollecto
727 2858 762 2886 et
780 2863 881 2887 com..
953 2861 1134 2885 manorum
1169 2861 1329 2884 vacuam.
1462 2862 1543 2883 moz-
1570 2851 1666 2885 hami

169 2897 267 2942 pleto
294 2897 403 2932 valet.
949 2899 1076 2945 procul
1102 2899 1275 2933 Novaesio
1309 2918 1355 2924 —
1387 2900 1555 2933 certavit.-
1599 2899 1664 2933 ci..

242 2946 402 2982 cohortes
440 2946 631 2983 Geldubam
664 2959 884 2994 perreoeere:
953 2947 1038 2983 vilis
1065 2946 1225 2982 Gelduba
1266 2951 1370 2992 capta
1394 2948 1573 2992 promovit
1597 2947 1664 2983 ad-
