1768 3216
717 204 805 242 Gn.
833 205 987 242 28-29.
1548 201 1622 240 21¹7

132 334 214 378 qne
242 326 388 365 natura
416 326 503 365 toto
534 322 671 365 statim
700 327 872 378 pectore
912 323 1126 377 adriperet
1164 325 1276 364 artes
1314 308 1540 376 honestas,
1589 327 1630 364 et

133 398 225 440 sive
255 397 307 440 ad
336 410 425 440 rem
459 398 679 441 militarem
711 398 801 440 sive
835 398 886 440 ad
917 398 1018 439 iuris
1055 397 1274 439 scientiam
1316 397 1406 439 sive
1444 397 1495 438 ad
1537 397 1631 439 elo-

134 472 328 528 quentiae
357 473 536 515 studium
567 472 825 525 inclinasset,
860 473 902 514 id
934 473 1068 514 solum
1100 476 1268 528 ageret,
1310 472 1352 513 id
1393 471 1631 514 universum

65 548 332 593 aetiam-iret.
393 549 449 590 At
481 561 591 590 nunc
636 552 756 590 natus
798 548 936 590 infans
976 547 1192 601 delegatur
1231 546 1464 588 Graeculae
1505 542 1631 587 alicui

136 623 328 677 ancillae,
362 624 429 665 cui
459 623 700 679 adiungitur
727 634 834 664 unus
864 626 933 664 aut
963 622 1067 663 alter
1094 633 1147 662 ex
1177 621 1366 662 omnibus
1386 620 1521 661 servis
1539 619 1664 673 ple-⁵

135 710 312 754 rumque
341 698 566 740 vilissimus
597 709 676 739 nec
720 698 908 752 cuiquam
953 696 1065 738 serio
1112 695 1344 736 ministerio
1390 705 1634 735 accommo-

138 773 272 816 datus.
350 773 505 814 Horum
546 772 696 814 fabulis
743 776 784 813 et
826 772 1040 812 erroribus
1077 770 1211 812 teneri
1248 769 1384 811 statim
1429 773 1472 810 et
1509 768 1635 810 rudes

136 849 265 891 animi
316 849 575 899 imbuuntur3
628 859 707 888 nec
751 847 966 900 quisquam
1011 847 1054 886 in
1107 849 1192 886 tota
1237 845 1361 885 domo
1402 844 1520 898 pensi
1557 843 1638 884 ha-

135 922 213 965 bet
245 922 341 977 quid
373 934 515 964 coram
546 922 707 963 infante
739 921 908 962 domino
948 924 1016 961 aut
1061 920 1173 961 dicat
1209 923 1278 959 aut
1321 919 1459 960 faciat.
1531 917 1638 966 Quin

138 997 265 1040 etiam
302 996 383 1051 ipsi
413 1000 608 1050 parentes
648 1007 729 1036 nec
765 995 961 1048 probitati
991 1006 1127 1047 neque
1167 993 1398 1034 modestiae
1443 992 1638 1045 parvulos
1654 1004 1693 1034 to

139 1071 454 1123 adsuefaciunt,
502 1070 577 1112 sed
616 1069 816 1111 lasciviae
856 1073 896 1110 et
927 1068 1163 1120 dicacitati,
1204 1079 1282 1121 per
1312 1078 1418 1120 quae
1446 1066 1640 1120 paulatim

138 1145 393 1201 impudentia
431 1145 582 1198 inrepit
622 1149 663 1185 et
703 1145 767 1185 sui
806 1143 1015 1197 alienique
1056 1145 1329 1195 contemptus.
1408 1141 1492 1183 lam
1535 1152 1638 1182 vero

139 1220 308 1276 propria
338 1224 379 1262 et
407 1219 635 1274 peculiaria
668 1219 788 1259 huius
819 1218 935 1259 urbis
966 1218 1066 1258 vitia
1096 1229 1230 1270 paene
1260 1218 1303 1258 in
1334 1221 1456 1257 utero
1498 1216 1640 1258 matris

142 1295 307 1349 concipi
337 1294 436 1335 mihi
464 1293 672 1344 videntur,
699 1292 955 1334 histrionalis
987 1292 1107 1333 favor
1139 1295 1178 1332 et
1207 1291 1484 1346 gladiatorum
1504 1301 1639 1343 equo-

139 1381 314 1424 rumque
344 1368 478 1410 studia
489 1382 500 1419 3
530 1368 677 1421 quibus
711 1370 935 1420 occupatus
969 1369 1010 1406 et
1041 1365 1239 1407 obsessus
1271 1365 1431 1406 animus
1463 1367 1692 1418 quantu-¹5

242 1523 273 1556 1.
301 1521 478 1566 arriperet
504 1518 540 1561 P,
572 1522 611 1551 ut
636 1517 741 1551 solet.
864 1517 898 1549 2.
929 1525 1003 1548 rem
1026 1523 1083 1547 om
1111 1513 1149 1547 P.
1256 1514 1289 1548 7.
1318 1511 1496 1546 erroribus
1523 1517 1556 1546 et
1580 1511 1642 1545 ui-

141 1570 236 1605 rides
263 1570 377 1604 teneri
403 1568 426 1602 P
462 1569 511 1613 (et
535 1567 668 1600 uirides
704 1566 802 1600 linea
833 1564 876 1597 ab
916 1563 963 1597 al.
995 1573 1039 1596 ni.
1073 1562 1280 1607 subnotata)
1319 1561 1365 1594 P:
1408 1560 1585 1594 erroribus
1611 1566 1644 1594 et

141 1620 227 1654 viles
254 1628 432 1662 superscr.
458 1616 534 1650 ‘alii
561 1615 663 1648 vires'
687 1614 724 1648 F.
824 1613 857 1647 9.
885 1617 944 1645 aut
970 1616 1052 1644 ante
1079 1611 1173 1643 dicat
1200 1621 1254 1643 om
1282 1609 1322 1651 F,
1350 1619 1420 1642 non
1446 1609 1482 1642 1'.
1586 1609 1641 1643 10.

142 1667 356 1713 improbitati
380 1665 419 1706 F,
448 1675 517 1698 non
545 1663 586 1696 P.v
718 1664 770 1695 ll.
799 1661 980 1694 bibacitati
1007 1660 1137 1693 litteris
1166 1659 1232 1692 bib.
1270 1657 1313 1691 ab
1347 1657 1392 1691 al.
1432 1668 1476 1690 ιιι.
1508 1655 1643 1690 lineola

142 1716 342 1751 subnotatis
369 1719 405 1748 et
429 1722 606 1757 superscr.
633 1712 700 1744 dic.
730 1711 766 1752 P,
794 1714 832 1742 ut
861 1720 905 1743 ex
932 1709 1025 1742 coni.
1058 1707 1203 1741 edidere
1228 1707 1426 1751 Bipontini,
1454 1715 1533 1739 cum
1559 1709 1643 1739 ante

143 1770 239 1800 esset
266 1763 447 1798 libertati:
474 1761 657 1795 bibacitati
682 1759 721 1793 F.

1011 1895 1071 1929 secl
1102 1893 1271 1928 lasciviae
1304 1898 1336 1926 et
1372 1891 1576 1926 dicacitati:
1609 1894 1647 1924 ut

145 1917 264 1941 omnes
293 1902 537 1950 philosophiae
570 1905 691 1946 partes
724 1898 862 1944 penitus

931 1945 1081 1978 lascivia
1097 1942 1290 1988 respondet
1303 1941 1519 1975 contrarium
1537 1939 1646 1984 priori

146 1954 316 1990 hausisse.
343 1953 387 1987 A.
410 1951 435 1986 4
451 1962 460 1984 :
485 1961 522 1984 se
538 1950 577 1983 in
588 1949 707 1994 prima
719 1948 863 1981 iuventa

146 2003 297 2038 studium
309 1999 553 2047 philosophiae
567 1997 688 2030 acrius
709 2018 750 2022 —
769 1995 862 2029 hau-

146 2053 245 2087 sisse.
304 2049 347 2084 fl.
376 2049 425 2083 lv
451 2049 498 2083 5:
525 2058 543 2080 c
568 2045 720 2079 moribus
747 2044 864 2078 soceri

146 2099 239 2135 nihil
261 2109 370 2143 aeque
395 2108 440 2131 ac
465 2095 662 2130 libertatem
686 2093 814 2127 hausit.

217 2218 303 2262 Gap.
321 2217 379 2252 29.
415 2216 538 2261 infans
551 2213 732 2259 deleyatur
749 2212 865 2246 Grae-

151 2267 253 2303 culae
281 2265 391 2299 alicui
415 2262 591 2297 ancillae:
618 2260 803 2294 meliorem
831 2263 865 2291 et

151 2315 285 2350 veteris
327 2313 379 2346 rei
419 2310 586 2356 publicae
622 2318 755 2342 morem
792 2307 864 2339 suis

150 2361 369 2408 temporibus
386 2358 477 2404 apud
494 2358 687 2392 Germanos
702 2355 865 2388 obtinere

150 2413 291 2448 'l'ucitus
317 2408 461 2443 tradidit
473 2406 512 2441 G.
528 2407 597 2442 20:
624 2415 688 2438 sua
703 2414 867 2447 quemque

152 2466 264 2497 mater
283 2457 446 2493 uberibus
473 2456 549 2498 alit,
576 2465 642 2487 nec
666 2451 806 2486 ancillis
824 2462 868 2483 ac

152 2508 347 2545 nutricibus
373 2505 590 2550 deteqaneur.

222 2605 424 2651 plerumque
449 2601 635 2635 vilissimus
659 2619 698 2624 -
726 2607 868 2630 accom-

154 2654 332 2688 modatus.-
385 2650 577 2685 Suetonius
631 2648 667 2680 in
718 2645 867 2680 Claudio

156 2715 186 2737 c.
214 2703 258 2737 3:
297 2701 357 2734 diu
384 2719 429 2725 —-
455 2697 515 2731 snb
552 2696 756 2742 paedaqoyo
791 2695 868 2738 suit,

156 2761 255 2796 quem
288 2748 475 2783 barbarum
509 2751 539 2779 et
586 2745 670 2778 olim
704 2743 868 2789 superiu-

154 2799 364 2833 mentarium
390 2808 433 2829 ex
457 2794 631 2827 industria
656 2792 722 2826 sibi
757 2802 869 2836 appo-

156 2849 268 2889 situm,
297 2851 334 2879 ut
361 2857 396 2878 se
420 2843 683 2888 quibuscumque
698 2840 739 2874 de
756 2839 870 2873 causis

156 2895 355 2931 saevissime
382 2896 581 2932 coerceret,
622 2891 695 2935 ipse
723 2888 869 2933 quodam

158 2943 274 2979 libello
303 2942 471 2988 queritur.

929 1993 1109 2040 probitati,
1136 1992 1189 2025 sic
1215 1990 1398 2031 dicacitas,
1426 1989 1460 2022 h.
1489 1999 1521 2022 e.
1550 1987 1646 2022 libe-

931 2053 1007 2075 rum
1052 2046 1086 2075 et
1130 2039 1285 2074 solutum
1331 2037 1473 2071 iocandi
1519 2046 1646 2082 genuS,

931 2090 1129 2124 modestiae.
1183 2087 1236 2121 Ex
1263 2086 1490 2130 improbitate
1531 2086 1646 2130 impu-

933 2139 1064 2180 dentia,
1091 2147 1182 2183 quae
1209 2136 1326 2169 statim
1352 2135 1572 2175 nominatur,
1602 2143 1646 2166 ex

934 2188 1001 2221 hac
1026 2187 1080 2220 sui
1106 2185 1280 2228 alienique
1307 2188 1519 2226 contemptus
1557 2189 1649 2213 con-

933 2235 1105 2280 seqnitur.
1133 2233 1243 2266 Recte
1268 2231 1377 2276 igitur
1398 2229 1567 2262 dicacitas
1586 2237 1648 2271 pro

934 2283 1149 2322 bibacitate,
1203 2289 1295 2323 quae
1344 2277 1498 2309 nominis
1537 2275 1649 2308 forma

935 2339 1146 2375 quamquam
1173 2327 1215 2360 ad
1234 2325 1435 2370 analogiam
1452 2324 1545 2358 sacta
1562 2322 1648 2357 alibi

936 2389 1004 2411 non
1032 2377 1218 2421 reperitur,
1246 2374 1403 2417 reposita
1430 2377 1495 2406 est.

1004 2445 1222 2482 histrionalis
1256 2447 1380 2490 favor:
1421 2443 1465 2478 de
1503 2443 1573 2476 hoc
1611 2453 1645 2475 v.

937 2499 979 2533 ad
1005 2497 1019 2531 Ι
1049 2496 1107 2532 16.

1007 2600 1237 2636 equorumque
1262 2588 1405 2621 studia:
1431 2585 1517 2618 dicit
1535 2582 1652 2617 studia

937 2650 1022 2685 erga
1050 2640 1224 2674 factiones
1252 2638 1348 2670 circi.
1380 2634 1513 2667 Plinius
1540 2631 1652 2674 Epist.

936 2688 983 2722 lx
1012 2688 1055 2722 6:
1102 2698 1166 2732 quo
1203 2685 1313 2729 ntayis
1347 2683 1457 2715 miror
1482 2685 1528 2712 tot
1554 2678 1654 2712 milia

935 2738 1092 2770 virorum
1136 2741 1206 2767 tam
1241 2731 1425 2776 pueriliter
1468 2727 1655 2761 identidem

939 2795 1065 2829 cupere
1092 2787 1272 2816 currentes
1298 2790 1423 2823 equos,
1459 2777 1654 2810 insistentes

939 2832 1099 2865 curribus
1127 2830 1281 2863 homines
1309 2827 1439 2860 cidere.
1469 2825 1510 2858 Si
1535 2830 1653 2857 tannen

939 2885 998 2913 aut
1019 2878 1200 2912 velocitate
1223 2887 1387 2920 equorum
1403 2878 1464 2906 aut
1478 2872 1653 2905 hominum

940 2932 1016 2962 arte
1027 2926 1263 2967 traherentur,
1275 2929 1360 2958 esset
1372 2922 1462 2956 ratio
1470 2918 1653 2954 nonnulla.
