1768 3216
159 269 185 296 a
201 260 247 298 C·
269 261 329 299 69.
626 261 761 299 LIBER
790 262 851 297 lv.
903 262 990 298 GAr.
1017 262 1174 300 29-32.
1591 259 1663 296 313

160 373 326 422 Vitellio
367 377 630 422 desciscunt:
674 382 793 420 vetus
839 377 1283 420 milescunctabatur.
1345 376 1428 419 Sed
1467 375 1663 431 adigente

159 453 403 498 Hordeonio
438 454 587 496 Flacco
607 486 618 507 ,
664 453 911 495 instantibus
946 452 1121 494 tribunis
1141 484 1152 505 ‚
1207 451 1310 493 dixit
1341 454 1661 504 sacramentum,

161 540 246 570 non
275 528 390 570 vultu
419 541 555 583 neque
586 529 724 570 animo
756 527 857 570 satis
890 527 1136 577 adfirmans3
1179 531 1220 568 et
1261 538 1353 568 cum
1386 530 1528 568 cetera
1560 525 1663 568 iuris

162 603 326 647 iurandi
357 604 490 645 verba
522 604 806 657 conciperent,
838 601 1085 655 Vespasiani
1117 613 1271 642 nomen
1301 601 1568 643 haesitantes*
1588 603 1657 642 aut

92 677 246 720 32levi
283 690 492 720 murmure
534 683 573 719 et
613 678 855 732 plerumque
897 676 1064 719 silentio
1104 675 1450 717 transmittebant.
1510 675 1696 719 Lectaes

163 753 316 795 deinde
343 766 419 808 pro
452 754 648 795 contione
681 752 881 807 epistulae
909 751 1082 792 Antonii
1113 751 1164 792 ad
1197 750 1370 792 Civilem
1401 750 1664 804 suspiciones

163 827 336 871 militum
367 828 621 880 inritavere,
644 831 860 882 ⁷tamquam
894 826 946 868 ad
979 827 1140 867 socium
1171 825 1348 879 partium
1379 825 1593 878 scriptae,
1627 828 1667 866 et

164 902 216 944 de
248 901 498 943 Germanico
536 902 724 943 exercitu
755 901 973 942 hostiliter.
1031 901 1130 941 Mox
1160 899 1310 941 adlatis
1351 898 1581 941 Geldubam
1623 899 1666 939 in

164 979 301 1018 castra
333 975 486 1016 nuntiis
519 975 667 1016 eadem
699 975 808 1016 dicta
841 974 1050 1027 factaque,
1082 978 1122 1014 et
1152 974 1304 1014 missus
1337 984 1428 1013 cum
1460 972 1665 1014 mandatis
1692 971 1768 1035 A,

161 1049 381 1092 Montanus
412 1049 464 1091 ad
498 1049 685 1102 Civilem,
717 1052 761 1089 ut
791 1048 1015 1091 absisteret
1045 1047 1156 1089 bello
1188 1059 1298 1088 neve
1331 1051 1505 1113 extffla
1537 1045 1664 1087 armis
1684 1059 1722 1089 ιο

162 1123 280 1168 salsis
309 1123 491 1170 velaret:
541 1124 577 1165 si
606 1124 907 1178 Vespasianum
939 1124 1085 1165 iuvare
1116 1122 1343 1177 adgressus
1370 1121 1504 1173 foret,
1537 1120 1667 1162 satis-

162 1199 317 1242 factum
348 1198 521 1252 coeptis.
580 1198 646 1240 Ad
678 1211 725 1240 ea
757 1198 902 1240 Civilis
936 1197 1070 1252 primo
1102 1196 1276 1239 callide·
1316 1200 1410 1250 post
1447 1195 1519 1237 ubi
1551 1194 1666 1237 videt

164 1359 285 1390 orsus
317 1360 339 1389 a
373 1352 520 1401 questu
537 1320 829 1402 periculisque
860 1359 967 1402 quae
990 1360 1073 1401 ··pe1
1086 1346 1271 1401 quinque
1292 1350 1333 1386 et
1354 1345 1505 1400 viginti
1532 1356 1665 1386 annos
1704 1317 1758 1377 “1‘'

164 1423 207 1464 in
238 1423 385 1464 castris
415 1422 613 1464 Romanis
645 1423 923 1475 exhausisset,
948 1418 1197 1477 ‘egregium'
1228 1421 1359 1474 inquit
1379 1420 1571 1474 ‘metium
1602 1420 1719 1462 la-15

164 1496 313 1538 borum
343 1497 499 1551 recepi,
533 1510 680 1539 necem
722 1498 861 1540 fratris
902 1501 942 1538 et
981 1496 1147 1538 vincula
1192 1508 1285 1537 mea
1325 1500 1365 1537 et
1401 1493 1669 1537 saevissimas

163 1571 285 1614 huius
314 1572 523 1613 exercitus
558 1584 702 1625 voces,
735 1572 882 1626 quibus
913 1572 964 1614 ad
996 1571 1241 1625 supplicium
1270 1570 1422 1624 petitus
1453 1570 1545 1610 iure
1566 1581 1675 1624 gen-

165 1646 265 1687 tium
295 1657 454 1701 poenas
486 1659 680 1700 reposco.
721 1646 806 1693 Vos
840 1651 975 1689 autem
1006 1646 1169 1688 Treviri
1202 1649 1450 1698 ceteraeque
1481 1643 1676 1686 servien-

302 1818 337 1852 3.
363 1817 457 1851 voltu
486 1817 544 1852 Or.
623 1818 658 1853 6.
685 1818 784 1863 eplae
811 1828 890 1851 cum
915 1817 980 1851 lin.
1007 1815 1072 1859 Ma,
1519 1815 1553 1849 7.
1582 1814 1676 1848 irrit.

219 1890 227 1899 .
300 1865 335 1900 8.
362 1866 537 1911 gelduban
561 1865 624 1900 Ma.
722 1867 777 1902 10.
804 1866 972 1900 absistere
999 1864 1071 1898 Ma:
1105 1865 1288 1899 absisteret
1314 1863 1353 1898 G.
1457 1864 1512 1900 12.
1545 1863 1678 1909 caeptis

160 1906 234 1948 Ma.
315 1915 370 1949 15.
397 1915 512 1960 ffeium
541 1913 606 1949 Ma.
684 1914 843 1949 laborum
869 1912 943 1948 Ma:
972 1914 1104 1959 loboris
1144 1912 1182 1947 G.
1262 1913 1317 1947 16.
1346 1912 1458 1956 recipi
1483 1909 1557 1945 Ma:
1590 1921 1675 1944 cor-

167 1965 304 2044 Ἠξιιιηέ
333 1963 368 1996 ἰη
395 1963 439 2005 Α,
466 1964 541 2008 cepi
572 1963 600 1997 G
629 1967 665 1997 et
691 1963 766 1998 alii.
853 1963 973 1997 seuiss.
1002 1961 1067 1996 Ma.
1144 1961 1199 1997 18.
1223 1971 1362 2008 paenas
1389 1958 1453 1995 Ma.
1535 1959 1676 1998 Treveri

329 2011 466 2045 treuiri.

1101 1815 1176 1862 eple
1204 1826 1283 1850 cum
1313 1815 1377 1850 lin.
1411 1814 1450 1849 G.

169 2138 235 2172 bus
268 2138 436 2173 Romanis
463 2150 542 2174 cum
576 2139 762 2175 tollenone
798 2150 884 2185 pro-

169 2187 273 2220 motis
304 2187 468 2234 singulos
504 2188 674 2233 pluresve
710 2200 754 2223 ex
796 2188 886 2223 Ger-

171 2236 284 2268 manis
299 2237 442 2280 corripi,
468 2237 542 2281 qui,
565 2237 646 2270 dum
672 2237 886 2271 libramento

170 2282 265 2316 facto
293 2283 484 2317 demissum
513 2290 619 2328 caput
647 2290 886 2330 retorquetur,

169 2331 205 2363 in
233 2335 348 2365 castra
374 2333 560 2375 rapiuntur
588 2338 623 2366 et
645 2333 887 2367 effunduntur.

242 2377 326 2422 Cap
355 2380 414 2414 31.
443 2380 540 2413 cuius
567 2386 723 2414 eventum
749 2381 887 2414 litterae

171 2425 280 2459 Primi
317 2427 465 2461 Antonii
508 2428 687 2462 docuere:
742 2428 886 2462 ubinam

170 2472 355 2508 docuere?
380 2475 612 2522 Mogontiaci,
634 2476 793 2518 Bonnae,
814 2476 887 2510 Co-

170 2521 289 2556 loniae
314 2523 652 2569 Agrippinensium,
692 2524 884 2567 Novaesii,

169 2574 384 2614 postremum
416 2572 621 2615 Geldubae,
659 2583 796 2618 eaeque
824 2573 884 2606 lit--

170 2622 268 2652 terae
294 2618 350 2652 his
383 2620 472 2654 locis
508 2621 709 2665 aquiliferis
736 2621 886 2655 traditae

170 2671 252 2699 ante
286 2666 459 2701 militibus
499 2679 602 2712 quam
642 2669 723 2703 duci
768 2669 886 2704 lectae

171 2718 252 2746 sunt
288 2716 339 2758 (c.
374 2716 453 2761 25).
516 2715 680 2750 Edictum
714 2717 889 2751 Caecinae

172 2766 226 2794 est
252 2761 347 2805 quod
381 2773 401 2795 a
434 2764 582 2797 consule
609 2763 764 2798 Caecina
802 2775 888 2809 pro-

171 2810 325 2853 positum
353 2815 428 2843 erat
455 2811 515 2855 (ll.
546 2811 590 2844 ΙΙΙ
622 2813 701 2857 31).

240 2857 402 2901 adiqenle
430 2859 629 2892 Hordeonio
647 2858 798 2894 Flacco.-
827 2862 886 2894 ubi

171 2904 395 2939 Hordeonius
422 2905 457 2939 id
485 2907 585 2952 egit?
622 2907 790 2942 Novaesii
818 2919 887 2953 pu-

170 2957 233 2986 tot
270 2954 383 2997 ipsum
411 2955 506 2988 enim
534 2965 647 3001 usquc
675 2956 717 2989 ad
752 2956 886 2991 Geldu-

170 3000 250 3035 bam
267 3010 337 3035 uon
363 3011 592 3049 progressum
621 3013 701 3038 esse
726 3014 771 3038 ex
793 3015 823 3038 c.
840 3005 886 3041 25

956 2135 1115 2175 extremo
1153 2145 1188 2175 et
1222 2141 1266 2176 27
1308 2145 1343 2174 et
1369 2140 1417 2175 32
1446 2139 1677 2186 intelligitur.

955 2188 1043 2224 Item
1068 2188 1475 2223 Novaesiillordeonius
1506 2198 1588 2222 mox
1620 2190 1679 2223 in-

957 2237 1153 2272 terficitur:
1184 2249 1212 2271 c.
1242 2237 1304 2272 36.

959 2320 961 2322 ,
1039 2285 1124 2330 Cap.
1154 2286 1213 2320 32.
1276 2296 1362 2318 neve
1393 2289 1541 2317 externa
1570 2285 1678 2318 armis

958 2333 1059 2378 falsis
1085 2333 1239 2367 velaret:
1281 2337 1449 2366 externos
1492 2341 1563 2364 non
1591 2332 1678 2365 suh-

960 2383 1074 2415 iectos
1100 2391 1164 2425 pro
1192 2380 1355 2414 hostibus
1382 2379 1514 2412 habere
1529 2379 1678 2414 Romani

958 2440 1037 2463 cum
1071 2429 1269 2474 antiquitus
1311 2428 1494 2470 solerent,
1531 2434 1680 2463 externa

958 2482 993 2511 et
1022 2478 1164 2510 hostilia
1194 2476 1289 2510 idem
1317 2476 1440 2510 valere
1476 2476 1559 2511 inde
1587 2487 1678 2510 con-

957 2526 1146 2559 sectarium
1176 2530 1271 2568 erat,
1309 2524 1458 2569 perinde
1494 2529 1532 2557 ut
1565 2525 1678 2559 hostes

956 2578 991 2607 et
1013 2574 1208 2619 pereyrini.

1029 2624 1204 2667 egregium
1234 2643 1279 2647 —
1303 2623 1442 2667 recepi:
1491 2631 1677 2665 compara-

959 2672 1011 2703 vit
1044 2670 1231 2704 Ernestius
1271 2671 1371 2715 Virg.
1407 2670 1496 2703 Aen.
1536 2669 1581 2703 lv
1608 2670 1676 2704 93:

959 2719 1136 2763 eqreqiam
1182 2729 1263 2751 vero
1316 2717 1453 2751 laudem
1491 2722 1523 2750 et
1564 2716 1678 2761 spolia

958 2766 1076 2811 anaepla
1105 2767 1257 2810 refertis.

1029 2825 1149 2846 necem
1173 2814 1299 2857 fratris
1338 2819 1370 2845 et
1403 2813 1546 2845 vincula
1569 2822 1675 2845 mea:

959 2871 991 2894 ν.
1029 2871 1104 2904 cap
1138 2862 1200 2903 133
1244 2860 1345 2893 huius
1381 2861 1555 2894 exercitus
1597 2871 1677 2894 cuni

958 2908 1085 2942 Civilis
1112 2908 1218 2949 dicit,
1260 2918 1400 2941 manum
1427 2908 1470 2941 ad
1499 2909 1630 2942 Veteia
1657 2919 1678 2942 a

957 2967 996 2990 se
1022 2955 1170 2990 obsessa
1195 2956 1352 3002 dirigere
1380 2955 1591 3002 cogitandus
1609 2961 1675 2991 est.

1035 3009 1237 3048 ceteraeque
1262 3005 1487 3039 servientium
1514 3005 1676 3039 animae:
