1768 3216
150 214 179 242 ι
198 201 240 241 0.
265 206 327 244 69.
617 204 752 242 LIBER
774 204 803 241 1.
861 203 949 242 CA?-
972 205 1134 244 48-50.
1613 209 1663 243 55

147 323 285 382 magis
317 328 436 369 extra
465 325 568 368 vitia
599 335 720 380 quam
752 336 845 367 cum
874 325 1111 367 virtutibus.
1171 325 1324 368 Famae
1358 336 1440 368 nec
1469 324 1663 368 incurio-

149 411 222 444 sus
263 412 345 444 nec
386 400 638 444 venditator.
696 399 906 442 Pecuniae
946 400 1111 443 alienae
1158 411 1246 442 non
1290 403 1516 455 appetens,
1560 412 1662 443 suae

147 488 327 531 parcus,
366 476 562 532 publicae
604 487 773 519 avaruS.
833 475 1076 518 Amicorum
1116 475 1467 530 libertorumque,
1513 475 1586 518 ubi
1618 476 1662 518 in

147 550 287 595 bonos
314 551 559 605 incidisset,
590 551 684 594 sine
712 550 1047 606 reprehensione
1076 551 1266 605 patiens,
1311 551 1348 593 si
1377 550 1476 592 mali
1503 550 1658 604 forent,

146 636 281 683 usque
320 625 374 668 ad
424 626 586 682 culpam
625 627 813 683 ignarus.
875 626 960 670 Sed
1000 626 1169 669 claritas
1212 625 1410 668 natalium
1445 630 1487 668 et
1526 630 1692 668 metuss

146 705 379 757 temporum
411 702 615 757 obtentui,
645 705 691 744 ut
723 702 835 757 quod
853 702 1035 758 segnitia
1061 705 1166 756 erat,
1198 691 1403 757 sapientia
1419 706 1658 745 vocaretur.

92 820 98 838 ,
144 776 252 820 Dum
295 776 469 832 vigebat
507 781 649 831 aetaS,
692 777 861 819 militari
900 777 1025 820 laude
1073 777 1182 831 apud
1222 777 1468 819 Germanias
1506 777 1659 819 floruit.

55 842 225 1128 QPro
255 846 430 889 consule
459 846 649 889 Africam
680 845 916 899 moderate,
947 846 1029 888 iam
1061 846 1208 888 senior
1238 846 1479 888 citeriorem
1502 845 1659 900 Hispa-

144 919 257 965 niam
286 920 379 977 pari
409 922 566 965 iustitia
594 922 813 975 continuit,
845 921 981 964 maior
999 922 1163 976 privato
1182 921 1316 974 visus,
1349 920 1446 962 dum
1473 921 1660 975 privatus

0 1004 7 1012 ‘
80 1000 81 1003 ’
145 996 237 1052 ruit,
267 1000 310 1040 et
338 997 524 1040 omnium
553 1009 767 1041 consensu
798 1009 932 1052 capax
962 996 1144 1052 imperii,
1176 996 1261 1039 nisi
1291 997 1554 1052 imperasset.

279 1071 501 1128 Trepidam
530 1072 692 1126 urbem,
725 1085 776 1114 ac
807 1071 928 1114 simul
953 1071 1216 1114 atrocitatem
1246 1072 1431 1114 recentis
1461 1072 1656 1126 sceleris,

118 1129 270 1192 xsimul
310 1152 478 1192 veteres
525 1147 704 1190 Othonis
745 1159 886 1190 mores
924 1151 1171 1202 paventem,
1214 1159 1350 1190 novus
1391 1147 1565 1203 insuper
1607 1149 1661 1192 de

144 1223 312 1267 Vitellio
342 1224 512 1267 nuntius
539 1223 764 1276 exterruit,
797 1227 896 1266 ante
927 1222 1101 1265 caedem
1131 1223 1290 1265 Galbae
1318 1236 1585 1279 suppressus,
1616 1229 1662 1267 ut

144 1303 303 1342 tamum
332 1300 565 1355 superioris
587 1299 838 1342 Germaniae
869 1298 1099 1341 exercitum
1132 1298 1368 1341 descivisse
1399 1299 1657 1342 crederetur.

143 1374 245 1418 Tum
274 1369 381 1419 duos
411 1377 595 1418 omnium
624 1375 860 1418 mortalium
890 1374 1148 1430 impudicitia
1179 1375 1352 1430 ignavia
1382 1375 1545 1418 luxuria
1577 1376 1711 1423 ἀεὶ-ις

142 1439 338 1494 terrimos
366 1451 481 1493 velut
511 1451 564 1494 ad
592 1450 854 1506 perdendum
884 1451 1101 1506 imperium
1147 1450 1331 1493 fataliter
1371 1451 1530 1494 electos
1572 1465 1658 1495 non

141 1529 313 1571 senatus
340 1526 467 1570 modo
499 1531 542 1568 et
570 1538 716 1582 eques,
747 1511 924 1582 quisffie
956 1525 1105 1591 aliqua
1122 1530 1298 1581 purget
1329 1538 1430 1569 cura
1458 1527 1523 1569 rei
1547 1528 1658 1586 pub-

1676 1019 1715 1049 10

930 1653 1019 1687 vitta
1054 1651 1118 1695 Ma,
1159 1662 1231 1686 non
1267 1652 1399 1687 Furiae
1428 1653 1537 1687 vicia.
1619 1652 1655 1687 4.

144 1697 387 1748 reinhensioue
411 1701 476 1737 Ma.
552 1703 587 1738 6.
614 1703 768 1737 obtentui
794 1700 848 1736 Ma
871 1704 961 1748 (non
988 1701 1160 1746 obtinuiJ:
1193 1701 1340 1735 obtinuit
1367 1700 1407 1736 G.
1462 1700 1518 1736 14.
1550 1711 1656 1734 exer-

148 1750 243 1785 cici:
266 1749 333 1795 Ma,
360 1753 521 1786 exercitii
546 1751 585 1785 G.
690 1751 746 1786 15.
782 1750 857 1796 inp.
884 1749 951 1786 illa.
1052 1749 1107 1784 16.
1145 1748 1253 1784 uelud
1278 1748 1342 1785 Ma.
1440 1749 1658 1795 perdendum

145 1797 242 1851 (issa.
263 1800 492 1846 partiendum
515 1799 557 1836 B.
640 1800 695 1836 17.
723 1800 865 1846 quisque
892 1799 1029 1834 editor:
1057 1798 1203 1833 codices
1230 1799 1317 1844 quis.
1394 1799 1498 1845 rei.p.
1525 1796 1593 1834 Ma.

283 1652 315 1687 1.
354 1653 468 1699 maqis
506 1653 553 1689 G:
591 1652 647 1689 Ma
679 1654 829 1700 magnis.

142 1912 181 1946 in
204 1912 289 1946 Ner.
314 1911 375 1947 40.
416 1911 486 1946 Dio
513 1911 619 1946 LXIV
636 1912 659 1947 6
689 1912 796 1957 ἔζησε
821 1912 863 1948 δὲ

142 1960 291 2008 Γάλβας
315 1961 376 2005 ἔτη
403 1960 472 1997 δύο
497 1964 563 1996 καὶ
587 1960 860 2009 ἑβδομήκοντα,

142 2009 213 2044 Dio
245 2018 359 2044 annos
390 2011 594 2045 numeravit
626 2020 716 2056 quos
745 2009 858 2045 Galba

143 2057 333 2104 explevit,
372 2063 511 2103 partem
537 2059 622 2094 anni
649 2060 695 2095 73
722 2059 766 2093 ab
794 2069 861 2094 eo-

142 2107 225 2143 dem
251 2112 467 2142 transactam
503 2109 637 2143 omisit.
692 2106 862 2142 Ceterum

141 2157 336 2192 Suetonius
373 2157 411 2191 in
446 2156 548 2192 Galb.
575 2160 601 2192 4
637 2156 804 2192 dissentit.
841 2167 862 2191 a

141 2215 182 2241 se
208 2206 286 2251 ipse
305 2231 316 2249 ‚
355 2204 439 2240 dum
465 2205 612 2241 Galbam
639 2206 685 2241 Μ.
715 2206 861 2241 Valerio

141 2254 296 2290 Messala
314 2258 351 2288 et
376 2253 609 2289 Cn.Lentulo
638 2255 861 2299 consulibus,

142 2303 179 2337 h.
207 2314 242 2338 e.
271 2312 366 2337 anno
392 2304 460 2338 751
485 2303 529 2337 ab
557 2315 607 2346 u.‚
637 2309 759 2338 natum
787 2309 863 2339 tra-

148 2351 213 2385 dit.
252 2351 403 2385 Scilicet
428 2352 465 2385 in
492 2351 560 2386 hac
582 2363 622 2386 re
648 2352 770 2396 alium,
798 2353 862 2388 sed

141 2401 179 2434 in
204 2399 376 2434 tradenda
407 2399 542 2435 Galbae
567 2400 678 2436 caede
703 2401 863 2436 Tacitum

142 2450 181 2484 in
207 2449 329 2494 primis
370 2454 555 2484 auctorem
598 2455 743 2484 secutus
785 2455 852 2485 est.

143 2497 252 2532 Certe
286 2498 322 2531 iu
359 2498 404 2531 iis
439 2509 532 2544 quae
558 2498 603 2534 de
629 2500 748 2544 capite
774 2500 861 2535 Gal-

142 2546 212 2582 bae
248 2552 368 2580 narrat
393 2549 445 2593 (c.
478 2549 546 2594 20)
589 2553 624 2582 et
653 2547 758 2583 ‘lixas
790 2560 866 2583 ca-

143 2594 319 2641 lonesque'
345 2601 383 2630 et
416 2596 638 2632 locutionem
658 2596 712 2631 ‘in
732 2599 861 2643 priva-

143 2645 189 2679 tis
221 2646 295 2679 eius
318 2643 436 2678 hortis'
465 2645 573 2679 habet
594 2646 702 2691 plane
728 2651 767 2680 ut
792 2647 861 2682 Ta-

145 2694 238 2727 citus
263 2692 333 2726 hoc
359 2694 478 2738 capite
503 2695 563 2729 49.

229 2742 410 2776 obtentui:
447 2742 520 2776 vid.
557 2748 717 2777 annotat.
745 2744 788 2778 ad
817 2745 858 2779 H.

145 2787 177 2822 11
205 2791 259 2826 14.
289 2789 332 2825 Ut
358 2789 475 2835 qualis
499 2790 564 2825 ille
594 2792 753 2827 obtentus
776 2793 859 2827 fuc-

146 2838 192 2870 rit
221 2837 420 2873 declararet
449 2839 507 2873 hic
534 2845 656 2874 nester
674 2867 683 2881 ,
727 2837 860 2876 adiecit

144 2890 456 2923 tat—vocaretur.
491 2888 675 2923 Pertinent
700 2888 790 2925 haec
815 2890 859 2925 ad

144 2937 307 2978 tempora
332 2935 572 2982 principatum
594 2936 728 2972 Galbae
755 2942 860 2974 ante⁴

148 2981 337 3018 cedentia:
375 2983 539 3022 homines
574 2985 784 3024 dictitabant
825 2991 861 3023 et·

931 1910 1117 1956 putabant,
1145 1921 1225 1944 cum
1253 1909 1400 1944 Galbam
1426 1910 1492 1944 sub
1510 1910 1655 1944 Tiberio

933 1964 968 1994 et
995 1959 1083 1994 Gaio
1111 1964 1147 1994 et
1174 1958 1326 1993 Claudio
1352 1970 1395 1993 ac
1416 1959 1561 1993 Nerone
1588 1970 1656 2003 pa-

931 2019 1008 2043 rum
1034 2014 1198 2054 prompte
1224 2019 1335 2054 agere
1353 2009 1533 2052 viderent,
1562 2017 1654 2042 con-

931 2058 1026 2093 sulto
1058 2058 1094 2093 id
1120 2058 1199 2093 fieri
1236 2058 1411 2103 illumque
1451 2058 1525 2091 vim
1551 2067 1653 2091 suam

932 2118 1165 2152 compescere
1207 2117 1254 2141 ne
1298 2107 1546 2141 incresceret:
1588 2105 1653 2140 tali

932 2157 1027 2191 enim
1053 2158 1132 2191 viro
1164 2166 1251 2200 prae
1287 2157 1418 2190 ceteris
1453 2155 1519 2190 sub
1556 2154 1653 2189 malo

930 2206 1097 2252 principe
1123 2205 1355 2241 metuendum
1385 2216 1478 2240 esse.

1013 2255 1109 2301 apud
1134 2254 1368 2288 Germanicus.-
1416 2254 1463 2288 cf.
1503 2254 1653 2289 Sueton.

933 2303 1034 2338 Galb.
1064 2304 1100 2338 6.
1149 2302 1331 2337 Plutarch.
1367 2301 1469 2337 Galb.
1497 2304 1533 2338 3.
1583 2303 1653 2337 Dio

932 2352 992 2386 LX
1015 2352 1040 2387 8
1075 2353 1113 2386 in
1139 2351 1247 2386 rebus
1281 2351 1366 2385 anni
1392 2352 1490 2387 794:
1531 2350 1653 2400 τούτῳ

931 2403 985 2448 τῷ
1015 2402 1088 2437 ἔτει
1115 2400 1136 2438 ὃ
1162 2400 1309 2447 Γάλβας
1350 2400 1369 2437 ὃ
1409 2401 1654 2441 Σουλπίκιος

932 2450 1110 2489 Χάττους
1136 2449 1333 2497 ἐκράτησε,
1345 2449 1441 2484 unde
1459 2449 1653 2484 edocemur

932 2499 1078 2535 Galbam
1117 2499 1319 2544 praefuisse
1346 2499 1558 2533 Germaniae
1586 2510 1651 2533 su-

931 2549 1078 2592 periori.
1212 2547 1401 2594 Africam.-
1437 2548 1586 2583 Sueten.
1615 2549 1649 2583 7.

930 2596 1112 2632 Plutarch.
1139 2599 1174 2634 3.

1002 2648 1075 2681 iam
1100 2647 1238 2681 sem'or:
1281 2646 1431 2681 Sueton.
1452 2645 1497 2680 8:
1535 2654 1650 2690 prope

931 2696 978 2730 ad
1004 2696 1152 2732 meatum
1170 2697 1323 2731 Neronis
1346 2694 1585 2740 principatum
1610 2693 1649 2726 in

930 2757 1066 2780 secessu
1090 2746 1280 2789 plurimum
1309 2744 1420 2784 vixit,
1458 2763 1503 2768 —
1537 2741 1649 2775 donec

931 2795 1107 2839 Hispania
1146 2792 1422 2828 Tarraconensis
1460 2790 1648 2838 (citerior)

930 2842 1049 2878 obtata
1076 2846 1136 2876 est.

972 2889 1121 2934 Cap.5o.
1139 2884 1280 2934 quisque
1291 2887 1412 2934 aliqua
1421 2898 1506 2934 pars
1517 2893 1548 2923 et
1560 2899 1650 2924 cura

927 2940 983 2972 rei
1007 2936 1190 2984 publicae:
1237 2936 1327 2972 haec
1362 2940 1443 2982 post
1466 2941 1584 2981 patres
1610 2943 1649 2973 et

929 2988 1069 3034 equites
1095 2985 1292 3032 proximam
1317 2986 1415 3022 urbis
1429 2985 1564 3023 Romae
1591 2986 1653 3023 ci-
