<?xml version="1.0" encoding="UTF-8"?>
<!DOCTYPE html PUBLIC "-//W3C//DTD XHTML 1.0 Transitional//EN"
    "http://www.w3.org/TR/xhtml1/DTD/xhtml1-transitional.dtd">
<html xmlns="http://www.w3.org/1999/xhtml" xml:lang="en" lang="en">
 <head>
  <title>
</title>
<meta http-equiv="Content-Type" content="text/html;charset=utf-8" />
  <meta name='ocr-system' content='tesseract 3.04.00' />
  <meta name='ocr-capabilities' content='ocr_page ocr_carea ocr_par ocr_line ocrx_word'/>
</head>
<body>
  <div class='ocr_page' id='page_1' title='image "./operaadcodicesan03taciuoft/operaadcodicesan03taciuoft_0564.png"; bbox 0 0 1768 3216; ppageno 0'>
   <div class='ocr_carea' id='block_1_1' title="bbox 0 322 85 373">
    <p class='ocr_par' dir='ltr' id='par_1_1' title="bbox 0 322 85 373">
     <span class='ocr_line' id='line_1_1' title="bbox 0 322 85 362; baseline 0 -20"><span class='ocrx_word' id='word_1_1' title='bbox 0 322 51 362; x_wconf 60' lang='lat' dir='ltr'>nl.</span> <span class='ocrx_word' id='word_1_2' title='bbox 70 323 85 342; x_wconf 57' lang='grc' dir='ltr'><strong><em>ἢ</em></strong></span> 
     </span>
     <span class='ocr_line' id='line_1_2' title="bbox 0 349 80 373; baseline 0.013 -7"><span class='ocrx_word' id='word_1_3' title='bbox 0 349 38 373; x_wconf 51' lang='lat' dir='ltr'>‘&#39;v-¹2</span> <span class='ocrx_word' id='word_1_4' title='bbox 77 363 80 367; x_wconf 44' lang='lat' dir='ltr'>v</span> 
     </span>
    </p>
   </div>
   <div class='ocr_carea' id='block_1_2' title="bbox 166 201 246 243">
    <p class='ocr_par' dir='ltr' id='par_1_2' title="bbox 166 201 246 243">
     <span class='ocr_line' id='line_1_3' title="bbox 166 201 246 243; baseline 0 -7"><span class='ocrx_word' id='word_1_5' title='bbox 166 201 246 243; x_wconf 60' lang='lat' dir='ltr'>m</span> 
     </span>
    </p>
   </div>
   <div class='ocr_carea' id='block_1_3' title="bbox 788 196 1048 236">
    <p class='ocr_par' dir='ltr' id='par_1_3' title="bbox 788 196 1048 236">
     <span class='ocr_line' id='line_1_4' title="bbox 788 196 1048 236; baseline -0.004 -1"><span class='ocrx_word' id='word_1_6' title='bbox 788 196 1048 236; x_wconf 76' lang='lat' dir='ltr'><strong>AGRIGOLAE</strong></span> 
     </span>
    </p>
   </div>
   <div class='ocr_carea' id='block_1_4' title="bbox 137 316 1669 822">
    <p class='ocr_par' dir='ltr' id='par_1_4' title="bbox 137 316 1668 746">
     <span class='ocr_line' id='line_1_5' title="bbox 171 316 1662 374; baseline -0.001 -13"><span class='ocrx_word' id='word_1_7' title='bbox 171 321 234 362; x_wconf 86' lang='lat' dir='ltr'>tas</span> <span class='ocrx_word' id='word_1_8' title='bbox 268 317 319 360; x_wconf 89' lang='lat' dir='ltr'>ad</span> <span class='ocrx_word' id='word_1_9' title='bbox 349 316 389 359; x_wconf 90' lang='lat' dir='ltr'>id</span> <span class='ocrx_word' id='word_1_10' title='bbox 424 319 580 369; x_wconf 85' lang='lat' dir='ltr'>tempus</span> <span class='ocrx_word' id='word_1_11' title='bbox 612 319 762 371; x_wconf 81' lang='lat' dir='ltr'>gentes</span> <span class='ocrx_word' id='word_1_12' title='bbox 794 316 954 358; x_wconf 83' lang='lat' dir='ltr'>crebris</span> <span class='ocrx_word' id='word_1_13' title='bbox 984 316 1105 358; x_wconf 89' lang='lat' dir='ltr'>simul</span> <span class='ocrx_word' id='word_1_14' title='bbox 1137 316 1196 374; x_wconf 46' lang='grc' dir='ltr'>ἐᾷ</span> <span class='ocrx_word' id='word_1_15' title='bbox 1237 316 1450 372; x_wconf 82' lang='lat' dir='ltr'>prosperis</span> <span class='ocrx_word' id='word_1_16' title='bbox 1489 316 1662 371; x_wconf 69' lang='lat' dir='ltr'>ptoeliis</span> 
     </span>
     <span class='ocr_line' id='line_1_6' title="bbox 173 378 1667 447; baseline -0.001 -10"><span class='ocrx_word' id='word_1_17' title='bbox 173 393 329 437; x_wconf 84' lang='lat' dir='ltr'>domuit</span> <span class='ocrx_word' id='word_1_18' title='bbox 342 406 353 444; x_wconf 92' lang='lat'>;</span> <span class='ocrx_word' id='word_1_19' title='bbox 399 403 573 445; x_wconf 84' lang='lat' dir='ltr'>eamque</span> <span class='ocrx_word' id='word_1_20' title='bbox 614 395 772 445; x_wconf 81' lang='lat' dir='ltr'>partem</span> <span class='ocrx_word' id='word_1_21' title='bbox 814 392 1053 435; x_wconf 83' lang='lat' dir='ltr'>Britanniae</span> <span class='ocrx_word' id='word_1_22' title='bbox 1094 378 1200 447; x_wconf 67' lang='lat' dir='ltr'>quae</span> <span class='ocrx_word' id='word_1_23' title='bbox 1239 392 1476 436; x_wconf 82' lang='lat' dir='ltr'>Hiberniam</span> <span class='ocrx_word' id='word_1_24' title='bbox 1519 393 1667 447; x_wconf 74' lang='lat' dir='ltr'>aspicit</span> 
     </span>
     <span class='ocr_line' id='line_1_7' title="bbox 173 465 1666 522; baseline 0.002 -14"><span class='ocrx_word' id='word_1_25' title='bbox 173 465 305 520; x_wconf 88' lang='lat' dir='ltr'>copiis</span> <span class='ocrx_word' id='word_1_26' title='bbox 335 466 543 519; x_wconf 76' lang='lat' dir='ltr'>instruxit,</span> <span class='ocrx_word' id='word_1_27' title='bbox 572 466 614 508; x_wconf 92' lang='lat' dir='ltr'>in</span> <span class='ocrx_word' id='word_1_28' title='bbox 644 479 760 521; x_wconf 88' lang='lat' dir='ltr'>spem</span> <span class='ocrx_word' id='word_1_29' title='bbox 792 467 926 522; x_wconf 85' lang='lat' dir='ltr'>magis</span> <span class='ocrx_word' id='word_1_30' title='bbox 957 479 1078 521; x_wconf 89' lang='lat' dir='ltr'>quam</span> <span class='ocrx_word' id='word_1_31' title='bbox 1109 468 1161 510; x_wconf 91' lang='lat' dir='ltr'>ob</span> <span class='ocrx_word' id='word_1_32' title='bbox 1193 467 1474 521; x_wconf 85' lang='lat' dir='ltr'>formidinem,</span> <span class='ocrx_word' id='word_1_33' title='bbox 1504 467 1542 510; x_wconf 91' lang='lat' dir='ltr'>si</span> <span class='ocrx_word' id='word_1_34' title='bbox 1569 466 1666 522; x_wconf 49' lang='lat' dir='ltr'>quia,-</span> 
     </span>
     <span class='ocr_line' id='line_1_8' title="bbox 173 540 1668 597; baseline 0.001 -14"><span class='ocrx_word' id='word_1_35' title='bbox 173 540 268 585; x_wconf 82' lang='lat' dir='ltr'>dem</span> <span class='ocrx_word' id='word_1_36' title='bbox 296 540 495 582; x_wconf 87' lang='lat' dir='ltr'>Hibernia</span> <span class='ocrx_word' id='word_1_37' title='bbox 527 541 664 584; x_wconf 86' lang='lat' dir='ltr'>medio</span> <span class='ocrx_word' id='word_1_38' title='bbox 696 541 803 583; x_wconf 87' lang='lat' dir='ltr'>inter</span> <span class='ocrx_word' id='word_1_39' title='bbox 835 541 1089 585; x_wconf 83' lang='lat' dir='ltr'>Britanniam</span> <span class='ocrx_word' id='word_1_40' title='bbox 1120 547 1242 597; x_wconf 89' lang='lat' dir='ltr'>atque</span> <span class='ocrx_word' id='word_1_41' title='bbox 1272 542 1510 596; x_wconf 81' lang='lat' dir='ltr'>Hispaniam</span> <span class='ocrx_word' id='word_1_42' title='bbox 1528 541 1607 585; x_wconf 83' lang='lat' dir='ltr'>sita</span> <span class='ocrx_word' id='word_1_43' title='bbox 1625 545 1668 584; x_wconf 80' lang='lat' dir='ltr'>et</span> 
     </span>
     <span class='ocr_line' id='line_1_9' title="bbox 137 614 1667 672; baseline 0.001 -13"><span class='ocrx_word' id='word_1_44' title='bbox 137 627 155 659; x_wconf 76' lang='lat'>⁵</span> <span class='ocrx_word' id='word_1_45' title='bbox 174 614 334 657; x_wconf 88' lang='lat' dir='ltr'>Gallico</span> <span class='ocrx_word' id='word_1_46' title='bbox 368 627 532 670; x_wconf 86' lang='lat' dir='ltr'>quoquc</span> <span class='ocrx_word' id='word_1_47' title='bbox 564 617 668 659; x_wconf 90' lang='lat' dir='ltr'>mari</span> <span class='ocrx_word' id='word_1_48' title='bbox 700 621 930 672; x_wconf 87' lang='lat' dir='ltr'>opportuna</span> <span class='ocrx_word' id='word_1_49' title='bbox 964 617 1288 662; x_wconf 81' lang='lat' dir='ltr'>valentissimam</span> <span class='ocrx_word' id='word_1_50' title='bbox 1318 617 1481 672; x_wconf 87' lang='lat' dir='ltr'>imperii</span> <span class='ocrx_word' id='word_1_51' title='bbox 1509 620 1667 672; x_wconf 74' lang='lat' dir='ltr'>partem</span> 
     </span>
     <span class='ocr_line' id='line_1_10' title="bbox 172 691 1001 746; baseline -0.002 -11"><span class='ocrx_word' id='word_1_52' title='bbox 172 691 335 746; x_wconf 84' lang='lat' dir='ltr'>magnis</span> <span class='ocrx_word' id='word_1_53' title='bbox 366 691 407 733; x_wconf 91' lang='lat' dir='ltr'>in</span> <span class='ocrx_word' id='word_1_54' title='bbox 436 691 572 734; x_wconf 88' lang='lat' dir='ltr'>vicem</span> <span class='ocrx_word' id='word_1_55' title='bbox 602 691 745 737; x_wconf 91' lang='lat' dir='ltr'>usibus</span> <span class='ocrx_word' id='word_1_56' title='bbox 775 693 1001 735; x_wconf 89' lang='lat' dir='ltr'>miscuerit.</span> 
     </span>
    </p>

    <p class='ocr_par' dir='ltr' id='par_1_5' title="bbox 309 765 1669 822">
     <span class='ocr_line' id='line_1_11' title="bbox 309 765 1669 822; baseline 0.001 -14"><span class='ocrx_word' id='word_1_57' title='bbox 309 765 491 818; x_wconf 87' lang='lat' dir='ltr'>Spatium</span> <span class='ocrx_word' id='word_1_58' title='bbox 525 766 629 819; x_wconf 82' lang='lat' dir='ltr'>eius,</span> <span class='ocrx_word' id='word_1_59' title='bbox 656 767 692 808; x_wconf 92' lang='lat' dir='ltr'>si</span> <span class='ocrx_word' id='word_1_60' title='bbox 723 766 961 810; x_wconf 83' lang='lat' dir='ltr'>Britanniae</span> <span class='ocrx_word' id='word_1_61' title='bbox 995 770 1280 821; x_wconf 78' lang='lat' dir='ltr'>comparetur,</span> <span class='ocrx_word' id='word_1_62' title='bbox 1313 766 1554 822; x_wconf 83' lang='lat' dir='ltr'>angustius,</span> <span class='ocrx_word' id='word_1_63' title='bbox 1586 777 1669 809; x_wconf 86' lang='lat' dir='ltr'>no·-</span> 
     </span>
    </p>
   </div>
   <div class='ocr_carea' id='block_1_5' title="bbox 174 838 806 896">
    <p class='ocr_par' dir='ltr' id='par_1_6' title="bbox 174 838 806 896">
     <span class='ocr_line' id='line_1_12' title="bbox 174 838 806 896; baseline 0.002 -15"><span class='ocrx_word' id='word_1_64' title='bbox 174 838 250 881; x_wconf 88' lang='lat' dir='ltr'>stri</span> <span class='ocrx_word' id='word_1_65' title='bbox 279 840 405 883; x_wconf 86' lang='lat' dir='ltr'>maris</span> <span class='ocrx_word' id='word_1_66' title='bbox 439 841 596 883; x_wconf 85' lang='lat' dir='ltr'>insulas</span> <span class='ocrx_word' id='word_1_67' title='bbox 627 846 806 896; x_wconf 89' lang='lat' dir='ltr'>superat.</span> 
     </span>
    </p>
   </div>
   <div class='ocr_carea' id='block_1_6' title="bbox 869 839 1670 896">
    <p class='ocr_par' dir='ltr' id='par_1_7' title="bbox 869 839 1670 896">
     <span class='ocr_line' id='line_1_13' title="bbox 869 839 1670 896; baseline -0.004 -11"><span class='ocrx_word' id='word_1_68' title='bbox 869 842 1010 886; x_wconf 88' lang='lat' dir='ltr'>Solum</span> <span class='ocrx_word' id='word_1_69' title='bbox 1043 841 1286 896; x_wconf 85' lang='lat' dir='ltr'>caelumque</span> <span class='ocrx_word' id='word_1_70' title='bbox 1317 840 1560 896; x_wconf 82' lang='lat' dir='ltr'>et·ingenia</span> <span class='ocrx_word' id='word_1_71' title='bbox 1576 839 1670 884; x_wconf 86' lang='lat' dir='ltr'>cul-</span> 
     </span>
    </p>
   </div>
   <div class='ocr_carea' id='block_1_7' title="bbox 167 914 1664 969">
    <p class='ocr_par' dir='ltr' id='par_1_8' title="bbox 167 914 1664 969">
     <span class='ocr_line' id='line_1_14' title="bbox 167 914 1664 969; baseline 0.001 -12"><span class='ocrx_word' id='word_1_72' title='bbox 167 916 315 969; x_wconf 89' lang='lat' dir='ltr'>tusque</span> <span class='ocrx_word' id='word_1_73' title='bbox 345 914 555 959; x_wconf 89' lang='lat' dir='ltr'>hominum</span> <span class='ocrx_word' id='word_1_74' title='bbox 585 915 694 961; x_wconf 85' lang='lat' dir='ltr'>haud</span> <span class='ocrx_word' id='word_1_75' title='bbox 735 916 901 959; x_wconf 89' lang='lat' dir='ltr'>multum</span> <span class='ocrx_word' id='word_1_76' title='bbox 942 930 965 963; x_wconf 88' lang='lat' dir='ltr'>a</span> <span class='ocrx_word' id='word_1_77' title='bbox 1004 916 1216 959; x_wconf 85' lang='lat' dir='ltr'>Britannia</span> <span class='ocrx_word' id='word_1_78' title='bbox 1258 915 1485 959; x_wconf 82' lang='lat' dir='ltr'>differunt:</span> <span class='ocrx_word' id='word_1_79' title='bbox 1517 915 1664 960; x_wconf 77' lang='lat' dir='ltr'>melius</span> 
     </span>
    </p>
   </div>
   <div class='ocr_carea' id='block_1_8' title="bbox 289 1064 704 1108">
    <p class='ocr_par' dir='ltr' id='par_1_9' title="bbox 289 1064 704 1108">
     <span class='ocr_line' id='line_1_15' title="bbox 289 1064 704 1108; baseline 0 -10"><span class='ocrx_word' id='word_1_80' title='bbox 289 1064 323 1098; x_wconf 84' lang='lat'>3.</span> <span class='ocrx_word' id='word_1_81' title='bbox 351 1064 389 1097; x_wconf 87' lang='lat' dir='ltr'>in</span> <span class='ocrx_word' id='word_1_82' title='bbox 411 1064 635 1108; x_wconf 81' lang='lat' dir='ltr'>formidinem</span> <span class='ocrx_word' id='word_1_83' title='bbox 660 1067 704 1101; x_wconf 83' lang='grc' dir='ltr'>Δ.</span> 
     </span>
    </p>
   </div>
   <div class='ocr_carea' id='block_1_9' title="bbox 1352 984 1358 1003">
    <p class='ocr_par' dir='ltr' id='par_1_10' title="bbox 1352 984 1358 1003">
     <span class='ocr_line' id='line_1_16' title="bbox 1352 984 1358 1003; baseline 0 0"><span class='ocrx_word' id='word_1_84' title='bbox 1352 984 1358 1003; x_wconf 69' lang='lat' dir='ltr'>l</span> 
     </span>
    </p>
   </div>
   <div class='ocr_carea' id='block_1_10' title="bbox 822 1044 1670 1112">
    <p class='ocr_par' dir='ltr' id='par_1_11' title="bbox 822 1044 1670 1112">
     <span class='ocr_line' id='line_1_17' title="bbox 822 1044 1670 1112; baseline -0.001 -13"><span class='ocrx_word' id='word_1_85' title='bbox 822 1044 856 1100; x_wconf 62' lang='lat' dir='ltr'>9ss</span> <span class='ocrx_word' id='word_1_86' title='bbox 894 1065 1073 1112; x_wconf 76' lang='lat' dir='ltr'>differunt.</span> <span class='ocrx_word' id='word_1_87' title='bbox 1109 1066 1231 1100; x_wconf 78' lang='lat' dir='ltr'>melius</span> <span class='ocrx_word' id='word_1_88' title='bbox 1265 1065 1380 1099; x_wconf 81' lang='lat' dir='ltr'>aditus</span> <span class='ocrx_word' id='word_1_89' title='bbox 1411 1063 1606 1100; x_wconf 76' lang='lat' dir='ltr'>Rhenanus</span> <span class='ocrx_word' id='word_1_90' title='bbox 1632 1063 1670 1098; x_wconf 91' lang='lat' dir='ltr'>in</span> 
     </span>
    </p>
   </div>
   <div class='ocr_carea' id='block_1_11' title="bbox 163 1111 1670 1257">
    <p class='ocr_par' dir='ltr' id='par_1_12' title="bbox 163 1111 1670 1257">
     <span class='ocr_line' id='line_1_18' title="bbox 167 1111 1670 1160; baseline 0.001 -16"><span class='ocrx_word' id='word_1_91' title='bbox 167 1115 338 1145; x_wconf 85' lang='lat' dir='ltr'>contextu</span> <span class='ocrx_word' id='word_1_92' title='bbox 366 1113 420 1156; x_wconf 90' lang='lat' dir='ltr'>(in</span> <span class='ocrx_word' id='word_1_93' title='bbox 434 1112 604 1159; x_wconf 87' lang='lat' dir='ltr'>Castigat.</span> <span class='ocrx_word' id='word_1_94' title='bbox 635 1114 707 1147; x_wconf 83' lang='lat' dir='ltr'>eius</span> <span class='ocrx_word' id='word_1_95' title='bbox 734 1123 796 1158; x_wconf 89' lang='lat' dir='ltr'>pro</span> <span class='ocrx_word' id='word_1_96' title='bbox 823 1113 993 1160; x_wconf 84' lang='lat' dir='ltr'>melius).·</span> <span class='ocrx_word' id='word_1_97' title='bbox 1021 1116 1057 1149; x_wconf 85' lang='lat' dir='ltr'><em>A</em></span> <span class='ocrx_word' id='word_1_98' title='bbox 1080 1114 1197 1160; x_wconf 80' lang='lat' dir='ltr'>differt</span> <span class='ocrx_word' id='word_1_99' title='bbox 1223 1113 1267 1148; x_wconf 85' lang='lat' dir='ltr'>ln</span> <span class='ocrx_word' id='word_1_100' title='bbox 1291 1113 1413 1147; x_wconf 80' lang='lat' dir='ltr'>melius</span> <span class='ocrx_word' id='word_1_101' title='bbox 1444 1112 1570 1156; x_wconf 79' lang='lat' dir='ltr'>aditus,</span> <span class='ocrx_word' id='word_1_102' title='bbox 1597 1111 1670 1146; x_wconf 84' lang='lat' dir='ltr'>Pu..</span> 
     </span>
     <span class='ocr_line' id='line_1_19' title="bbox 165 1160 1659 1206; baseline 0.002 -13"><span class='ocrx_word' id='word_1_103' title='bbox 165 1160 329 1194; x_wconf 79' lang='lat' dir='ltr'>teolanus</span> <span class='ocrx_word' id='word_1_104' title='bbox 356 1161 483 1206; x_wconf 79' lang='lat' dir='ltr'>differt.</span> <span class='ocrx_word' id='word_1_105' title='bbox 511 1162 550 1195; x_wconf 80' lang='lat' dir='ltr'>in</span> <span class='ocrx_word' id='word_1_106' title='bbox 574 1162 696 1195; x_wconf 81' lang='lat' dir='ltr'>melius</span> <span class='ocrx_word' id='word_1_107' title='bbox 722 1162 848 1204; x_wconf 82' lang='lat' dir='ltr'>aditus,</span> <span class='ocrx_word' id='word_1_108' title='bbox 878 1167 913 1196; x_wconf 89' lang='lat' dir='ltr'>et</span> <span class='ocrx_word' id='word_1_109' title='bbox 939 1166 999 1195; x_wconf 89' lang='lat' dir='ltr'>aut</span> <span class='ocrx_word' id='word_1_110' title='bbox 1025 1163 1078 1196; x_wconf 89' lang='lat' dir='ltr'>sic</span> <span class='ocrx_word' id='word_1_111' title='bbox 1105 1167 1165 1196; x_wconf 90' lang='lat' dir='ltr'>aut</span> <span class='ocrx_word' id='word_1_112' title='bbox 1190 1163 1275 1197; x_wconf 80' lang='lat' dir='ltr'>utA</span> <span class='ocrx_word' id='word_1_113' title='bbox 1296 1160 1391 1197; x_wconf 82' lang='lat' dir='ltr'>haud</span> <span class='ocrx_word' id='word_1_114' title='bbox 1417 1160 1525 1198; x_wconf 77' lang='lat' dir='ltr'>dubie</span> <span class='ocrx_word' id='word_1_115' title='bbox 1553 1161 1659 1198; x_wconf 76' lang='lat' dir='ltr'>etiam</span> 
     </span>
     <span class='ocr_line' id='line_1_20' title="bbox 163 1209 978 1257; baseline 0.002 -15"><span class='ocrx_word' id='word_1_116' title='bbox 163 1210 206 1255; x_wconf 74' lang='lat' dir='ltr'>I&#39;,</span> <span class='ocrx_word' id='word_1_117' title='bbox 242 1209 408 1257; x_wconf 78' lang='lat' dir='ltr'>differunt</span> <span class='ocrx_word' id='word_1_118' title='bbox 433 1210 470 1244; x_wconf 83' lang='lat' dir='ltr'>in</span> <span class='ocrx_word' id='word_1_119' title='bbox 496 1210 628 1246; x_wconf 83' lang='lat' dir='ltr'>melius.</span> <span class='ocrx_word' id='word_1_120' title='bbox 668 1210 783 1246; x_wconf 79' lang='lat' dir='ltr'>aditus</span> <span class='ocrx_word' id='word_1_121' title='bbox 809 1211 978 1246; x_wconf 84' lang='lat' dir='ltr'>Muretus.</span> 
     </span>
    </p>
   </div>
   <div class='ocr_carea' id='block_1_12' title="bbox 164 1342 882 2021">
    <p class='ocr_par' dir='ltr' id='par_1_13' title="bbox 164 1342 882 2021">
     <span class='ocr_line' id='line_1_21' title="bbox 165 1342 876 1391; baseline 0.004 -14"><span class='ocrx_word' id='word_1_122' title='bbox 165 1354 239 1378; x_wconf 82' lang='lat' dir='ltr'>sus:</span> <span class='ocrx_word' id='word_1_123' title='bbox 267 1342 301 1378; x_wconf 92' lang='lat' dir='ltr'>h.</span> <span class='ocrx_word' id='word_1_124' title='bbox 330 1353 361 1378; x_wconf 89' lang='lat' dir='ltr'>e.</span> <span class='ocrx_word' id='word_1_125' title='bbox 390 1344 426 1377; x_wconf 88' lang='lat' dir='ltr'>in</span> <span class='ocrx_word' id='word_1_126' title='bbox 452 1345 597 1379; x_wconf 86' lang='lat' dir='ltr'>navium</span> <span class='ocrx_word' id='word_1_127' title='bbox 624 1346 766 1391; x_wconf 84' lang='lat' dir='ltr'>agmine</span> <span class='ocrx_word' id='word_1_128' title='bbox 790 1345 876 1380; x_wconf 90' lang='lat' dir='ltr'>Clo-</span> 
     </span>
     <span class='ocr_line' id='line_1_22' title="bbox 165 1391 878 1439; baseline 0.007 -15"><span class='ocrx_word' id='word_1_129' title='bbox 165 1395 235 1428; x_wconf 81' lang='lat' dir='ltr'>tatn</span> <span class='ocrx_word' id='word_1_130' title='bbox 264 1391 517 1429; x_wconf 88' lang='lat' dir='ltr'>traiicientium</span> <span class='ocrx_word' id='word_1_131' title='bbox 551 1393 683 1438; x_wconf 85' lang='lat' dir='ltr'>primus</span> <span class='ocrx_word' id='word_1_132' title='bbox 716 1395 794 1439; x_wconf 83' lang='lat' dir='ltr'>ipse.</span> <span class='ocrx_word' id='word_1_133' title='bbox 820 1394 878 1429; x_wconf 91' lang='lat' dir='ltr'>le-</span> 
     </span>
     <span class='ocr_line' id='line_1_23' title="bbox 165 1440 878 1487; baseline 0.003 -13"><span class='ocrx_word' id='word_1_134' title='bbox 165 1445 269 1487; x_wconf 84' lang='lat' dir='ltr'>gatus</span> <span class='ocrx_word' id='word_1_135' title='bbox 295 1440 375 1475; x_wconf 84' lang='lat' dir='ltr'>fuit.</span> <span class='ocrx_word' id='word_1_136' title='bbox 428 1441 565 1476; x_wconf 79' lang='lat' dir='ltr'>Clotam</span> <span class='ocrx_word' id='word_1_137' title='bbox 592 1446 666 1475; x_wconf 87' lang='lat' dir='ltr'>tum</span> <span class='ocrx_word' id='word_1_138' title='bbox 692 1444 878 1476; x_wconf 79' lang='lat' dir='ltr'>transmis-</span> 
     </span>
     <span class='ocr_line' id='line_1_24' title="bbox 165 1490 878 1534; baseline -0.001 -11"><span class='ocrx_word' id='word_1_139' title='bbox 165 1499 239 1524; x_wconf 82' lang='lat' dir='ltr'>sam</span> <span class='ocrx_word' id='word_1_140' title='bbox 268 1499 367 1532; x_wconf 85' lang='lat' dir='ltr'>esse,</span> <span class='ocrx_word' id='word_1_141' title='bbox 401 1500 473 1523; x_wconf 91' lang='lat' dir='ltr'>non</span> <span class='ocrx_word' id='word_1_142' title='bbox 510 1490 736 1534; x_wconf 83' lang='lat' dir='ltr'>Bodotriam,</span> <span class='ocrx_word' id='word_1_143' title='bbox 774 1501 878 1525; x_wconf 88' lang='lat' dir='ltr'>mon..</span> 
     </span>
     <span class='ocr_line' id='line_1_25' title="bbox 164 1537 880 1586; baseline 0.003 -14"><span class='ocrx_word' id='word_1_144' title='bbox 164 1542 276 1572; x_wconf 87' lang='lat' dir='ltr'>strant</span> <span class='ocrx_word' id='word_1_145' title='bbox 300 1537 555 1584; x_wconf 80' lang='lat' dir='ltr'>subsequentia</span> <span class='ocrx_word' id='word_1_146' title='bbox 579 1550 720 1583; x_wconf 83' lang='lat' dir='ltr'>eamque</span> <span class='ocrx_word' id='word_1_147' title='bbox 740 1546 880 1586; x_wconf 81' lang='lat' dir='ltr'>partem</span> 
     </span>
     <span class='ocr_line' id='line_1_26' title="bbox 166 1587 880 1634; baseline 0.001 -13"><span class='ocrx_word' id='word_1_148' title='bbox 166 1587 378 1621; x_wconf 80' lang='lat' dir='ltr'>Britanniae</span> <span class='ocrx_word' id='word_1_149' title='bbox 404 1598 491 1631; x_wconf 78' lang='lat' dir='ltr'>qaae</span> <span class='ocrx_word' id='word_1_150' title='bbox 520 1587 725 1622; x_wconf 84' lang='lat' dir='ltr'>Hiberniam</span> <span class='ocrx_word' id='word_1_151' title='bbox 753 1590 880 1634; x_wconf 81' lang='lat' dir='ltr'>aspicit</span> 
     </span>
     <span class='ocr_line' id='line_1_27' title="bbox 166 1635 879 1681; baseline 0.004 -13"><span class='ocrx_word' id='word_1_152' title='bbox 166 1635 275 1681; x_wconf 82' lang='lat' dir='ltr'>copiis</span> <span class='ocrx_word' id='word_1_153' title='bbox 307 1637 501 1678; x_wconf 68' lang='lat' dir='ltr'>instruxit,</span> <span class='ocrx_word' id='word_1_154' title='bbox 538 1640 610 1670; x_wconf 88' lang='lat' dir='ltr'>tum</span> <span class='ocrx_word' id='word_1_155' title='bbox 643 1647 734 1681; x_wconf 88' lang='lat' dir='ltr'>quae</span> <span class='ocrx_word' id='word_1_156' title='bbox 775 1648 806 1671; x_wconf 92' lang='lat' dir='ltr'>c.</span> <span class='ocrx_word' id='word_1_157' title='bbox 834 1638 879 1673; x_wconf 85' lang='lat'>25</span> 
     </span>
     <span class='ocr_line' id='line_1_28' title="bbox 166 1683 880 1730; baseline 0.001 -13"><span class='ocrx_word' id='word_1_158' title='bbox 166 1687 363 1718; x_wconf 84' lang='lat' dir='ltr'>narrantur.</span> <span class='ocrx_word' id='word_1_159' title='bbox 424 1683 596 1719; x_wconf 85' lang='lat' dir='ltr'>Nonnulli</span> <span class='ocrx_word' id='word_1_160' title='bbox 632 1695 751 1730; x_wconf 87' lang='lat' dir='ltr'>neque</span> <span class='ocrx_word' id='word_1_161' title='bbox 787 1690 880 1719; x_wconf 85' lang='lat' dir='ltr'>tem-</span> 
     </span>
     <span class='ocr_line' id='line_1_29' title="bbox 165 1731 881 1778; baseline 0.004 -13"><span class='ocrx_word' id='word_1_162' title='bbox 165 1742 291 1777; x_wconf 85' lang='lat' dir='ltr'>porum</span> <span class='ocrx_word' id='word_1_163' title='bbox 316 1731 460 1767; x_wconf 88' lang='lat' dir='ltr'>illorum</span> <span class='ocrx_word' id='word_1_164' title='bbox 496 1734 653 1767; x_wconf 86' lang='lat' dir='ltr'>rationes</span> <span class='ocrx_word' id='word_1_165' title='bbox 680 1744 796 1778; x_wconf 88' lang='lat' dir='ltr'>neque</span> <span class='ocrx_word' id='word_1_166' title='bbox 823 1734 881 1768; x_wconf 85' lang='lat'>10-</span> 
     </span>
     <span class='ocr_line' id='line_1_30' title="bbox 167 1782 882 1827; baseline 0.001 -12"><span class='ocrx_word' id='word_1_167' title='bbox 167 1791 288 1815; x_wconf 87' lang='lat' dir='ltr'>corum</span> <span class='ocrx_word' id='word_1_168' title='bbox 322 1782 436 1824; x_wconf 76' lang='lat' dir='ltr'>spatia</span> <span class='ocrx_word' id='word_1_169' title='bbox 468 1782 711 1827; x_wconf 84' lang='lat' dir='ltr'>recogitantes</span> <span class='ocrx_word' id='word_1_170' title='bbox 759 1782 882 1816; x_wconf 80' lang='lat' dir='ltr'>hario-</span> 
     </span>
     <span class='ocr_line' id='line_1_31' title="bbox 166 1828 882 1875; baseline 0.001 -12"><span class='ocrx_word' id='word_1_171' title='bbox 166 1828 229 1863; x_wconf 80' lang='lat' dir='ltr'>lati</span> <span class='ocrx_word' id='word_1_172' title='bbox 255 1833 350 1872; x_wconf 84' lang='lat' dir='ltr'>sunt,</span> <span class='ocrx_word' id='word_1_173' title='bbox 373 1829 580 1875; x_wconf 85' lang='lat' dir='ltr'>Agricolam</span> <span class='ocrx_word' id='word_1_174' title='bbox 612 1830 762 1865; x_wconf 86' lang='lat' dir='ltr'>hiberno</span> <span class='ocrx_word' id='word_1_175' title='bbox 788 1835 882 1865; x_wconf 89' lang='lat' dir='ltr'>tem-</span> 
     </span>
     <span class='ocr_line' id='line_1_32' title="bbox 166 1877 881 1924; baseline 0.001 -13"><span class='ocrx_word' id='word_1_176' title='bbox 166 1887 254 1922; x_wconf 83' lang='lat' dir='ltr'>pore</span> <span class='ocrx_word' id='word_1_177' title='bbox 279 1878 316 1910; x_wconf 91' lang='lat' dir='ltr'>in</span> <span class='ocrx_word' id='word_1_178' title='bbox 344 1877 431 1912; x_wconf 82' lang='lat' dir='ltr'>urbe</span> <span class='ocrx_word' id='word_1_179' title='bbox 458 1878 613 1924; x_wconf 81' lang='lat' dir='ltr'>degisse,</span> <span class='ocrx_word' id='word_1_180' title='bbox 641 1880 736 1912; x_wconf 87' lang='lat' dir='ltr'>veris</span> <span class='ocrx_word' id='word_1_181' title='bbox 764 1884 881 1913; x_wconf 87' lang='lat' dir='ltr'>autem</span> 
     </span>
     <span class='ocr_line' id='line_1_33' title="bbox 166 1926 882 1971; baseline 0.001 -13"><span class='ocrx_word' id='word_1_182' title='bbox 166 1926 270 1960; x_wconf 90' lang='lat' dir='ltr'>initio</span> <span class='ocrx_word' id='word_1_183' title='bbox 315 1936 404 1959; x_wconf 73' lang='lat' dir='ltr'>naue</span> <span class='ocrx_word' id='word_1_184' title='bbox 437 1927 555 1971; x_wconf 81' lang='lat' dir='ltr'>prima</span> <span class='ocrx_word' id='word_1_185' title='bbox 590 1927 626 1960; x_wconf 92' lang='lat' dir='ltr'>in</span> <span class='ocrx_word' id='word_1_186' title='bbox 661 1927 882 1971; x_wconf 86' lang='lat' dir='ltr'>provinciam</span> 
     </span>
     <span class='ocr_line' id='line_1_34' title="bbox 167 1978 544 2021; baseline 0 -13"><span class='ocrx_word' id='word_1_187' title='bbox 167 1978 427 2021; x_wconf 81' lang='lat' dir='ltr'>transgressum</span> <span class='ocrx_word' id='word_1_188' title='bbox 454 1985 544 2008; x_wconf 86' lang='lat' dir='ltr'>csse.</span> 
     </span>
    </p>
   </div>
   <div class='ocr_carea' id='block_1_13' title="bbox 167 2066 887 2969">
    <p class='ocr_par' dir='ltr' id='par_1_14' title="bbox 167 2066 887 2969">
     <span class='ocr_line' id='line_1_35' title="bbox 239 2066 882 2110; baseline -0.002 -10"><span class='ocrx_word' id='word_1_189' title='bbox 239 2066 350 2100; x_wconf 75' lang='lat' dir='ltr'>medio</span> <span class='ocrx_word' id='word_1_190' title='bbox 386 2067 479 2099; x_wconf 84' lang='lat' dir='ltr'>inter</span> <span class='ocrx_word' id='word_1_191' title='bbox 518 2067 742 2100; x_wconf 78' lang='lat' dir='ltr'>Britanniam</span> <span class='ocrx_word' id='word_1_192' title='bbox 781 2071 882 2110; x_wconf 85' lang='lat' dir='ltr'>atque</span> 
     </span>
     <span class='ocr_line' id='line_1_36' title="bbox 168 2114 882 2160; baseline -0.004 -10"><span class='ocrx_word' id='word_1_193' title='bbox 168 2115 377 2160; x_wconf 80' lang='lat' dir='ltr'>Hispaniam</span> <span class='ocrx_word' id='word_1_194' title='bbox 402 2115 490 2148; x_wconf 83' lang='lat' dir='ltr'>sila:</span> <span class='ocrx_word' id='word_1_195' title='bbox 525 2115 569 2149; x_wconf 90' lang='lat' dir='ltr'>de</span> <span class='ocrx_word' id='word_1_196' title='bbox 596 2114 687 2148; x_wconf 85' lang='lat' dir='ltr'>falsa</span> <span class='ocrx_word' id='word_1_197' title='bbox 707 2114 773 2147; x_wconf 85' lang='lat' dir='ltr'>hac</span> <span class='ocrx_word' id='word_1_198' title='bbox 800 2115 882 2158; x_wconf 81' lang='lat' dir='ltr'>opi-</span> 
     </span>
     <span class='ocr_line' id='line_1_37' title="bbox 167 2162 883 2198; baseline -0.003 -1"><span class='ocrx_word' id='word_1_199' title='bbox 167 2164 276 2197; x_wconf 86' lang='lat' dir='ltr'>nioue</span> <span class='ocrx_word' id='word_1_200' title='bbox 304 2163 349 2196; x_wconf 86' lang='lat' dir='ltr'>ct&#39;.</span> <span class='ocrx_word' id='word_1_201' title='bbox 388 2162 431 2195; x_wconf 86' lang='lat' dir='ltr'>ad</span> <span class='ocrx_word' id='word_1_202' title='bbox 464 2174 493 2196; x_wconf 90' lang='lat' dir='ltr'>c.</span> <span class='ocrx_word' id='word_1_203' title='bbox 525 2163 579 2198; x_wconf 88' lang='lat'>10.</span> <span class='ocrx_word' id='word_1_204' title='bbox 640 2162 883 2196; x_wconf 82' lang='lat' dir='ltr'>Valentissima</span> 
     </span>
     <span class='ocr_line' id='line_1_38' title="bbox 168 2210 881 2257; baseline -0.004 -11"><span class='ocrx_word' id='word_1_205' title='bbox 168 2211 306 2257; x_wconf 85' lang='lat' dir='ltr'>imperii</span> <span class='ocrx_word' id='word_1_206' title='bbox 327 2221 415 2256; x_wconf 81' lang='lat' dir='ltr'>pars</span> <span class='ocrx_word' id='word_1_207' title='bbox 448 2215 500 2244; x_wconf 87' lang='lat' dir='ltr'>est</span> <span class='ocrx_word' id='word_1_208' title='bbox 525 2211 708 2244; x_wconf 82' lang='lat' dir='ltr'>Britannia</span> <span class='ocrx_word' id='word_1_209' title='bbox 735 2215 770 2244; x_wconf 90' lang='lat' dir='ltr'>et</span> <span class='ocrx_word' id='word_1_210' title='bbox 797 2210 881 2244; x_wconf 84' lang='lat' dir='ltr'>Gal-</span> 
     </span>
     <span class='ocr_line' id='line_1_39' title="bbox 167 2258 882 2303; baseline -0.004 -9"><span class='ocrx_word' id='word_1_211' title='bbox 167 2260 242 2302; x_wconf 85' lang='lat' dir='ltr'>lia,</span> <span class='ocrx_word' id='word_1_212' title='bbox 284 2264 356 2292; x_wconf 87' lang='lat' dir='ltr'>tum</span> <span class='ocrx_word' id='word_1_213' title='bbox 389 2258 480 2292; x_wconf 82' lang='lat' dir='ltr'>duae</span> <span class='ocrx_word' id='word_1_214' title='bbox 526 2258 734 2293; x_wconf 83' lang='lat' dir='ltr'>Germaniae</span> <span class='ocrx_word' id='word_1_215' title='bbox 775 2263 882 2303; x_wconf 83' lang='lat' dir='ltr'>atque</span> 
     </span>
     <span class='ocr_line' id='line_1_40' title="bbox 167 2307 884 2351; baseline -0.003 -10"><span class='ocrx_word' id='word_1_216' title='bbox 167 2308 358 2351; x_wconf 86' lang='lat' dir='ltr'>Hispania,</span> <span class='ocrx_word' id='word_1_217' title='bbox 396 2307 490 2351; x_wconf 87' lang='lat' dir='ltr'>quod</span> <span class='ocrx_word' id='word_1_218' title='bbox 517 2317 561 2340; x_wconf 88' lang='lat' dir='ltr'>ex</span> <span class='ocrx_word' id='word_1_219' title='bbox 595 2307 650 2340; x_wconf 89' lang='lat' dir='ltr'>his</span> <span class='ocrx_word' id='word_1_220' title='bbox 675 2307 779 2340; x_wconf 85' lang='lat' dir='ltr'>terris</span> <span class='ocrx_word' id='word_1_221' title='bbox 807 2307 884 2340; x_wconf 90' lang='lat' dir='ltr'>for-</span> 
     </span>
     <span class='ocr_line' id='line_1_41' title="bbox 167 2354 884 2390; baseline -0.003 0"><span class='ocrx_word' id='word_1_222' title='bbox 167 2356 294 2390; x_wconf 81' lang='lat' dir='ltr'>tissimi</span> <span class='ocrx_word' id='word_1_223' title='bbox 323 2355 454 2389; x_wconf 82' lang='lat' dir='ltr'>milites</span> <span class='ocrx_word' id='word_1_224' title='bbox 496 2355 530 2388; x_wconf 89' lang='lat' dir='ltr'>in</span> <span class='ocrx_word' id='word_1_225' title='bbox 564 2355 729 2389; x_wconf 88' lang='lat' dir='ltr'>cohortes</span> <span class='ocrx_word' id='word_1_226' title='bbox 766 2360 801 2388; x_wconf 90' lang='lat' dir='ltr'>et</span> <span class='ocrx_word' id='word_1_227' title='bbox 827 2354 884 2388; x_wconf 89' lang='lat' dir='ltr'>le-</span> 
     </span>
     <span class='ocr_line' id='line_1_42' title="bbox 169 2403 884 2450; baseline -0.003 -12"><span class='ocrx_word' id='word_1_228' title='bbox 169 2406 295 2450; x_wconf 83' lang='lat' dir='ltr'>giones</span> <span class='ocrx_word' id='word_1_229' title='bbox 312 2403 577 2437; x_wconf 75' lang='lat' dir='ltr'>aseiscebantur</span> <span class='ocrx_word' id='word_1_230' title='bbox 604 2408 638 2437; x_wconf 92' lang='lat' dir='ltr'>et</span> <span class='ocrx_word' id='word_1_231' title='bbox 652 2404 794 2437; x_wconf 85' lang='lat' dir='ltr'>maximi</span> <span class='ocrx_word' id='word_1_232' title='bbox 817 2414 884 2436; x_wconf 85' lang='lat' dir='ltr'>ex-</span> 
     </span>
     <span class='ocr_line' id='line_1_43' title="bbox 169 2451 884 2497; baseline -0.003 -11"><span class='ocrx_word' id='word_1_233' title='bbox 169 2453 301 2486; x_wconf 88' lang='lat' dir='ltr'>ercitus</span> <span class='ocrx_word' id='word_1_234' title='bbox 326 2451 374 2484; x_wconf 88' lang='lat' dir='ltr'>ibi</span> <span class='ocrx_word' id='word_1_235' title='bbox 402 2451 595 2497; x_wconf 72' lang='lat' dir='ltr'>degebant.</span> <span class='ocrx_word' id='word_1_236' title='bbox 653 2451 754 2485; x_wconf 83' lang='lat' dir='ltr'>Conf.</span> <span class='ocrx_word' id='word_1_237' title='bbox 784 2451 825 2484; x_wconf 81' lang='grc' dir='ltr'>ΙΙ.</span> <span class='ocrx_word' id='word_1_238' title='bbox 853 2451 884 2484; x_wconf 90' lang='lat'>11</span> 
     </span>
     <span class='ocr_line' id='line_1_44' title="bbox 168 2499 884 2535; baseline -0.004 -1"><span class='ocrx_word' id='word_1_239' title='bbox 168 2501 207 2535; x_wconf 86' lang='lat'>6:</span> <span class='ocrx_word' id='word_1_240' title='bbox 233 2499 449 2534; x_wconf 82' lang='lat' dir='ltr'>validissima</span> <span class='ocrx_word' id='word_1_241' title='bbox 488 2501 581 2533; x_wconf 81' lang='lat' dir='ltr'>inter</span> <span class='ocrx_word' id='word_1_242' title='bbox 606 2510 641 2532; x_wconf 80' lang='lat' dir='ltr'>se</span> <span class='ocrx_word' id='word_1_243' title='bbox 669 2501 793 2533; x_wconf 76' lang='lat' dir='ltr'>civium</span> <span class='ocrx_word' id='word_1_244' title='bbox 819 2510 884 2531; x_wconf 82' lang='lat' dir='ltr'>ar-</span> 
     </span>
     <span class='ocr_line' id='line_1_45' title="bbox 167 2546 883 2582; baseline -0.003 0"><span class='ocrx_word' id='word_1_245' title='bbox 167 2559 225 2582; x_wconf 87' lang='lat' dir='ltr'>ma</span> <span class='ocrx_word' id='word_1_246' title='bbox 248 2549 287 2581; x_wconf 80' lang='lat' dir='ltr'>in</span> <span class='ocrx_word' id='word_1_247' title='bbox 314 2547 421 2580; x_wconf 84' lang='lat' dir='ltr'>Italia</span> <span class='ocrx_word' id='word_1_248' title='bbox 449 2546 609 2580; x_wconf 77' lang='lat' dir='ltr'>Galliave</span> <span class='ocrx_word' id='word_1_249' title='bbox 642 2547 773 2580; x_wconf 77' lang='lat' dir='ltr'>viribus</span> <span class='ocrx_word' id='word_1_250' title='bbox 813 2547 883 2580; x_wconf 89' lang='lat' dir='ltr'>Oc-</span> 
     </span>
     <span class='ocr_line' id='line_1_46' title="bbox 169 2595 884 2640; baseline -0.004 -9"><span class='ocrx_word' id='word_1_251' title='bbox 169 2597 316 2631; x_wconf 79' lang='lat' dir='ltr'>cidentis</span> <span class='ocrx_word' id='word_1_252' title='bbox 353 2601 499 2640; x_wconf 80' lang='lat' dir='ltr'>coepta,-</span> <span class='ocrx_word' id='word_1_253' title='bbox 538 2595 578 2628; x_wconf 83' lang='lat' dir='ltr'>ll.</span> <span class='ocrx_word' id='word_1_254' title='bbox 620 2595 666 2628; x_wconf 83' lang='lat' dir='ltr'>Ill</span> <span class='ocrx_word' id='word_1_255' title='bbox 704 2596 778 2629; x_wconf 80' lang='lat'>53:</span> <span class='ocrx_word' id='word_1_256' title='bbox 814 2596 884 2628; x_wconf 82' lang='lat' dir='ltr'>suis</span> 
     </span>
     <span class='ocr_line' id='line_1_47' title="bbox 170 2642 882 2688; baseline -0.01 -9"><span class='ocrx_word' id='word_1_257' title='bbox 170 2644 470 2679; x_wconf 73' lang='lat' dir='ltr'>exhortationibus</span> <span class='ocrx_word' id='word_1_258' title='bbox 500 2642 635 2677; x_wconf 85' lang='lat' dir='ltr'>Gallias</span> <span class='ocrx_word' id='word_1_259' title='bbox 668 2643 882 2688; x_wconf 79' lang='lat' dir='ltr'>Hispanias..</span> 
     </span>
     <span class='ocr_line' id='line_1_48' title="bbox 170 2691 883 2739; baseline -0.007 -11"><span class='ocrx_word' id='word_1_260' title='bbox 170 2705 246 2739; x_wconf 80' lang='lat' dir='ltr'>que,</span> <span class='ocrx_word' id='word_1_261' title='bbox 270 2691 521 2727; x_wconf 69' lang='lat' dir='ltr'>validissimam</span> <span class='ocrx_word' id='word_1_262' title='bbox 548 2697 723 2725; x_wconf 85' lang='lat' dir='ltr'>terrarum</span> <span class='ocrx_word' id='word_1_263' title='bbox 735 2696 883 2737; x_wconf 81' lang='lat' dir='ltr'>partem,</span> 
     </span>
     <span class='ocr_line' id='line_1_49' title="bbox 170 2738 883 2786; baseline -0.004 -10"><span class='ocrx_word' id='word_1_264' title='bbox 170 2742 217 2776; x_wconf 83' lang='lat' dir='ltr'>ad</span> <span class='ocrx_word' id='word_1_265' title='bbox 250 2741 499 2786; x_wconf 78' lang='lat' dir='ltr'>Vespasianum</span> <span class='ocrx_word' id='word_1_266' title='bbox 536 2750 734 2774; x_wconf 84' lang='lat' dir='ltr'>conversas.</span> <span class='ocrx_word' id='word_1_267' title='bbox 795 2738 883 2784; x_wconf 84' lang='lat' dir='ltr'>Agr.</span> 
     </span>
     <span class='ocr_line' id='line_1_50' title="bbox 174 2786 885 2824; baseline -0.003 -2"><span class='ocrx_word' id='word_1_268' title='bbox 174 2791 218 2824; x_wconf 78' lang='lat'>12</span> <span class='ocrx_word' id='word_1_269' title='bbox 244 2789 287 2822; x_wconf 84' lang='lat' dir='ltr'>de</span> <span class='ocrx_word' id='word_1_270' title='bbox 313 2789 511 2822; x_wconf 80' lang='lat' dir='ltr'>Britannis:</span> <span class='ocrx_word' id='word_1_271' title='bbox 540 2799 606 2822; x_wconf 85' lang='lat' dir='ltr'>nec</span> <span class='ocrx_word' id='word_1_272' title='bbox 633 2787 731 2821; x_wconf 80' lang='lat' dir='ltr'>aliud</span> <span class='ocrx_word' id='word_1_273' title='bbox 756 2786 885 2820; x_wconf 84' lang='lat' dir='ltr'>adver-</span> 
     </span>
     <span class='ocr_line' id='line_1_51' title="bbox 171 2835 887 2881; baseline -0.003 -10"><span class='ocrx_word' id='word_1_274' title='bbox 171 2849 227 2871; x_wconf 83' lang='lat' dir='ltr'>sus</span> <span class='ocrx_word' id='word_1_275' title='bbox 252 2837 485 2871; x_wconf 83' lang='lat' dir='ltr'>validissimas</span> <span class='ocrx_word' id='word_1_276' title='bbox 526 2842 644 2881; x_wconf 66' lang='lat' dir='ltr'>pentes</span> <span class='ocrx_word' id='word_1_277' title='bbox 682 2846 747 2881; x_wconf 75' lang='lat' dir='ltr'>pro</span> <span class='ocrx_word' id='word_1_278' title='bbox 787 2835 887 2869; x_wconf 65' lang='lat' dir='ltr'>viabis</span> 
     </span>
     <span class='ocr_line' id='line_1_52' title="bbox 172 2885 887 2929; baseline 0 -11"><span class='ocrx_word' id='word_1_279' title='bbox 172 2885 291 2918; x_wconf 79' lang='lat' dir='ltr'>utilius</span> <span class='ocrx_word' id='word_1_280' title='bbox 317 2896 419 2929; x_wconf 80' lang='lat' dir='ltr'>quam</span> <span class='ocrx_word' id='word_1_281' title='bbox 448 2886 537 2929; x_wconf 79' lang='lat' dir='ltr'>qnod</span> <span class='ocrx_word' id='word_1_282' title='bbox 561 2886 794 2919; x_wconf 75' lang='lat' dir='ltr'>incommune</span> <span class='ocrx_word' id='word_1_283' title='bbox 816 2894 887 2918; x_wconf 80' lang='lat' dir='ltr'>non</span> 
     </span>
     <span class='ocr_line' id='line_1_53' title="bbox 175 2933 370 2969; baseline 0 -2"><span class='ocrx_word' id='word_1_284' title='bbox 175 2933 370 2969; x_wconf 76' lang='lat' dir='ltr'>consulunt.</span> 
     </span>
    </p>
   </div>
   <div class='ocr_carea' id='block_1_14' title="bbox 946 1343 1702 2978">
    <p class='ocr_par' dir='ltr' id='par_1_15' title="bbox 946 1343 1702 2978">
     <span class='ocr_line' id='line_1_54' title="bbox 1020 1343 1667 1389; baseline -0.002 -11"><span class='ocrx_word' id='word_1_285' title='bbox 1020 1344 1115 1378; x_wconf 73' lang='lat' dir='ltr'>haud</span> <span class='ocrx_word' id='word_1_286' title='bbox 1139 1343 1282 1378; x_wconf 81' lang='lat' dir='ltr'>multum</span> <span class='ocrx_word' id='word_1_287' title='bbox 1318 1354 1342 1378; x_wconf 91' lang='lat' dir='ltr'>a</span> <span class='ocrx_word' id='word_1_288' title='bbox 1368 1343 1558 1378; x_wconf 76' lang='lat' dir='ltr'>Britannia</span> <span class='ocrx_word' id='word_1_289' title='bbox 1593 1343 1667 1389; x_wconf 76' lang='lat' dir='ltr'>‹iif-</span> 
     </span>
     <span class='ocr_line' id='line_1_55' title="bbox 946 1392 1668 1438; baseline -0.001 -11"><span class='ocrx_word' id='word_1_290' title='bbox 946 1394 1092 1438; x_wconf 77' lang='lat' dir='ltr'>ferunt:</span> <span class='ocrx_word' id='word_1_291' title='bbox 1133 1392 1256 1427; x_wconf 78' lang='lat' dir='ltr'>melius</span> <span class='ocrx_word' id='word_1_292' title='bbox 1290 1392 1404 1427; x_wconf 83' lang='lat' dir='ltr'>aditus</span> <span class='ocrx_word' id='word_1_293' title='bbox 1439 1413 1485 1420; x_wconf 90' lang='lat'>-—</span> <span class='ocrx_word' id='word_1_294' title='bbox 1516 1392 1668 1438; x_wconf 73' lang='lat' dir='ltr'>coquiti:</span> 
     </span>
     <span class='ocr_line' id='line_1_56' title="bbox 949 1441 1668 1486; baseline -0.001 -11"><span class='ocrx_word' id='word_1_295' title='bbox 949 1441 1040 1476; x_wconf 86' lang='lat' dir='ltr'>haec</span> <span class='ocrx_word' id='word_1_296' title='bbox 1086 1441 1196 1475; x_wconf 88' lang='lat' dir='ltr'>verba</span> <span class='ocrx_word' id='word_1_297' title='bbox 1244 1442 1345 1475; x_wconf 83' lang='lat' dir='ltr'>varie</span> <span class='ocrx_word' id='word_1_298' title='bbox 1387 1445 1517 1475; x_wconf 86' lang='lat' dir='ltr'>vexata</span> <span class='ocrx_word' id='word_1_299' title='bbox 1560 1445 1668 1486; x_wconf 81' lang='lat' dir='ltr'>atque</span> 
     </span>
     <span class='ocr_line' id='line_1_57' title="bbox 949 1489 1667 1533; baseline -0.003 -9"><span class='ocrx_word' id='word_1_300' title='bbox 949 1491 1055 1524; x_wconf 85' lang='lat' dir='ltr'>etiam</span> <span class='ocrx_word' id='word_1_301' title='bbox 1072 1500 1092 1523; x_wconf 87' lang='lat' dir='ltr'>a</span> <span class='ocrx_word' id='word_1_302' title='bbox 1118 1500 1174 1524; x_wconf 84' lang='lat' dir='ltr'>me</span> <span class='ocrx_word' id='word_1_303' title='bbox 1202 1489 1288 1523; x_wconf 91' lang='lat' dir='ltr'>olim</span> <span class='ocrx_word' id='word_1_304' title='bbox 1313 1493 1460 1531; x_wconf 85' lang='lat' dir='ltr'>tentata,</span> <span class='ocrx_word' id='word_1_305' title='bbox 1485 1499 1565 1523; x_wconf 89' lang='lat' dir='ltr'>cum</span> <span class='ocrx_word' id='word_1_306' title='bbox 1586 1493 1667 1533; x_wconf 85' lang='lat' dir='ltr'>post</span> 
     </span>
     <span class='ocr_line' id='line_1_58' title="bbox 949 1536 1662 1584; baseline 0 -12"><span class='ocrx_word' id='word_1_307' title='bbox 949 1539 1116 1584; x_wconf 78' lang='lat' dir='ltr'>differunt</span> <span class='ocrx_word' id='word_1_308' title='bbox 1149 1537 1326 1572; x_wconf 85' lang='lat' dir='ltr'>excidisse</span> <span class='ocrx_word' id='word_1_309' title='bbox 1371 1536 1544 1571; x_wconf 87' lang='lat' dir='ltr'>nonnulla</span> <span class='ocrx_word' id='word_1_310' title='bbox 1585 1542 1662 1572; x_wconf 82' lang='lat' dir='ltr'>sta-</span> 
     </span>
     <span class='ocr_line' id='line_1_59' title="bbox 948 1585 1668 1630; baseline -0.001 -10"><span class='ocrx_word' id='word_1_311' title='bbox 948 1588 1013 1629; x_wconf 88' lang='lat' dir='ltr'>tui,</span> <span class='ocrx_word' id='word_1_312' title='bbox 1041 1586 1282 1630; x_wconf 84' lang='lat' dir='ltr'>explicatione</span> <span class='ocrx_word' id='word_1_313' title='bbox 1309 1587 1378 1620; x_wconf 84' lang='lat' dir='ltr'>iam</span> <span class='ocrx_word' id='word_1_314' title='bbox 1404 1585 1544 1620; x_wconf 89' lang='lat' dir='ltr'>tuebor.</span> <span class='ocrx_word' id='word_1_315' title='bbox 1587 1585 1668 1621; x_wconf 88' lang='lat' dir='ltr'>Sci-</span> 
     </span>
     <span class='ocr_line' id='line_1_60' title="bbox 949 1633 1669 1679; baseline -0.001 -10"><span class='ocrx_word' id='word_1_316' title='bbox 949 1635 1036 1670; x_wconf 86' lang='lat' dir='ltr'>licet</span> <span class='ocrx_word' id='word_1_317' title='bbox 1076 1634 1191 1669; x_wconf 84' lang='lat' dir='ltr'>solum</span> <span class='ocrx_word' id='word_1_318' title='bbox 1229 1634 1423 1668; x_wconf 87' lang='lat' dir='ltr'>Hiberniae</span> <span class='ocrx_word' id='word_1_319' title='bbox 1456 1633 1669 1679; x_wconf 82' lang='lat' dir='ltr'>caelumque</span> 
     </span>
     <span class='ocr_line' id='line_1_61' title="bbox 951 1682 1670 1730; baseline -0.003 -12"><span class='ocrx_word' id='word_1_320' title='bbox 951 1688 986 1718; x_wconf 89' lang='lat' dir='ltr'>et</span> <span class='ocrx_word' id='word_1_321' title='bbox 1006 1684 1153 1730; x_wconf 85' lang='lat' dir='ltr'>ingenia</span> <span class='ocrx_word' id='word_1_322' title='bbox 1168 1682 1357 1728; x_wconf 90' lang='lat' dir='ltr'>cultusque</span> <span class='ocrx_word' id='word_1_323' title='bbox 1376 1693 1503 1727; x_wconf 84' lang='lat' dir='ltr'>parum</span> <span class='ocrx_word' id='word_1_324' title='bbox 1528 1683 1670 1727; x_wconf 67' lang='lat' dir='ltr'>cognita</span> 
     </span>
     <span class='ocr_line' id='line_1_62' title="bbox 951 1729 1670 1776; baseline -0.004 -10"><span class='ocrx_word' id='word_1_325' title='bbox 951 1742 1032 1767; x_wconf 84' lang='lat' dir='ltr'>esse</span> <span class='ocrx_word' id='word_1_326' title='bbox 1076 1735 1236 1765; x_wconf 88' lang='lat' dir='ltr'>narrator</span> <span class='ocrx_word' id='word_1_327' title='bbox 1288 1730 1409 1765; x_wconf 87' lang='lat' dir='ltr'>verbis</span> <span class='ocrx_word' id='word_1_328' title='bbox 1451 1729 1670 1776; x_wconf 79' lang='lat' dir='ltr'>significavit</span> 
     </span>
     <span class='ocr_line' id='line_1_63' title="bbox 951 1779 1668 1826; baseline -0.003 -12"><span class='ocrx_word' id='word_1_329' title='bbox 951 1781 1047 1814; x_wconf 83' lang='lat' dir='ltr'>haud</span> <span class='ocrx_word' id='word_1_330' title='bbox 1071 1779 1213 1813; x_wconf 81' lang='lat' dir='ltr'>multum</span> <span class='ocrx_word' id='word_1_331' title='bbox 1238 1779 1466 1813; x_wconf 82' lang='lat' dir='ltr'>aBritannia</span> <span class='ocrx_word' id='word_1_332' title='bbox 1491 1779 1668 1826; x_wconf 79' lang='lat' dir='ltr'>differunt,</span> 
     </span>
     <span class='ocr_line' id='line_1_64' title="bbox 951 1827 1670 1874; baseline -0.003 -13"><span class='ocrx_word' id='word_1_333' title='bbox 951 1840 1042 1874; x_wconf 87' lang='lat' dir='ltr'>quae</span> <span class='ocrx_word' id='word_1_334' title='bbox 1067 1827 1252 1862; x_wconf 87' lang='lat' dir='ltr'>indefinita</span> <span class='ocrx_word' id='word_1_335' title='bbox 1287 1832 1368 1861; x_wconf 88' lang='lat' dir='ltr'>sunt</span> <span class='ocrx_word' id='word_1_336' title='bbox 1406 1832 1441 1862; x_wconf 89' lang='lat' dir='ltr'>et</span> <span class='ocrx_word' id='word_1_337' title='bbox 1469 1827 1670 1873; x_wconf 84' lang='lat' dir='ltr'>generatim</span> 
     </span>
     <span class='ocr_line' id='line_1_65' title="bbox 950 1874 1671 1921; baseline -0.004 -10"><span class='ocrx_word' id='word_1_338' title='bbox 950 1879 1089 1921; x_wconf 87' lang='lat' dir='ltr'>posita,</span> <span class='ocrx_word' id='word_1_339' title='bbox 1125 1881 1163 1909; x_wconf 89' lang='lat' dir='ltr'>ut</span> <span class='ocrx_word' id='word_1_340' title='bbox 1193 1876 1230 1909; x_wconf 85' lang='lat' dir='ltr'>in</span> <span class='ocrx_word' id='word_1_341' title='bbox 1264 1885 1303 1909; x_wconf 88' lang='lat' dir='ltr'>re</span> <span class='ocrx_word' id='word_1_342' title='bbox 1328 1884 1400 1910; x_wconf 89' lang='lat' dir='ltr'>non</span> <span class='ocrx_word' id='word_1_343' title='bbox 1426 1876 1514 1909; x_wconf 83' lang='lat' dir='ltr'>satis</span> <span class='ocrx_word' id='word_1_344' title='bbox 1541 1874 1671 1920; x_wconf 88' lang='lat' dir='ltr'>explo-</span> 
     </span>
     <span class='ocr_line' id='line_1_66' title="bbox 951 1922 1670 1971; baseline -0.001 -13"><span class='ocrx_word' id='word_1_345' title='bbox 951 1930 1038 1960; x_wconf 87' lang='lat' dir='ltr'>rata.</span> <span class='ocrx_word' id='word_1_346' title='bbox 1064 1926 1157 1971; x_wconf 86' lang='lat' dir='ltr'>Apte</span> <span class='ocrx_word' id='word_1_347' title='bbox 1182 1926 1294 1970; x_wconf 87' lang='lat' dir='ltr'>igitur</span> <span class='ocrx_word' id='word_1_348' title='bbox 1310 1924 1428 1970; x_wconf 84' lang='lat' dir='ltr'>pergit</span> <span class='ocrx_word' id='word_1_349' title='bbox 1444 1922 1567 1957; x_wconf 78' lang='lat' dir='ltr'>melius</span> <span class='ocrx_word' id='word_1_350' title='bbox 1587 1922 1670 1957; x_wconf 79' lang='lat' dir='ltr'>adi-</span> 
     </span>
     <span class='ocr_line' id='line_1_67' title="bbox 951 1972 1669 2017; baseline -0.004 -10"><span class='ocrx_word' id='word_1_351' title='bbox 951 1979 1004 2007; x_wconf 84' lang='lat' dir='ltr'>tus</span> <span class='ocrx_word' id='word_1_352' title='bbox 1024 1992 1059 1998; x_wconf 91' lang='lat'>-</span> <span class='ocrx_word' id='word_1_353' title='bbox 1074 1973 1205 2017; x_wconf 65' lang='lat' dir='ltr'>cogniti</span> <span class='ocrx_word' id='word_1_354' title='bbox 1220 1977 1313 2006; x_wconf 90' lang='lat' dir='ltr'>sunt.</span> <span class='ocrx_word' id='word_1_355' title='bbox 1342 1972 1558 2017; x_wconf 85' lang='lat' dir='ltr'>Scripturam</span> <span class='ocrx_word' id='word_1_356' title='bbox 1581 1980 1669 2005; x_wconf 86' lang='lat' dir='ltr'>vero</span> 
     </span>
     <span class='ocr_line' id='line_1_68' title="bbox 951 2019 1671 2066; baseline 0 -12"><span class='ocrx_word' id='word_1_357' title='bbox 951 2021 1024 2054; x_wconf 86' lang='lat' dir='ltr'>loci</span> <span class='ocrx_word' id='word_1_358' title='bbox 1051 2021 1217 2066; x_wconf 80' lang='lat' dir='ltr'>differunt</span> <span class='ocrx_word' id='word_1_359' title='bbox 1242 2030 1305 2064; x_wconf 89' lang='lat' dir='ltr'>pro</span> <span class='ocrx_word' id='word_1_360' title='bbox 1333 2019 1503 2066; x_wconf 61' lang='grc' dir='ltr'>ἀίῙῙὶενιλη</span> <span class='ocrx_word' id='word_1_361' title='bbox 1523 2019 1671 2055; x_wconf 77' lang='lat' dir='ltr'>Rhena-</span> 
     </span>
     <span class='ocr_line' id='line_1_69' title="bbox 951 2067 1670 2102; baseline -0.003 -1"><span class='ocrx_word' id='word_1_362' title='bbox 951 2079 1017 2102; x_wconf 89' lang='lat' dir='ltr'>nus</span> <span class='ocrx_word' id='word_1_363' title='bbox 1048 2068 1140 2102; x_wconf 86' lang='lat' dir='ltr'>haud</span> <span class='ocrx_word' id='word_1_364' title='bbox 1167 2068 1276 2101; x_wconf 86' lang='lat' dir='ltr'>dubie</span> <span class='ocrx_word' id='word_1_365' title='bbox 1309 2067 1466 2102; x_wconf 85' lang='lat' dir='ltr'>feliciter</span> <span class='ocrx_word' id='word_1_366' title='bbox 1491 2067 1670 2101; x_wconf 85' lang='lat' dir='ltr'>restituit:</span> 
     </span>
     <span class='ocr_line' id='line_1_70' title="bbox 951 2114 1671 2161; baseline -0.001 -11"><span class='ocrx_word' id='word_1_367' title='bbox 951 2118 990 2151; x_wconf 85' lang='lat' dir='ltr'>in</span> <span class='ocrx_word' id='word_1_368' title='bbox 1018 2117 1113 2150; x_wconf 90' lang='lat' dir='ltr'>enim</span> <span class='ocrx_word' id='word_1_369' title='bbox 1148 2126 1192 2149; x_wconf 83' lang='lat' dir='ltr'>ex</span> <span class='ocrx_word' id='word_1_370' title='bbox 1225 2116 1392 2160; x_wconf 82' lang='lat' dir='ltr'>differunt</span> <span class='ocrx_word' id='word_1_371' title='bbox 1423 2116 1502 2148; x_wconf 86' lang='lat' dir='ltr'>sive</span> <span class='ocrx_word' id='word_1_372' title='bbox 1528 2114 1671 2161; x_wconf 56' lang='lat' dir='ltr'>differat</span> 
     </span>
     <span class='ocr_line' id='line_1_71' title="bbox 953 2162 1670 2207; baseline -0.004 -9"><span class='ocrx_word' id='word_1_373' title='bbox 953 2164 1110 2207; x_wconf 87' lang='lat' dir='ltr'>resedit,</span> <span class='ocrx_word' id='word_1_374' title='bbox 1148 2174 1190 2197; x_wconf 86' lang='lat' dir='ltr'>ac</span> <span class='ocrx_word' id='word_1_375' title='bbox 1215 2163 1317 2197; x_wconf 90' lang='lat' dir='ltr'>verbi</span> <span class='ocrx_word' id='word_1_376' title='bbox 1349 2172 1516 2196; x_wconf 85' lang='lat' dir='ltr'>numerus</span> <span class='ocrx_word' id='word_1_377' title='bbox 1541 2162 1670 2199; x_wconf 86' lang='lat' dir='ltr'>multi-</span> 
     </span>
     <span class='ocr_line' id='line_1_72' title="bbox 954 2210 1672 2256; baseline -0.004 -10"><span class='ocrx_word' id='word_1_378' title='bbox 954 2213 1085 2246; x_wconf 84' lang='lat' dir='ltr'>tudinis</span> <span class='ocrx_word' id='word_1_379' title='bbox 1112 2213 1317 2245; x_wconf 87' lang='lat' dir='ltr'>necessario</span> <span class='ocrx_word' id='word_1_380' title='bbox 1342 2211 1548 2256; x_wconf 90' lang='lat' dir='ltr'>requiritur,</span> <span class='ocrx_word' id='word_1_381' title='bbox 1576 2210 1672 2256; x_wconf 84' lang='lat' dir='ltr'>quod</span> 
     </span>
     <span class='ocr_line' id='line_1_73' title="bbox 955 2260 1668 2305; baseline -0.003 -11"><span class='ocrx_word' id='word_1_382' title='bbox 955 2261 1074 2295; x_wconf 89' lang='lat' dir='ltr'>addito</span> <span class='ocrx_word' id='word_1_383' title='bbox 1109 2261 1270 2305; x_wconf 86' lang='lat' dir='ltr'>genitivo</span> <span class='ocrx_word' id='word_1_384' title='bbox 1305 2260 1481 2293; x_wconf 66' lang='lat' dir='ltr'>homimem</span> <span class='ocrx_word' id='word_1_385' title='bbox 1515 2264 1586 2293; x_wconf 85' lang='lat' dir='ltr'>tam</span> <span class='ocrx_word' id='word_1_386' title='bbox 1609 2260 1668 2293; x_wconf 80' lang='lat' dir='ltr'>in-</span> 
     </span>
     <span class='ocr_line' id='line_1_74' title="bbox 954 2307 1672 2355; baseline -0.001 -13"><span class='ocrx_word' id='word_1_387' title='bbox 954 2309 1060 2355; x_wconf 62' lang='lat' dir='ltr'>genia</span> <span class='ocrx_word' id='word_1_388' title='bbox 1086 2319 1190 2353; x_wconf 87' lang='lat' dir='ltr'>quam</span> <span class='ocrx_word' id='word_1_389' title='bbox 1216 2307 1326 2342; x_wconf 83' lang='lat' dir='ltr'>cultus</span> <span class='ocrx_word' id='word_1_390' title='bbox 1353 2307 1463 2342; x_wconf 85' lang='lat' dir='ltr'>artius</span> <span class='ocrx_word' id='word_1_391' title='bbox 1491 2317 1571 2342; x_wconf 89' lang='lat' dir='ltr'>cum</span> <span class='ocrx_word' id='word_1_392' title='bbox 1585 2317 1672 2343; x_wconf 82' lang='lat' dir='ltr'>ver·</span> 
     </span>
     <span class='ocr_line' id='line_1_75' title="bbox 954 2355 1671 2402; baseline -0.004 -10"><span class='ocrx_word' id='word_1_393' title='bbox 954 2359 999 2392; x_wconf 89' lang='lat' dir='ltr'>bo</span> <span class='ocrx_word' id='word_1_394' title='bbox 1032 2357 1197 2402; x_wconf 79' lang='lat' dir='ltr'>differunt</span> <span class='ocrx_word' id='word_1_395' title='bbox 1230 2357 1353 2391; x_wconf 85' lang='lat' dir='ltr'>iuncta</span> <span class='ocrx_word' id='word_1_396' title='bbox 1390 2361 1484 2391; x_wconf 82' lang='lat' dir='ltr'>sunt.</span> <span class='ocrx_word' id='word_1_397' title='bbox 1536 2355 1671 2390; x_wconf 70' lang='lat' dir='ltr'>Rursus</span> 
     </span>
     <span class='ocr_line' id='line_1_76' title="bbox 955 2401 1702 2450; baseline -0.004 -10"><span class='ocrx_word' id='word_1_398' title='bbox 955 2406 1132 2440; x_wconf 82' lang='lat' dir='ltr'>lectiones</span> <span class='ocrx_word' id='word_1_399' title='bbox 1160 2409 1195 2438; x_wconf 87' lang='lat' dir='ltr'>et</span> <span class='ocrx_word' id='word_1_400' title='bbox 1221 2404 1388 2450; x_wconf 80' lang='lat' dir='ltr'>differunt</span> <span class='ocrx_word' id='word_1_401' title='bbox 1423 2404 1462 2438; x_wconf 80' lang='lat' dir='ltr'>in</span> <span class='ocrx_word' id='word_1_402' title='bbox 1487 2403 1610 2438; x_wconf 76' lang='lat' dir='ltr'>melius</span> <span class='ocrx_word' id='word_1_403' title='bbox 1629 2401 1672 2438; x_wconf 61' lang='lat' dir='ltr'>&gt;et</span> <span class='ocrx_word' id='word_1_404' title='bbox 1698 2411 1702 2413; x_wconf 70' lang='grc'><strong><em>’</em></strong></span> 
     </span>
     <span class='ocr_line' id='line_1_77' title="bbox 954 2452 1672 2498; baseline -0.007 -11"><span class='ocrx_word' id='word_1_405' title='bbox 954 2454 1081 2498; x_wconf 75' lang='lat' dir='ltr'>differt.</span> <span class='ocrx_word' id='word_1_406' title='bbox 1109 2452 1288 2487; x_wconf 74' lang='lat' dir='ltr'>Melius—</span> <span class='ocrx_word' id='word_1_407' title='bbox 1301 2452 1434 2496; x_wconf 68' lang='lat' dir='ltr'>coqniti</span> <span class='ocrx_word' id='word_1_408' title='bbox 1452 2452 1589 2486; x_wconf 85' lang='lat' dir='ltr'>admitti</span> <span class='ocrx_word' id='word_1_409' title='bbox 1603 2462 1672 2486; x_wconf 82' lang='lat' dir='ltr'>ne-</span> 
     </span>
     <span class='ocr_line' id='line_1_78' title="bbox 956 2499 1670 2546; baseline -0.001 -12"><span class='ocrx_word' id='word_1_410' title='bbox 956 2505 1116 2546; x_wconf 88' lang='lat' dir='ltr'>queunt:</span> <span class='ocrx_word' id='word_1_411' title='bbox 1147 2500 1278 2544; x_wconf 87' lang='lat' dir='ltr'>quippe</span> <span class='ocrx_word' id='word_1_412' title='bbox 1305 2500 1420 2533; x_wconf 89' lang='lat' dir='ltr'>solum</span> <span class='ocrx_word' id='word_1_413' title='bbox 1445 2499 1670 2544; x_wconf 78' lang='lat' dir='ltr'>caelumque,</span> 
     </span>
     <span class='ocr_line' id='line_1_79' title="bbox 952 2546 1671 2594; baseline -0.003 -11"><span class='ocrx_word' id='word_1_414' title='bbox 952 2548 1100 2594; x_wconf 85' lang='lat' dir='ltr'>ingenia</span> <span class='ocrx_word' id='word_1_415' title='bbox 1127 2547 1316 2592; x_wconf 87' lang='lat' dir='ltr'>cultusque</span> <span class='ocrx_word' id='word_1_416' title='bbox 1341 2547 1523 2583; x_wconf 89' lang='lat' dir='ltr'>hominum</span> <span class='ocrx_word' id='word_1_417' title='bbox 1550 2548 1587 2580; x_wconf 90' lang='lat' dir='ltr'>in</span> <span class='ocrx_word' id='word_1_418' title='bbox 1604 2546 1671 2581; x_wconf 87' lang='lat' dir='ltr'>Hi-</span> 
     </span>
     <span class='ocr_line' id='line_1_80' title="bbox 952 2594 1671 2639; baseline -0.003 -9"><span class='ocrx_word' id='word_1_419' title='bbox 952 2597 1080 2631; x_wconf 85' lang='lat' dir='ltr'>bernia</span> <span class='ocrx_word' id='word_1_420' title='bbox 1105 2596 1210 2639; x_wconf 86' lang='lat' dir='ltr'>paulo</span> <span class='ocrx_word' id='word_1_421' title='bbox 1237 2595 1365 2630; x_wconf 77' lang='lat' dir='ltr'>melius</span> <span class='ocrx_word' id='word_1_422' title='bbox 1397 2594 1460 2629; x_wconf 87' lang='lat' dir='ltr'>illa</span> <span class='ocrx_word' id='word_1_423' title='bbox 1485 2599 1604 2630; x_wconf 85' lang='lat' dir='ltr'>aetate</span> <span class='ocrx_word' id='word_1_424' title='bbox 1631 2605 1671 2630; x_wconf 80' lang='lat' dir='ltr'>se</span> 
     </span>
     <span class='ocr_line' id='line_1_81' title="bbox 953 2642 1672 2689; baseline -0.003 -11"><span class='ocrx_word' id='word_1_425' title='bbox 953 2645 1125 2679; x_wconf 82' lang='lat' dir='ltr'>habuisse</span> <span class='ocrx_word' id='word_1_426' title='bbox 1158 2655 1262 2689; x_wconf 83' lang='lat' dir='ltr'>quam</span> <span class='ocrx_word' id='word_1_427' title='bbox 1294 2645 1330 2677; x_wconf 89' lang='lat' dir='ltr'>in</span> <span class='ocrx_word' id='word_1_428' title='bbox 1357 2643 1542 2677; x_wconf 84' lang='lat' dir='ltr'>Britannia</span> <span class='ocrx_word' id='word_1_429' title='bbox 1566 2642 1672 2678; x_wconf 80' lang='lat' dir='ltr'>Taci-</span> 
     </span>
     <span class='ocr_line' id='line_1_82' title="bbox 955 2691 1671 2727; baseline 0 -2"><span class='ocrx_word' id='word_1_430' title='bbox 955 2697 1010 2726; x_wconf 88' lang='lat' dir='ltr'>tus</span> <span class='ocrx_word' id='word_1_431' title='bbox 1033 2698 1130 2727; x_wconf 87' lang='lat' dir='ltr'>certe</span> <span class='ocrx_word' id='word_1_432' title='bbox 1156 2702 1227 2726; x_wconf 91' lang='lat' dir='ltr'>non</span> <span class='ocrx_word' id='word_1_433' title='bbox 1244 2696 1319 2726; x_wconf 86' lang='lat' dir='ltr'>erat</span> <span class='ocrx_word' id='word_1_434' title='bbox 1341 2696 1555 2726; x_wconf 84' lang='lat' dir='ltr'>narraturus.</span> <span class='ocrx_word' id='word_1_435' title='bbox 1581 2691 1671 2726; x_wconf 81' lang='lat' dir='ltr'>Adi-</span> 
     </span>
     <span class='ocr_line' id='line_1_83' title="bbox 955 2739 1671 2775; baseline -0.003 -1"><span class='ocrx_word' id='word_1_436' title='bbox 955 2746 1010 2774; x_wconf 87' lang='lat' dir='ltr'>tus</span> <span class='ocrx_word' id='word_1_437' title='bbox 1047 2745 1164 2775; x_wconf 86' lang='lat' dir='ltr'>autem</span> <span class='ocrx_word' id='word_1_438' title='bbox 1199 2740 1392 2774; x_wconf 84' lang='lat' dir='ltr'>Hiberniae</span> <span class='ocrx_word' id='word_1_439' title='bbox 1426 2744 1511 2773; x_wconf 80' lang='lat' dir='ltr'>tuuc</span> <span class='ocrx_word' id='word_1_440' title='bbox 1543 2739 1671 2774; x_wconf 84' lang='lat' dir='ltr'>melius</span> 
     </span>
     <span class='ocr_line' id='line_1_84' title="bbox 956 2787 1671 2834; baseline -0.003 -12"><span class='ocrx_word' id='word_1_441' title='bbox 956 2791 1120 2834; x_wconf 86' lang='lat' dir='ltr'>cognitos</span> <span class='ocrx_word' id='word_1_442' title='bbox 1155 2789 1267 2822; x_wconf 83' lang='lat' dir='ltr'>fuisse</span> <span class='ocrx_word' id='word_1_443' title='bbox 1303 2798 1407 2833; x_wconf 79' lang='lat' dir='ltr'>quam</span> <span class='ocrx_word' id='word_1_444' title='bbox 1432 2787 1671 2829; x_wconf 86' lang='lat' dir='ltr'>Britannicos,</span> 
     </span>
     <span class='ocr_line' id='line_1_85' title="bbox 956 2835 1671 2871; baseline -0.001 -1"><span class='ocrx_word' id='word_1_445' title='bbox 956 2837 992 2870; x_wconf 89' lang='lat' dir='ltr'>id</span> <span class='ocrx_word' id='word_1_446' title='bbox 1007 2848 1092 2871; x_wconf 91' lang='lat' dir='ltr'>vero</span> <span class='ocrx_word' id='word_1_447' title='bbox 1107 2847 1247 2870; x_wconf 89' lang='lat' dir='ltr'>omnem</span> <span class='ocrx_word' id='word_1_448' title='bbox 1263 2835 1367 2870; x_wconf 85' lang='lat' dir='ltr'>fidem</span> <span class='ocrx_word' id='word_1_449' title='bbox 1382 2835 1534 2870; x_wconf 86' lang='lat' dir='ltr'>excedit.</span> <span class='ocrx_word' id='word_1_450' title='bbox 1545 2835 1671 2869; x_wconf 85' lang='lat' dir='ltr'>Enuu-</span> 
     </span>
     <span class='ocr_line' id='line_1_86' title="bbox 957 2883 1672 2930; baseline -0.004 -12"><span class='ocrx_word' id='word_1_451' title='bbox 957 2886 1035 2918; x_wconf 84' lang='lat' dir='ltr'>tiati</span> <span class='ocrx_word' id='word_1_452' title='bbox 1072 2886 1218 2919; x_wconf 84' lang='lat' dir='ltr'>formam</span> <span class='ocrx_word' id='word_1_453' title='bbox 1258 2884 1446 2930; x_wconf 75' lang='lat' dir='ltr'>differunt.-</span> <span class='ocrx_word' id='word_1_454' title='bbox 1478 2883 1601 2918; x_wconf 82' lang='lat' dir='ltr'>melius</span> <span class='ocrx_word' id='word_1_455' title='bbox 1632 2883 1672 2915; x_wconf 81' lang='lat' dir='ltr'>in</span> 
     </span>
     <span class='ocr_line' id='line_1_87' title="bbox 958 2931 1669 2978; baseline -0.004 -11"><span class='ocrx_word' id='word_1_456' title='bbox 958 2934 1035 2978; x_wconf 86' lang='lat' dir='ltr'>ipso</span> <span class='ocrx_word' id='word_1_457' title='bbox 1053 2933 1145 2968; x_wconf 89' lang='lat' dir='ltr'>libro</span> <span class='ocrx_word' id='word_1_458' title='bbox 1161 2934 1189 2970; x_wconf 85' lang='grc' dir='ltr'>Γ</span> <span class='ocrx_word' id='word_1_459' title='bbox 1206 2941 1285 2968; x_wconf 79' lang='lat' dir='ltr'>esse</span> <span class='ocrx_word' id='word_1_460' title='bbox 1295 2931 1476 2969; x_wconf 82' lang='lat' dir='ltr'>Dronkius</span> <span class='ocrx_word' id='word_1_461' title='bbox 1493 2932 1669 2976; x_wconf 79' lang='lat' dir='ltr'>opinatur,</span> 
     </span>
    </p>
   </div>
  </div>
 </body>
</html>
