1768 3216
159 246 235 280 880
744 235 1056 273 HlsTORIARvm

8 336 35 367 u
48 304 200 362 cais„
217 290 236 348 J

154 361 301 415 spretis
331 356 603 412 religionibus
633 355 778 408 patriis
811 335 960 406 tributa
980 358 1031 404 et
1061 354 1187 407 stipes
1207 353 1304 395 illue
1333 352 1645 408 congerebant,

154 435 262 477 unde
293 437 438 487 auctae
469 430 717 489 Iudaeorum
747 442 843 483 reS,
889 434 931 471 et
955 430 1069 497 quia
1091 429 1202 497 apud
1224 429 1342 494 ipsos
1373 426 1478 469 fides
1510 425 1646 469 obsti-

150 513 271 575 nata,
312 506 603 548 misericordia
641 506 682 546 in
721 509 926 559 promptu.
988 492 1072 547 Sed
1119 491 1321 546 adversus
1363 513 1508 544 omnes
1541 501 1646 543 alios

148 568 297 624 hostile
329 567 492 622 odium:
525 580 707 634 separatl
724 579 869 633 epulis,
902 579 1074 621 discreti
1094 578 1312 630 cubilibus,
1342 575 1647 631 proiectissima

95 655 199 697 stad
230 654 445 697 libidinem
475 666 597 710 gens,
631 653 859 718 aliQan
906 653 1131 695 concubitu
1171 653 1405 703 abstinent3
1450 651 1559 692 inter
1600 661 1647 691 se

147 729 248 771 nihil
280 729 493 771 inlicitum.
555 716 866 771 circumcidere
897 727 1095 784 genitalia
1128 727 1406 779 instituerunt,
1435 729 1481 767 ut
1506 724 1647 766 diver-

147 805 267 846 sitate
298 809 539 846 noscantur.
600 803 870 859 Transgressi
901 803 943 844 in
987 815 1145 844 morem
1186 814 1330 844 eorum
1369 800 1480 843 idem
1522 810 1649 841 usur-

147 883 260 933 pant,
292 891 372 921 nec
404 879 626 933 quidquam
658 879 772 933 prius
804 878 1039 922 imbuuntur
1070 889 1190 931 quam
1223 880 1492 918 contemnere
1529 874 1647 926 deos,

1437 233 1643 271 a..u823

149 966 306 996 exuere
335 954 535 1008 patriam,
575 958 769 1008 parentes
799 953 957 996 liberos
989 953 1138 996 fratres
1176 952 1274 995 vilia
1314 951 1485 995 habere.

1551 949 1649 1019 2³11-

267 1127 296 1160 1.
326 1126 562 1172 conqerebant
586 1126 822 1161 Puteolanus·
853 1126 908 1161 Ma
935 1131 969 1161 et
994 1126 1158 1172 plerique
1185 1125 1367 1182 gerebant,
1394 1123 1422 1159 G
1448 1134 1647 1171 congrega-

145 1176 238 1210 bant.
338 1178 371 1211 2.
410 1175 591 1209 iudeorum
613 1175 676 1210 Ma.

144 1225 382 1269 instituerunt)
409 1223 486 1258 Ma:
514 1225 696 1258 instituere
723 1223 761 1258 G.

146 1271 210 1308 Ma.
287 1274 501 1319 conte‘pnere
526 1271 591 1307 Ma.

146 1391 254 1426 stulta
287 1402 365 1425 esse
393 1393 478 1426 dicit
508 1397 543 1426 et
580 1393 766 1426 sollertiae
796 1393 854 1424 in-

148 1440 243 1486 diga,
272 1441 398 1484 partim
426 1441 532 1475 foeda
560 1446 594 1474 et
622 1442 749 1484 turpia.

218 1499 302 1522 uam
323 1489 491 1534 pessimus
516 1491 654 1534 quisque
693 1510 733 1516 --
772 1499 859 1521 con-

148 1537 338 1583 gerebant:
381 1537 477 1571 dicta
520 1537 610 1572 haee
653 1538 776 1581 accipe
816 1537 860 1570 de

145 1585 332 1632 proselytis
369 1596 413 1620 ex
440 1586 521 1620 aliis
552 1586 718 1632 gentibus
752 1596 772 1619 a
799 1584 860 1618 Iu-

148 1634 247 1668 daeis
280 1633 348 1667 sibi
392 1634 606 1669 conciliatis.
681 1634 770 1668 Illuc
808 1638 862 1667 est

148 1682 400 1726 Hierosolyma
438 1683 482 1717 ad
524 1683 693 1727 templum
729 1683 859 1729 gentis.

154 1730 319 1765 Ceterum
347 1732 558 1776 scripturam
584 1731 669 1766 illuc
694 1730 863 1776 yerebant

150 1791 193 1813 ex
210 1779 293 1813 illuc
310 1781 497 1825 cyerebant
518 1780 577 1814 vel
599 1780 735 1814 11„ch
753 1778 863 1813 CGE-

148 1827 327 1862 REBANT
354 1834 467 1863 ortam
495 1840 574 1862 esse
602 1829 727 1874 liquet.
757 1826 862 1862 Certe

148 1889 272 1923 gerere
298 1887 370 1910 non
407 1877 477 1911 dici
517 1882 635 1921 potest
673 1887 735 1921 pro
775 1887 864 1909 con-

148 1929 245 1971 ferre
290 1926 349 1959 vel
387 1926 541 1970 adferre.
608 1925 703 1959 Dicit
746 1935 862 1958 rerum

150 1973 462 2018 scriptorludaeos
483 1973 684 2017 proselytus
711 1974 747 2006 in
771 1973 865 2006 alie-

151 2023 206 2055 nis
243 2022 347 2055 terris
381 2027 552 2067 agentes,
587 2023 645 2066 qui
683 2032 761 2054 cuin
796 2021 863 2064 ipsi

153 2071 343 2115 quotannis
360 2074 520 2114 tempore
549 2069 708 2113 paschali
734 2069 865 2102 Hiero-

152 2118 289 2162 solyma
317 2117 414 2152 adire
443 2123 477 2151 et
514 2128 614 2151 sacra
647 2118 768 2151 facere
795 2126 864 2149 non

153 2171 313 2211 possent,
342 2167 436 2210 stipe
457 2166 544 2200 illuc
570 2176 633 2210 per
652 2165 742 2199 alios
761 2166 867 2198 missa

153 2226 192 2249 se
220 2215 448 2249 exolvebant.
512 2214 582 2248 Eos
607 2214 772 2260 pessimos
798 2223 867 2246 no-

153 2263 274 2306 minat,
290 2263 384 2308 quod
400 2263 597 2308 religiones
613 2263 744 2306 patrias
763 2272 867 2305 sper-

154 2312 307 2354 nebant,
334 2311 470 2345 alienas
496 2311 726 2345 sectabantur
752 2311 868 2354 iisque

155 2371 242 2405 opes
278 2359 520 2394 effundebant.
573 2359 663 2393 Hine
702 2359 868 2404 ingentes

156 2409 331 2452 pecuniae
353 2407 602 2451 Hierosolyma
628 2406 867 2441 confluebant.

159 2456 234 2490 cic.
276 2455 393 2490 Flacc.
433 2455 500 2491 28:
540 2466 616 2489 cum
654 2466 778 2489 aurum
806 2455 870 2489 Iu-

156 2504 322 2537 daeorum
347 2505 486 2537 nomine
513 2503 698 2547 quotannis
725 2515 768 2536 ex
791 2504 869 2536 Ita-

157 2552 207 2586 lia
233 2558 265 2585 et
292 2563 334 2585 ew
372 2551 527 2585 omnibus
562 2551 755 2596 provinciis
782 2551 869 2584 Hie-

156 2600 332 2646 rosolyma
359 2600 541 2645 exportari
565 2599 718 2640 soleret,
767 2598 870 2631 Flac

157 2661 216 2683 cus
243 2649 362 2683 sanxit
400 2648 510 2681 edicto
542 2658 586 2680 ne
622 2658 665 2680 ex
692 2646 779 2680 Asia
806 2658 871 2679 ex-

154 2697 294 2743 portari
319 2696 451 2730 liceret.
478 2695 660 2729 Iuvenalis
690 2694 765 2728 xlv
787 2695 870 2729 100·

161 2747 341 2789 Romanas
381 2750 496 2778 autem
532 2743 625 2777 soliti
652 2749 873 2777 contemnere

159 2793 249 2839 leges
277 2793 460 2828 Iudaicum
486 2792 642 2826 ediscunt
674 2798 705 2825 et
732 2796 874 2825 servant

160 2848 192 2875 et
228 2847 381 2875 metuunt
417 2842 471 2875 ius
491 2867 500 2883 ‚
553 2840 699 2874 tradidit
731 2850 866 2873 arcano

161 2890 393 2933 quodcumque
407 2889 580 2923 volumine
601 2888 748 2933 Moyses.
766 2886 868 2921 Philo

162 2937 282 2981 Legat.
321 2936 364 2970 ad
389 2937 512 2972 Gaium
550 2948 579 2971 c.
608 2938 652 2971 31
693 2947 725 2980 p.
754 2935 869 2971 1023:

162 2986 246 3020 καθ’
274 2986 435 3023 ἕκαστον
467 2982 644 3022 ἐνιαυτὸν
682 2985 872 3033 ἱεροπομ-

777 1175 811 1212 6.
847 1175 959 1209 nichil
984 1174 1048 1211 Ma.

851 1224 885 1259 8
917 1224 1102 1270 quidquam
1128 1221 1206 1259 Μ3·

1145 1175 1307 1208 instituer
1333 1183 1412 1218 cum
1438 1173 1502 1207 lin.
1531 1172 1583 1220 (h.
1612 1183 1645 1207 e.

1237 1223 1420 1268 quicquam
1445 1220 1484 1256 G.
1575 1220 1646 1255 inb.

927 1394 993 1427 ποὶ
1024 1391 1242 1426 σιέλλοιται
1276 1400 1428 1436 χρυσον
1470 1389 1532 1422 καὶ
1576 1385 1647 1434 ἄρ-

926 1452 1047 1495 γυρον
1094 1442 1278 1474 πλεῖστον
1334 1440 1551 1485 κομίζοντες
1595 1439 1649 1476 εἰς

928 1485 968 1524 τὸ
1004 1488 1136 1533 ἱερόν,
1181 1484 1248 1523 τὸν
1295 1486 1559 1534 ἀθροισθέντα
1599 1487 1638 1521 ἐκ

928 1538 1006 1572 τῶν
1033 1536 1233 1583 ἀπαρχῶν.
1263 1533 1406 1569 Idemc
1417 1534 1464 1569 23
1481 1544 1515 1578 p.
1529 1533 1647 1569 1014:

930 1585 1113 1630 ἠπίστατο
1145 1587 1355 1639 (Τιβέριος)
1383 1586 1449 1619 καὶ
1471 1581 1649 1629 χρήματα

931 1633 1224 1682 συναγαγὸνῐας
1250 1629 1326 1668 α’πὸ
1359 1630 1646 1677 τωνᾰπαρχων

930 1683 1014 1730 ἱερά
1041 1686 1106 1718 καὶ
1114 1685 1358 1739 πέμποντας
1390 1682 1444 1719 εἰς
1471 1679 1645 1738 Ἱεροσό-

929 1734 1030 1779 λυμα
1062 1725 1125 1766 διὰ
1154 1734 1230 1766 τιον
1265 1742 1332 1769 τας
1367 1731 1510 1768 θυσίας
1545 1725 1644 1763 ἅνα-

930 1780 1091 1822 ξά-νιωι
1142 1777 1315 1824 Iosephus
1350 1777 1470 1822 Antiq.
1511 1775 1594 1810 XIV
1622 1775 1642 1810 7

931 1831 968 1872 §.
997 1830 1019 1863 2
1036 1854 1044 1870 ‚
1085 1827 1144 1860 ubi
1176 1828 1334 1872 loquitur
1361 1825 1404 1859 de
1431 1825 1596 1869 pecuniis
1621 1834 1643 1857 a

932 1877 1060 1910 Crasso
1087 1887 1131 1909 ex
1159 1875 1291 1920 templo
1317 1873 1646 1917 Hierosolymitano

933 1925 1084 1959 ablatis:
1141 1924 1326 1983 θαυμάσῃ
1366 1922 1406 1959 δὲ
1441 1921 1575 1980 μηδεὶς
1614 1922 1650 1953 εἰ

932 1974 1111 2012 τοσοῦτος
1149 1969 1192 2014 ἦν
1218 1973 1382 2010 πλοῦτος
1412 1972 1453 2007 ἐν
1478 1970 1529 2016 τῷ
1558 1969 1648 2016 ἦμε-

933 2024 1023 2078 τέρω
1075 2022 1178 2068 ἱερῷ,
1230 2019 1390 2055 πάντων
1436 2018 1510 2053 τῶν
1551 2011 1649 2052 κατὰ

933 2083 999 2113 την
1026 2071 1253 2116 οἰκουμένην
1277 2067 1474 2102 Ἰουδαίων
1498 2069 1563 2100 καὶ
1585 2076 1650 2100 σε-

932 2119 1109 2173 βοαένων
1141 2114 1208 2152 τὸν
1250 2115 1366 2157 9εόν,
1411 2115 1467 2150 ἔτι
1508 2113 1549 2149 δὲ
1585 2116 1650 2148 καὶ

934 2167 1010 2202 τῶν
1035 2163 1113 2199 ἀπὸ
1139 2170 1202 2208 τῆς
1225 2164 1355 2202 ,Ἀσίας
1380 2165 1444 2198 καὶ
1461 2160 1651 2208 Εὐρώπης

934 2218 986 2252 εἰς
1017 2209 1111 2248 αιῖτό
1153 2212 1438 2260 συμᾳερόνῐων
1475 2212 1516 2246 ἐκ
1553 2211 1643 2245 πολ

934 2263 986 2297 λιῦ
989 2276 1011 2297 ν
1036 2262 1140 2297 πάνυ
1175 2262 1342 2307 χρόνων.
1392 2257 1650 2294 Bell.1ud.v

935 2312 956 2346 5
986 2312 1028 2344 1:
1069 2311 1123 2349 εἰς
1150 2309 1170 2345 ὃ
1215 2310 1269 2355 (ἱη
1303 2317 1392 2353 opus
1428 2305 1570 2350 templi)
1604 2325 1650 2333 --

935 2357 1232 2402 ἐξανηλώθησαν
1256 2379 1294 2386 -
1317 2358 1355 2392 οἱ
1375 2356 1473 2402 ἱεροὶ
1498 2358 1649 2399 θησαυ-

936 2411 996 2455 ροὶ
1021 2407 1169 2449 πάντες,
1198 2404 1264 2447 οὓς
1292 2404 1593 2449 ἀνεπίμπλασαν
1614 2402 1651 2438 οἱ

935 2453 1044 2502 παρὰ
1070 2458 1132 2498 τῆς
1151 2459 1375 2503 οἰκουμένης
1391 2451 1536 2499 δασμοὶ
1551 2463 1650 2498 πεμ-

1204 2507 1232 2534 (λ

935 2551 959 2584 Τ
936 2503 1142 2584 sshgltftffbth}
1149 2504 1312 2585 ὥΙτιάῖιείε
1322 2499 1460 2594 Αὸἓῧῑι
1467 2501 1542 2593 83}
1567 2498 1646 2532 ced

1011 2617 1257 2654 misericordia
1282 2617 1321 2650 in
1343 2621 1534 2663 promptu.
1567 2615 1649 2660 ple-

937 2679 1089 2714 rumque
1124 2666 1308 2702 commatis
1349 2665 1532 2699 distinctio
1571 2667 1652 2708 post

938 2729 973 2752 v.
1012 2722 1175 2762 promptu
1201 2725 1212 2747 .·
1254 2715 1433 2748 veriorem
1469 2712 1652 2758 suggessit

939 2765 1204 2801 Doederlinius.

1012 2835 1233 2869 alienarum:
1259 2831 1495 2878 subintellige
1522 2840 1652 2864 nomen

938 2885 1109 2930 flentium,
1148 2883 1193 2917 ex
1220 2881 1438 2927 antegressis
1461 2875 1652 2926 proiectisss

942 2933 1032 2967 sima
1058 2953 1101 2958 —
1128 2942 1213 2977 qens
1239 2928 1461 2963 sumendum.
1527 2927 1652 2960 Proie-

944 2980 1096 3015 ctissima
1129 2979 1176 3014 ad
1204 2976 1382 3013 libidinem
1417 2985 1502 3021 qens
1525 2973 1650 3009 brevi-
