1768 3216
141 218 164 248 a
189 205 230 242 G.
255 208 315 244 69.
605 207 739 243 LIBER
764 206 808 241 ΙΙ.
866 205 951 242 Cn.
979 207 1137 244 22—23.
1575 207 1646 241 121

142 328 250 378 tum,
283 325 351 367 hic
380 326 618 381 praefectus
651 326 757 379 alae,
790 326 833 367 in
863 325 1028 367 Batavis
1061 325 1252 380 genitus,
1285 323 1354 367 ille
1383 323 1652 379 primipilaris

144 403 186 442 et
216 400 424 444 Caecinae
455 401 563 443 haud
597 401 772 452 alienus,
806 400 915 454 quod
950 400 1120 442 ordines
1152 399 1194 440 in
1214 399 1434 441 Germania
1465 398 1654 441 duxerat.

73 489 132 529 23
281 476 486 531 Spurinna
519 480 734 530 comperto
768 476 917 517 itinere
940 475 1135 527 hostium,
1170 474 1387 516 defensam
1404 473 1656 516 Placentiam

145 565 338 606 quaeque
368 556 460 594 acta
492 556 532 592 et
562 551 657 605 quid
692 551 873 603 Caecina
914 554 1105 605 pararet,
1153 550 1335 591 Annium
1378 549 1536 592 Gallum
1581 561 1658 605 per

145 627 305 669 litteras
337 627 474 669 docet.
528 626 668 668 Gallus
700 626 912 682 legionem
942 626 1116 680 primam
1140 626 1183 666 in
1206 624 1402 668 auxilium
1420 625 1690 672 Placentiaes

146 703 340 756 ducebat,
373 702 537 776 diffisus
542 702 761 764 paucitati
790 701 1052 754 cohortium,
1084 713 1137 742 ne
1168 700 1336 756 lougius
1369 700 1580 742 obsidium
1610 704 1651 742 et
1685 689 1768 758 [θ’

144 780 228 821 vim
261 778 499 821 Germanici
531 778 742 820 exercitus
772 789 916 832 parum
948 777 1190 818 tolerarent.
1222 776 1301 818 Ubi
1321 775 1481 830 pulsum
1503 772 1686 818 Caeci-
1712 747 1750 801 ἑ(

144 866 239 895 nam
274 866 456 908 pergere
486 854 734 895 Cremonam
777 852 962 906 accepit,
1005 864 1133 907 aegre
1177 852 1405 893 coercitam
1447 850 1659 905 legionem
1708 826 1768 871 ω’

146 933 188 971 et
216 928 429 983 pugnandi
462 928 615 970 ardore
646 939 779 981 usque
810 926 862 968 ad
894 926 1144 987 seditionem
1173 937 1444 981 progressam
1462 923 1659 966 Bedriaci

153 1003 278 1046 sistit.
338 1003 450 1045 Inter
479 1003 686 1046 Veronam
721 1003 1054 1056 Cremonamque
1085 1002 1188 1044 situs
1221 1005 1285 1043 est
1315 1001 1456 1053 vicus,
1500 999 1660 1041 duabus
1676 1017 1714 1046 ιο

152 1078 236 1121 iam
266 1079 464 1122 Romanis
502 1078 691 1121 cladibus
723 1082 846 1120 notus
878 1077 1180 1131 infaustusque.

284 1154 420 1196 Isdem
465 1154 612 1197 diebus
653 1168 676 1196 a
715 1154 875 1195 Marcio
914 1153 1057 1196 Macro
1106 1152 1215 1194 haud
1266 1151 1413 1207 procul
1456 1151 1661 1194 Cremona

147 1241 350 1284 prospere
379 1233 619 1285 pugnatum.
679 1230 865 1284 Namque
895 1233 1108 1284 promptus
1141 1228 1269 1270 animi
1303 1228 1484 1271 Marcius
1514 1231 1660 1269 trans-

147 1310 295 1346 vectos
324 1306 501 1347 navibus
532 1305 790 1360 gladiatores
833 1306 875 1346 in
907 1296 1129 1347 adversam
1171 1303 1270 1346 Padi
1311 1304 1442 1358 ripam
1484 1306 1658 1356 repente

149 1379 321 1422 effudit·
368 1380 546 1424 Turbata
578 1381 635 1423 ibi
667 1380 981 1423 Vitellianorum
1013 1379 1193 1431 auxilia,
1227 1382 1267 1421 et
1298 1379 1450 1421 ceteris
1484 1378 1715 1420 Cremo-1⁵

294 1482 329 1544 6.
354 1509 535 1555 paucitate
562 1509 606 1543 ab
634 1509 758 1543 eadem
785 1519 893 1542 manu
929 1512 1091 1542 correcto
1117 1507 1294 1553 paucitati
1326 1504 1397 1540 Ma:
1435 1505 1463 1540 G
1500 1509 1536 1539 et
1563 1503 1663 1539 Oxo-

148 1559 295 1593 nienses
319 1559 512 1604 paucitate.

151 1606 230 1642 Ma:
257 1606 285 1642 G
308 1608 483 1652 infaustus
510 1619 585 1652 que.

152 1660 213 1700 pto
242 1657 296 1689 cio
322 1656 369 1699 G,

601 1559 634 1593 7.
663 1557 766 1604 pulsu
794 1556 859 1592 Ma.

650 1609 703 1642 12.
738 1607 876 1640 Marcio
903 1605 976 1640 Ma:

405 1658 465 1702 qui
504 1666 586 1689 mox
614 1657 773 1690 martius.
802 1661 918 1688 utrum
956 1655 1041 1688 haut
1077 1665 1122 1688 an
1161 1653 1257 1687 haud
1294 1654 1329 1686 in
1354 1651 1409 1686 Ma
1434 1661 1505 1685 non
1534 1650 1660 1699 liquet.

950 1558 1004 1593 10.
1034 1557 1201 1590 beronam
1226 1554 1291 1590 Ma.
1363 1557 1417 1589 11.
1444 1555 1662 1599 infastusque

1007 1606 1054 1639 M.
1085 1616 1192 1649 supra
1219 1604 1262 1638 ab
1292 1603 1404 1637 altera
1421 1613 1527 1636 manu
1547 1603 1663 1635 ascri-

155 1706 210 1740 13.
238 1716 378 1750 nanque
399 1707 594 1751 promptius
619 1704 693 1739 Ma:
720 1710 838 1749 mique
861 1709 1041 1752 promptus
1067 1702 1106 1737 G

152 1810 284 1854 sidero,
314 1815 349 1845 et
375 1811 469 1856 quod
496 1811 642 1845 affertur
668 1822 711 1845 ex
738 1812 872 1846 Sueto-

153 1860 204 1893 nii
231 1859 322 1894 Iulio
351 1858 506 1894 Caesare
534 1862 585 1905 (c.
611 1861 634 1895 3
667 1872 744 1894 cum
769 1861 873 1907 inqe-

153 1909 213 1942 nio
249 1909 324 1942 eius
364 1909 521 1954 diffisus,
578 1915 648 1942 tum
687 1911 873 1943 occasione

155 1968 263 2001 quam
276 1958 449 1992 minorem
466 1958 631 2003 opinione
647 1959 872 2015 offenderat),

153 2006 189 2039 in
223 2017 265 2040 eo
289 2007 475 2040 occasione
502 2017 565 2051 pro
594 2008 776 2041 occasioni
812 2019 873 2041 as-

153 2055 332 2089 similandi
348 2057 436 2089 vitio
466 2060 587 2089 natum
613 2056 768 2090 videtur.
799 2057 874 2090 Nec

153 2113 241 2137 vero
263 2103 441 2138 ablativus
459 2115 504 2138 ex
524 2105 697 2147 considere
715 2110 750 2138 et
764 2105 873 2148 fidere

154 2157 257 2195 aptus
285 2162 329 2186 eo
356 2152 518 2187 adhiberi
546 2154 623 2186 iure
650 2158 788 2198 potest,
836 2159 874 2187 ut

159 2200 251 2234 idem
280 2202 386 2235 etiam
413 2202 449 2235 in
477 2202 635 2245 diffidere
663 2213 874 2236 concessum

155 2259 235 2283 esse
264 2250 456 2294 probetur:
495 2261 575 2284 nam
606 2251 642 2283 in
669 2251 743 2284 illis
770 2251 873 2285 abla-

153 2298 250 2330 tivus
300 2299 527 2332 instrumenti
567 2298 648 2331 loco
690 2299 872 2345 fungitur,

156 2346 249 2390 quod
278 2347 312 2379 in
342 2346 501 2391 diffidere
529 2356 599 2379 non
628 2347 733 2380 cadit.

251 2395 438 2429 Bedriaci:
480 2394 569 2428 haec
605 2400 659 2428 est
698 2397 874 2440 scriptura

157 2441 220 2485 Ma,
248 2453 403 2488 quocum
431 2444 610 2477 consentit
643 2448 678 2477 et
706 2445 872 2478 Sambuci

155 2491 249 2526 liber
297 2497 332 2526 et
370 2493 563 2526 Vaticanus
604 2497 639 2525 et
674 2493 872 2526 Budensis:

158 2540 323 2574 Bebriaci
351 2540 474 2575 ACGR
502 2541 788 2575 etOxonienses.
819 2542 872 2575 Ad

157 2589 303 2622 sormam
333 2590 543 2623 Bedriacum
571 2591 731 2633 proxime
764 2601 873 2624 acce-

157 2637 207 2669 dit
261 2638 460 2670 Betriacum
513 2637 606 2681 apud
662 2639 872 2673 Suetonium

158 2685 300 2718 Othone
326 2697 354 2718 c.
383 2685 418 2725 9,
446 2685 488 2718 de
515 2685 735 2720 Betriacensi
759 2689 873 2721 victo-

157 2734 215 2765 ria
253 2732 346 2787 apud
379 2732 531 2766 eundem
559 2734 705 2768 vitellio
750 2747 780 2769 c
817 2737 871 2778 10,

161 2775 375 2826 Βηιριακὸν
417 2780 509 2824 apud
537 2780 762 2816 Plutarchum
788 2783 871 2818 Oth.

159 2839 190 2862 c.
220 2828 243 2862 8
273 2833 308 2862 et
326 2831 380 2864 13
412 2827 547 2863 Calami
578 2831 704 2864 vitium
731 2831 873 2866 videtur

158 2886 239 2910 esse
278 2877 486 2911 Beli-{acum
518 2878 554 2911 in
580 2876 703 2912 Iuven.
740 2880 811 2914 Sat.
842 2880 871 2914 ll

161 2925 240 2967 106,
267 2926 352 2959 item
379 2925 668 2960 Betriacensiems
695 2926 793 2962 bellis
837 2929 871 2962 in

157 2971 248 3008 Ptin.
276 2973 317 3009 N.
345 2973 385 3009 11.
415 2973 444 3008 X
462 2972 510 3010 69
537 2974 636 3020 (49),
665 2973 873 3010 Bebriacum

943 1811 1036 1856 apud
1061 1811 1318 1855 Hieronymum
1346 1811 1400 1845 ed.
1418 1810 1662 1845 Vallarsianae

942 1871 977 1905 p.
1003 1860 1085 1895 676.
1138 1860 1342 1895 Scholiasta
1375 1861 1500 1894 iuven.
1533 1859 1564 1893 Il
1593 1859 1662 1895 99:

943 1909 1037 1943 hunc
1085 1908 1322 1955 (Othonem)
1371 1908 1664 1954 incomparabilis

942 1959 1036 1992 vitae
1064 1958 1151 1992 bello
1179 1958 1276 1992 civili
1297 1957 1454 1992 Vitellius
1471 1958 1555 1991 vicit
1570 1957 1666 2003 apud

943 2007 1154 2041 Bebriacnm
1165 2007 1384 2053 Campaniae
1398 2006 1502 2053 (lege
1517 2011 1664 2040 auctore

943 2055 1064 2100 Lipsio
1116 2056 1210 2102 apud
1264 2056 1430 2090 Bedriaci
1473 2059 1663 2102 cavnpum).

943 2105 1075 2138 Horum
1116 2105 1241 2138 bellum
1282 2105 1422 2150 scripsit
1452 2104 1663 2146 Cornelius3

942 2154 1083 2199 scripsit
1110 2159 1142 2187 et
1158 2153 1336 2199 Pompeius
1363 2153 1502 2196 Planta,
1531 2154 1590 2198 qui
1614 2153 1665 2187 ait

942 2203 1152 2236 Bebriacum
1185 2203 1300 2236 vicum
1335 2214 1407 2236 esse
1440 2214 1464 2235 a
1489 2202 1666 2237 Cremona

941 2251 1104 2287 vicesimo
1141 2251 1269 2296 lapide.
1323 2251 1513 2295 Pompeius
1540 2250 1665 2285 Planta

944 2299 978 2333 h.
1008 2299 1031 2332 l.
1059 2304 1274 2333 memoratus
1301 2300 1463 2345 aequalis
1492 2304 1567 2333 erat
1596 2299 1665 2333 Ta-

944 2347 1025 2389 citi,
1074 2347 1223 2381 'l'raiano
1262 2349 1424 2392 print-,ipe
1460 2348 1665 2392 praefectus

942 2396 1122 2442 Aegypti,
1158 2396 1202 2430 de
1230 2407 1301 2442 quo
1328 2397 1464 2431 Plinius
1490 2396 1604 2441 Epist.
1634 2397 1665 2431 X

943 2445 962 2478 7
992 2446 1075 2490 (5):
1103 2456 1188 2490 royo
1216 2457 1323 2491 erqo,
1365 2445 1665 2491 indulyentissime

940 2494 1153 2538 imperator,
1192 2501 1230 2527 ut
1255 2495 1342 2528 milii
1379 2495 1427 2528 ad
1461 2494 1658 2540 Pompeium

944 2542 1116 2584 Plantam,
1141 2545 1362 2588 praesectum
1381 2543 1541 2588 Aeyypti,
1568 2545 1661 2577 ami-

943 2603 1020 2624 cum
1059 2596 1180 2634 tuum,
1221 2613 1257 2619 —
1320 2592 1501 2638 epistolam
1534 2593 1660 2626 mittas.

941 2639 1046 2684 Apud
1071 2639 1262 2684 Iosephum
1288 2639 1327 2674 B.
1352 2640 1425 2674 lud.
1455 2640 1504 2673 lv
1531 2640 1553 2674 9
1575 2642 1612 2682 δ.
1639 2641 1662 2675 9

942 2688 1028 2721 olim
1057 2686 1312 2735 Φρηγδιακὸν
1338 2688 1541 2734 legebatur,
1567 2699 1662 2722 nunc

942 2741 1089 2770 auctore
1118 2737 1335 2781 Spanbemio
1366 2735 1592 2782 Βηδριακόν.

1017 2785 1150 2818 duabus
1175 2786 1247 2818 iam
1276 2785 1447 2818 Romanis
1473 2784 1659 2819 cladibus:

942 2833 1055 2866 altera
1083 2831 1185 2865 clade
1214 2831 1409 2866 Othoniani
1440 2842 1460 2865 a
1490 2831 1660 2867 Vitellia-

943 2882 1026 2922 nis,
1075 2880 1188 2913 altera
1232 2879 1372 2914 Vitellii
1415 2881 1597 2915 exercitus
1640 2892 1661 2915 a

946 2928 1156 2972 Vespasiani
1183 2929 1299 2972 copiis
1326 2928 1443 2962 victus
1470 2933 1551 2974 θεὶς
1585 2928 1658 2965 vid.

942 2975 1034 3010 infra
1061 2973 1274 3021 1141-44,
1301 2974 1528 3013 111151—25.
1575 3011 1578 3015 .
