1768 3216
145 242 167 269 a
190 231 232 270 G.
258 232 317 270 69.

610 232 747 269 LIBER
771 233 832 270 111.
887 234 974 272 Cn.
1002 237 1158 273 32—34.

1576 235 1650 271 22⁷

144 349 376 404 perniciem
407 350 570 407 agebat.
614 351 720 393 Dum
749 352 970 406 pecuniam
999 352 1067 394 vel
1103 353 1250 408 gravia
1280 365 1382 395 auro
1405 351 1652 407 templorum

146 424 258 467 dona
290 426 372 467 sibi
405 427 580 481 quisque
607 428 796 479 trabunt,

845 427 1006 469 maiore
1047 427 1223 469 aliorum
1259 428 1303 470 vi
1337 427 1651 469 truncabantur.

147 499 324 549 Quidam
353 501 478 544 obvia
507 503 742 557 aspernati,
775 502 1023 544 verberibus
1056 503 1357 557 tormentisque
1388 503 1653 545 dominorum

146 575 285 618 abdita
315 578 509 630 scrutari,
543 577 713 620 desossa
743 590 907 620 eruere.
960 578 1091 620 Faces
1123 579 1165 619 in
1196 579 1401 631 manibus,
1433 590 1550 632 quas,
1581 578 1653 619 ubi
1678 562 1768 654 ’0¹4²‘

143 650 343 704 praedam
376 656 652 706 egesserant,
700 653 743 693 in
774 665 931 694 vacuas
963 638 1128 694 domos
1132 640 1214 694 et
1215 640 1368 695 inania
1396 653 1550 707 templa
1576 665 1684 706 pers

144 724 361 768 lasciviam
390 727 697 778 iaculabantur3
737 731 862 782 utque
901 728 1090 769 exercitu
1115 727 1234 769 vario
1265 728 1419 782 linguis
1449 728 1650 780 moribus,

147 800 214 842 cui
245 801 360 843 cives
387 802 496 843 socii
525 803 689 843 externi
718 803 986 855 interessent,
1019 802 1215 845 diversae
1235 802 1454 856 cupidines
1479 806 1519 843 et
1541 802 1652 844 aliud

146 874 296 928 cuique
323 875 386 917 fas
417 888 497 917 nec
529 877 751 930 quidquam
782 877 998 918 inlicitum.
1043 877 1121 918 Per
1152 877 1416 930 quatriduum
1443 877 1652 918 Cremona

145 947 321 991 suffecit.

384 950 485 992 Cum
518 951 657 992 omnia
685 963 808 992 sacra
837 951 1099 1006 profanaque
1145 951 1187 992 in
1224 951 1324 1006 igne
1364 950 1652 1003 considerent,

1697 643 1768 667 sxa

145 1023 278 1066 solum
307 1024 457 1067 Mefitis
486 1025 682 1080 templum
713 1026 826 1067 stetit
856 1030 952 1067 ante
994 1026 1185 1078 moenia,
1234 1025 1331 1067 loco
1378 1037 1453 1067 seu
1484 1025 1653 1066 numine
1670 1039 1706 1066 10

281 1338 317 1373 3.
346 1337 449 1373 οὸυίᾶ
476 1335 542 1380 Ma,
570 1337 612 1371 ob
635 1337 697 1371 ἰνᾶ
722 1337 761 1372 6.

145 1385 296 1468 ἒὶἶμΜῧ.
435 1386 472 1420 8.
510 1385 696 1431 quidquam
722 1384 796 1420 Ma.

149 1484 205 1518 11.
236 1483 408 1519 cremomi
434 1481 539 1518 Gma.
569 1488 769 1518 correctum
797 1484 833 1517 in
862 1481 919 1517 CR
944 1488 980 1517 et
1005 1485 1041 1517 in
1068 1483 1100 1517 A
1125 1494 1145 1516 a
1171 1494 1243 1517 sec.
1273 1494 1317 1516 m.

612 1531 874 1567 CCLXXXVI.
907 1531 946 1566 G.

148 1533 355 1578 octogesimo
382 1538 479 1567 sexto
505 1531 582 1566 Ma:

838 1338 873 1372 5.
897 1348 1030 1371 πηοτιυς
1057 1347 1233 1382 superscr.
1263 1348 1286 1370 a
1313 1335 1377 1371 Ma.

841 1386 1025 1431 quicquam
1053 1385 1092 1420 G.

282 1434 506 1479 quatriduum
533 1435 710 1468 Cremona
734 1434 964 1468 Puteolanus.

74 1098 380 1144 34defensum.
442 1099 518 1141 Hic
549 1100 685 1142 exitus
713 1100 970 1153 Cremonae,
1004 1113 1114 1141 anno
1147 1100 1437 1142 ducentesimo
1472 1104 1655 1155 octoge-

145 1173 252 1215 simo
304 1178 425 1216 sexto
472 1187 496 1216 a
535 1174 766 1228 primordio
806 1175 884 1217 sui.

947 1175 1123 1217 Condita
1176 1179 1265 1216 erat
1306 1174 1555 1229 Sempronio
1613 1178 1654 1215 et

1268 1226 1322 1292 Α

1449 1349 1516 1383 per
1543 1336 1654 1371 lasci-

1070 1435 1124 1470 10.
1155 1434 1282 1479 Mefitis
1311 1434 1384 1468 illa:
1419 1435 1580 1480 mephitis
1610 1434 1649 1469 G.

1421 1484 1653 1518 ducentesimo

1011 1533 1067 1567 12.
1097 1543 1158 1565 suo
1185 1542 1364 1576 superscr.
1392 1533 1406 1566 i
1431 1531 1497 1566 Ma.
1550 1533 1653 1566 Sem-

143 1581 273 1626 pronio
301 1581 439 1615 editor:
467 1579 551 1616 GMss
583 1580 624 1615 Τ.
648 1581 883 1627 Sempronio,
909 1559 1051 1625 Lipsius
1081 1580 1129 1615 Ti.
1158 1581 1380 1626 Sempronio.

566 1627 707 1649 sx—

142 1733 290 1788 proprie
322 1737 372 1766 est
408 1737 526 1766 terrae
561 1736 689 1778 putor,
727 1732 815 1776 qui
824 1731 865 1765 de

148 1778 249 1826 aquis
272 1780 433 1815 nascitur
457 1780 667 1837 sulfur-aliu
694 1785 727 1814 et
753 1785 802 1813 est
827 1780 866 1813 in

147 1829 346 1865 nemoribus
370 1830 516 1875 gravior
543 1839 586 1863 ex
607 1829 777 1863 densitate
800 1827 866 1862 sil-

148 1889 284 1914 varum.
335 1878 552 1923 Scripturam
596 1878 723 1921 Mefitis
757 1887 777 1911 a
812 1876 866 1911 Ma

150 1926 347 1961 exhibitam
377 1928 483 1961 etiam
503 1925 628 1960 titulus
641 1925 866 1960 Cremonen-

149 1976 198 2009 sis
224 1975 317 2020 apud
346 1974 519 2010 Orellium
546 1986 581 2009 n.
615 1974 705 2010 1795
731 1979 864 2009 tuetur.

150 2023 206 2059 Cf.
234 2023 327 2060 Plin.
353 2023 395 2061 N.
422 2025 465 2060 H.
494 2023 524 2058 11
551 2025 585 2060 7.

178 2131 182 2134 ·
223 2119 310 2164 Cap.
339 2120 398 2155 34.
434 2121 640 2166 Sempronio
668 2125 700 2153 et
728 2120 866 2154 Corne-

150 2167 198 2202 lio
225 2168 446 2203 consulibus.-
474 2167 569 2213 quod
595 2170 631 2202 in
649 2167 703 2212 Ma
730 2174 765 2202 et
784 2168 868 2202 inde

149 2217 188 2250 in
214 2218 345 2250 ceteris
360 2217 545 2251 codicibus
557 2218 763 2262 Sempronio
779 2227 870 2251 con-

151 2263 221 2298 suli
241 2265 289 2307 T.‚
309 2264 345 2298 h.
367 2276 399 2299 e.
422 2265 504 2307 Tito,
531 2266 774 2309 praepositum
802 2269 868 2308 est,
891 2303 894 2307 .

154 2322 197 2346 ea
233 2312 353 2346 littera
395 2323 440 2346 ex
479 2313 640 2356 proxime
682 2315 868 2358 superiore

158 2364 233 2394 erat
270 2371 457 2405 perperam
493 2362 659 2405 repetita.
729 2362 870 2406 Quippe

153 2408 383 2453 Sempronius
410 2411 641 2454 praenomine
674 2410 872 2444 vocabatur

158 2457 336 2500 Tiberius,
372 2468 444 2491 non
476 2458 567 2492 Titus
587 2485 596 2501 ‚
634 2469 753 2504 neque
781 2458 869 2493 illud

154 2505 238 2540 huic
264 2506 483 2541 substituere
516 2506 622 2550 licet,
663 2513 703 2541 ut
728 2507 870 2552 Lipsius

154 2553 242 2589 fecit
262 2559 306 2588 -ει
334 2555 446 2601 vulgo
470 2555 548 2590 fieri
575 2555 681 2599 solet,
707 2567 786 2590 cum
814 2556 869 2590 al-

153 2606 208 2638 ter
234 2603 360 2637 consul
399 2604 564 2648 simplice
601 2606 746 2638 nomine
777 2605 870 2639 Cor-

152 2650 290 2694 nelius,
328 2661 400 2684 non
429 2652 614 2686 cornelius
648 2653 767 2698 Scipio
809 2653 869 2687 vel

154 2698 294 2732 Publius
322 2699 528 2743 Cornelius,
566 2705 781 2734 memoratus
810 2703 867 2735 sit.

153 2745 346 2780 Rhenanus
359 2746 501 2791 quidem
529 2749 636 2781 etiam
657 2748 741 2782 huic
762 2759 870 2792 prae-

153 2795 308 2828 nominis
347 2794 660 2838 notam-addidit,
699 2796 763 2830 sed
795 2802 867 2830 tum

154 2842 198 2876 ad
208 2843 487 2877 concinnitatem
497 2843 722 2878 efficiendam
734 2845 868 2879 duabus

154 2891 372 2926 coniecturis
380 2901 470 2936 opus
480 2894 546 2936 est,
557 2897 686 2927 utante
698 2893 868 2938 Sempro-

152 2941 252 2973 nium
262 2941 505 2985 praenominis
517 2946 602 2975 nota
617 2941 649 2974 Τ.
661 2946 817 2975 mutetur
831 2943 866 2975 in

158 2987 221 3032 Ti„
233 2994 315 3024 ante
329 2987 534 3025 Cornelium
546 2989 584 3024 P.
598 2990 795 3025 inseratur:
809 2990 867 3025 le-

934 1731 1016 1764 nius
1043 1731 1241 1765 remedium
1273 1735 1328 1765 est
1359 1735 1398 1764 ut
1423 1741 1495 1765 una
1519 1729 1651 1775 littera,

935 1781 1036 1813 cuius
1071 1781 1174 1826 origo
1214 1780 1251 1813 in
1289 1784 1436 1824 aperto,
1476 1779 1651 1815 deleatur.

933 1828 1019 1862 Nam
1047 1828 1255 1862 alterutrum
1295 1829 1501 1863 necessario
1528 1830 1654 1874 requi..

934 1878 1042 1920 ritur,
1080 1882 1118 1910 ut
1146 1877 1249 1910 ambo
1279 1877 1446 1911 consules
1472 1882 1533 1910 aut
1559 1877 1653 1912 binis

934 1929 994 1959 aut
1030 1925 1183 1971 singulis
1219 1926 1423 1959 nominibus
1460 1925 1653 1970 appellen-

934 1979 1002 2009 tur.
1031 1974 1190 2020 Singulis
1215 1974 1421 2008 nominihus
1441 1980 1480 2007 ut
1506 1985 1545 2008 se
1563 1985 1653 2008 con-

934 2024 1066 2057 tineret
1091 2023 1255 2066 Tacitus,
1285 2022 1442 2056 additum
1468 2024 1653 2068 inyruente

933 2073 972 2105 in
987 2071 1130 2105 Italiam
1143 2071 1322 2105 Annibale
1351 2072 1459 2106 fecit:
1492 2081 1536 2105 eo
1559 2073 1651 2106 enim

935 2124 1075 2164 tempus
1116 2125 1151 2154 et
1191 2120 1358 2154 consules
1395 2125 1480 2153 tunc
1503 2121 1557 2153 rei
1585 2131 1654 2166 ge-

935 2169 1068 2202 rendae
1080 2169 1277 2213 praepositi
1304 2170 1390 2202 satis
1409 2168 1566 2203 dilucide
1586 2168 1653 2202 de-

938 2217 1062 2251 clarati
1089 2222 1191 2260 sunt,
1229 2228 1348 2262 neque
1375 2227 1464 2261 opus
1490 2216 1653 2260 pluribus

936 2265 1152 2299 nominibus.
1186 2264 1292 2309 [Cous.
1320 2265 1406 2310 Agr.
1432 2265 1501 2299 44:
1529 2276 1653 2298 exces-

936 2315 980 2347 sit
1015 2313 1239 2359 (Agricola)
1284 2312 1429 2357 Colleya
1468 2312 1653 2357 Priscoque

938 2362 1154 2404 consulibu83
1198 2361 1238 2395 Ο.
1270 2362 1338 2395 17:
1380 2362 1493 2394 Hirtio
1530 2372 1654 2406 nempe

938 2411 1099 2444 etPansa
1125 2409 1335 2444 consulibus.
1362 2409 1444 2443 Bini
1466 2409 1653 2443 consulum

937 2459 1082 2492 nomina
1108 2458 1156 2492 ibi
1185 2468 1327 2502 semper
1351 2458 1493 2492 Tacitus
1521 2459 1653 2502 posuit,

937 2508 997 2541 ubi
1022 2507 1107 2541 novi
1134 2508 1216 2540 anni
1241 2517 1298 2540 res
1325 2512 1445 2553 gestas
1472 2518 1492 2540 a
1519 2517 1654 2540 consu-

938 2556 1010 2590 lum
1038 2557 1377 2590 commemoratione
1391 2555 1589 2597 inchoavit,
1609 2555 1652 2587 de

938 2615 1008 2650 quo
1036 2604 1168 2638 dictum
1196 2603 1239 2638 ad
1265 2603 1326 2637 xil
1351 2604 1423 2638 41:
1454 2605 1488 2636 in
1519 2613 1652 2636 consu-

937 2653 1031 2687 libus
1059 2658 1158 2687 extra
1183 2663 1299 2686 rerum
1320 2657 1499 2697 gestarum
1522 2652 1652 2684 seriem

937 2703 1128 2735 nominatis
1156 2700 1260 2734 modo
1287 2701 1371 2733 bina
1398 2699 1519 2740 dedit,
1546 2698 1651 2731 modo

938 2750 1092 2795 singulis
1125 2753 1314 2783 contentus
1343 2748 1421 2781 fuit.
1473 2747 1526 2780 De
1562 2745 1653 2780 Cre-

938 2809 1044 2831 mona
1071 2803 1106 2831 et
1131 2796 1313 2830 Placentia
1342 2795 1493 2829 coloniis
1522 2806 1554 2828 a.
1581 2794 1653 2829 536

939 2846 1101 2880 deductis
1136 2843 1343 2878 conferendi
1376 2848 1518 2887 praeter
1547 2842 1653 2876 Taci-

939 2900 1009 2927 tum
1050 2893 1212 2927 Velleius
1241 2892 1255 2926 1
1294 2891 1362 2933 14,
1402 2892 1524 2926 Livius
1555 2891 1651 2935 Epit.

937 2941 1000 2977 XX
1030 2941 1112 2975 coll.
1142 2939 1219 2975 xxl
1245 2941 1304 2984 25,
1333 2940 1504 2985 Polybius
1522 2939 1570 2974 111
1591 2940 1652 2975 40.

1220 1386 1453 1431 quadriduum
1484 1386 1662 1421 cremon&

1694 1140 1754 1208 Ἣ·

1699 1234 1753 1283 Λ
