1768 3216
129 185 155 218 ι
175 175 217 213 θ.
243 175 304 213 69.
603 174 737 210 LIBER
763 174 809 210 11.
861 173 949 209 GAr.
978 173 1134 211 77-80.
1559 174 1634 209 169

129 299 206 338 aut.
228 294 447 350 templum:
478 295 540 337 sic
569 293 783 336 tradidere
813 294 1008 343 maiores,
1042 305 1157 335 aram
1178 295 1334 334 tantum
1359 296 1401 335 et
1424 303 1637 335 reveren-

126 370 239 413 tiam.
299 370 388 411 lllic
420 369 677 411 sacrificanti
706 368 989 422 Vespasiano,
1025 381 1119 409 cum
1158 379 1256 422 spes
1302 366 1489 410 occultas
1533 379 1636 409 ver-

125 449 240 488 saret
280 445 443 497 animo,
501 444 707 486 Basilides
750 443 953 486 sacerdos
1002 443 1199 497 inspectis
1244 442 1473 485 identidem
1522 442 1631 484 extis

119 515 337 574 ‘quidquid
378 517 453 562 est'
491 520 645 573 inquit,
671 516 968 573 ‘Vespasiane,
1013 518 1124 572 quod
1163 530 1313 572 paras,
1354 530 1431 560 seu
1470 517 1635 559 domum
1676 564 1697 582 fi
1739 559 1758 577 ,ἢ

31 603 36 607 ’
103 598 323 645 ,εκῑηιοτο
354 607 431 637 seu
469 594 680 664 prol-Qe
720 606 848 649 agros
889 594 979 636 sive
1015 593 1215 661 ampliare
1260 592 1456 645 servitia,
1506 592 1627 634 datur
1650 589 1768 659 εξμῠ

126 669 201 711 tibi
230 681 382 725 magna
411 669 560 721 sedes,
593 669 786 723 ingentes
816 669 1009 720 termini,
1050 667 1218 710 multum
1250 664 1485 709 hominum'.
1547 666 1633 708 Has
1679 656 1712 673 “’“”
1745 651 1766 670 '²

126 744 328 799 ambages
367 748 409 786 et
441 744 578 785 statim
617 747 841 798 exceperat
886 743 995 785 sama
1026 747 1068 784 et
1112 747 1210 784 tunc
1258 742 1485 796 aperiebat.
1544 741 1634 783 Nec

124 818 348 872 quidquam
386 819 519 874 magis
560 819 601 860 in
641 831 716 860 ore
754 818 885 873 vulgi.
945 818 1192 859 Crebriores
1224 817 1333 870 apud
1364 817 1497 870 ipsum
1528 829 1627 858 ser·-

54 893 294 946 79ωοιιθε,
336 893 1172 961 quantffksperantibusgplura‘xdicuntur.
1234 890 1353 932 Haud
1397 890 1522 932 dubia
1552 890 1633 943 (E.-
1692 887 1768 960 1¹13!

125 968 351 1010 stinatione
381 968 635 1021 discessere,
658 969 874 1010 Mucianus
896 967 1180 1020 Antiochiam,
1212 966 1496 1020 Vespasianus
1520 966 1632 1008 Cae-
1647 965 1684 1007 ιδ
1699 953 1768 986 “⁴³³

75 1053 82 1056 ”
123 1028 313 1086 sffie‘ffi:
343 1043 412 1085 illa
443 1044 616 1099 Syriae,
648 1044 755 1086 haec
786 1044 966 1086 Iudaeae
998 1047 1119 1097 caput
1150 1046 1226 1084 est.

256 1119 421 1161 Initium
466 1119 631 1161 ferendi
677 1119 729 1161 ad
775 1120 1077 1173 Vespasianum
1128 1117 1292 1172 imperii
1345 1116 1632 1160 Alexandriae

123 1198 338 1248 coeptum,
383 1194 607 1236 festinante
644 1194 813 1236 Tiberio
865 1184 1136 1245 Alexandro,
1177 1193 1246 1246 qui
1289 1191 1482 1234 kalendis
1514 1190 1631 1233 Iuliis

121 1273 384 1312 sacramento
425 1269 515 1311 eius
559 1270 753 1324 legiones
793 1269 949 1324 adegit.
1010 1269 1132 1322 lsque
1171 1268 1329 1321 primus
1371 1266 1629 1321 principatus

123 1343 215 1387 dies
244 1343 288 1385 in
317 1347 531 1398 posterum
563 1344 813 1396 celebratus,
847 1344 1035 1397 quamvis
1056 1342 1248 1384 Iudaicus
1271 1341 1482 1385 exercitus
1508 1341 1631 1394 quin·
1648 1356 1686 1388 ιε

122 1422 206 1461 tum
237 1429 372 1461 nonas
402 1418 528 1460 Iulias
561 1419 668 1473 apud
702 1419 837 1472 ipsum
867 1419 1061 1470 iurasset,
1095 1429 1146 1459 eo
1179 1417 1333 1459 ardore
1363 1420 1406 1458 ut
1438 1428 1492 1458 ne
1517 1416 1631 1457 Titus

123 1493 292 1548 quidem
322 1492 430 1536 filius
460 1498 768 1548 expectaretur,
802 1494 924 1548 Syria
955 1505 1149 1535 remeans
1182 1497 1224 1534 et
1254 1492 1530 1534 consiliorum
1562 1492 1631 1532 in-

121 1572 187 1610 ter
228 1568 465 1611 Mucianum
516 1582 566 1611 ac
615 1574 774 1623 patrem
822 1570 1003 1610 nuntius.
1066 1568 1222 1610 Cuncta
1265 1568 1419 1621 impetu
1458 1566 1631 1607 militum

54 1645 113 1684 80
125 1647 241 1695 acta,
269 1655 355 1685 non
383 1648 528 1697 parata
560 1644 783 1694 contione,
823 1655 909 1684 non
943 1643 1180 1684 coniunctis
1211 1641 1465 1695 legionibus.
1527 1641 1633 1682 Dum

270 1775 304 1811 4.
336 1776 489 1820 quicquit
514 1774 580 1810 Ma.
630 1775 666 1810 8.
692 1776 804 1821 quicq.
832 1774 890 1810 Or.
918 1776 1013 1809 idem
1042 1774 1146 1819 volqi.
1202 1774 1258 1808 11.
1286 1774 1418 1808 Suriae
1443 1783 1539 1807 nunc
1566 1770 1631 1807 Ma.

125 1823 192 1857 hoc
214 1823 341 1858 iudeae
366 1824 432 1859 Ma.
534 1824 649 1869 capud
674 1823 739 1858 Ma.
844 1827 899 1859 12.
927 1824 976 1858 ad
1001 1824 1049 1858 G:
1078 1822 1132 1858 Ma
1161 1834 1196 1858 a.
1292 1823 1347 1858 13.
1378 1827 1539 1868 caeptum
1564 1820 1630 1855 Ma.

134 1872 204 1906 Tib.
231 1883 311 1907 cum
338 1872 389 1906 lin
413 1872 479 1907 Ma.
566 1872 614 1906 kl.
643 1884 721 1906 cum
750 1873 813 1906 lin.
842 1872 908 1907 Ma.
1003 1875 1058 1907 14.
1100 1877 1322 1906 sacramento
1350 1870 1415 1914 Ma,
1443 1875 1482 1903 ut
1509 1871 1634 1912 ceteri,

124 1931 196 1955 non
222 1922 263 1955 in
286 1927 524 1962 sacramento,
546 1926 585 1955 ut
611 1926 730 1955 narrat
754 1921 954 1956 Ernestius.
1044 1922 1099 1956 15.
1129 1922 1285 1966 quintum
1305 1919 1447 1954 editor:
1474 1918 1528 1953 Ma
1554 1929 1635 1952 cum

124 1969 306 2015 plerisque
337 1970 394 2013 V.‚
419 1970 580 2014 Ryckius
607 1967 725 2015 quinio
754 1976 789 2005 et.
815 1972 868 2004 sic
896 1970 1020 2016 vulgo.
1074 1969 1128 2004 cf.
1157 1974 1279 2003 annot.
1307 1969 1352 2003 ad
1376 1969 1400 2004 6
1423 1969 1483 2003 50.
1576 1967 1632 2002 16.

123 2029 196 2052 non
222 2029 302 2053 cum
327 2019 391 2054 lin.
408 2018 476 2055 Ma,
527 2019 606 2053 iulii
624 2018 690 2054 Ma.
745 2020 799 2055 19.
829 2020 1028 2065 coqtzitione
1057 2019 1132 2053 Ma:
1160 2019 1322 2052 contione
1347 2017 1380 2052 A
1408 2021 1444 2051 et
1459 2015 1631 2051 Pichena.

123 2124 292 2158 sulenten
324 2125 378 2158 ita
416 2125 669 2168 confirmavere
706 2131 838 2167 sortes,

122 2179 160 2207 ut
201 2172 367 2218 quidquid
405 2174 579 2219 coqiearet
618 2173 849 2218 volvereeqae‘

909 2125 975 2158 hoc
1012 2130 1117 2169 caput
1143 2123 1299 2158 Iudaeae
1326 2129 1387 2157 est.
1425 2122 1516 2156 haec
1543 2121 1570 2156 G
1598 2125 1633 2155 et

911 2173 1144 2207 Puteolanus.

124 2222 255 2263 antima,
280 2221 467 2266 quamlibet
485 2233 650 2267 maqmcm
665 2249 675 2264 ,
704 2223 742 2256 id
767 2234 840 2256 esse

121 2275 373 2315 proventurum
404 2269 672 2315 pollicerentur.
735 2270 839 2304 Conf.

124 2318 270 2363 imag,
318 2317 564 2362 Urqeschichte
597 2319 671 2352 und
698 2319 840 2363 Mylho-

124 2366 216 2412 logie
241 2366 304 2399 der
329 2365 518 2401 Philisazer
544 2378 577 2411 p.
604 2367 676 2402 285
696 2379 773 2412 sqq.

204 2426 309 2448 aram
345 2420 480 2449 tantum
523 2422 555 2449 et
586 2417 843 2449 reverentiam.-

125 2463 216 2498 haec
240 2463 383 2508 planius
409 2469 594 2508 exponunt
618 2464 714 2510 quod
738 2466 842 2498 nimis

125 2511 220 2547 nude
247 2513 400 2556 positum
434 2514 486 2547 sic
523 2513 703 2547 tradidere
726 2514 843 2547 maio-

125 2572 193 2594 res.
219 2559 275 2595 Cf.
305 2561 346 2594 H.
378 2561 407 2594 V
434 2561 468 2595 5.
499 2561 616 2595 Germ.
642 2562 677 2597 9.

198 2608 286 2652 Cap.
314 2608 371 2643 79.
423 2609 513 2643 haec
547 2610 702 2644 Iudaeae
738 2617 844 2656 caput

127 2662 198 2691 est.-
225 2656 434 2690 Caesaream
466 2663 572 2701 caput
597 2658 750 2692 Iudaeae
776 2670 843 2703 ap-

128 2704 289 2749 pellavit,
317 2703 412 2748 quod
429 2704 506 2738 illic
534 2705 639 2739 sedes
666 2708 756 2749 eius,
783 2708 843 2752 qui

128 2754 228 2798 genti
255 2756 464 2796 procurator
503 2755 728 2797 praepositus
755 2761 843 2789 erat.

127 2800 268 2835 ludaeis
316 2801 404 2844 ipsis
448 2800 698 2845 Hierosolyma
738 2809 845 2847 caput

129 2850 218 2884 i'uit:
246 2859 282 2882 v.
310 2848 351 2882 n.
383 2848 411 2882 V
434 2848 471 2883 8.
532 2848 683 2884 medicei
708 2850 774 2885 hoc
800 2863 845 2886 ex

128 2898 193 2932 bec
220 2899 303 2942 (pro
328 2896 394 2930 hec
419 2897 497 2931 sive
514 2897 622 2944 haec)
641 2904 843 2944 corruptum

129 2944 293 2982 videtur:
327 2933 472 2980 tolerari
509 2949 653 2991 posset,
692 2950 721 2980 si
749 2952 845 2982 esset

983 2224 1138 2266 quintum
1165 2232 1279 2254 nonas
1306 2219 1440 2253 Iulias.-
1482 2220 1631 2254 Sueton.

910 2271 953 2305 6:
994 2271 1112 2314 quinto
1147 2270 1225 2303 idus
1272 2268 1410 2309 Iulias,
1456 2267 1521 2301 sed
1555 2267 1633 2301 illic

910 2319 988 2351 idus
1014 2330 1059 2351 ex
1087 2317 1292 2361 corruptela
1317 2316 1455 2350 resedit
1480 2326 1543 2360 pro
1564 2327 1633 2349 no-

911 2379 989 2409 nas,
1017 2372 1095 2400 orta
1122 2378 1165 2400 ex
1193 2366 1391 2409 scripturae
1417 2364 1631 2410 compendio

913 2421 948 2449 et
974 2416 1093 2449 adiuta
1121 2416 1358 2459 subsequenti
1386 2423 1478 2448 voce
1506 2413 1631 2448 Iulias.

912 2465 1106 2498 Suetonius
1135 2465 1230 2498 enim
1256 2463 1414 2496 Tacitum
1441 2462 1519 2496 illic
1547 2463 1632 2495 imi-

912 2518 1006 2546 tatur
1032 2525 1074 2548 ac
1101 2524 1217 2557 paene
1244 2512 1440 2557 excripsit:
1477 2511 1632 2544 Tiberius

912 2562 1120 2596 Alexander
1141 2564 1343 2608 praefectus
1369 2560 1519 2605 Aeyyph‘
1550 2559 1632 2603 pri-

911 2622 986 2645 mns
1023 2613 1060 2644 in
1090 2611 1199 2644 verba
1234 2610 1442 2653 Vespasiani
1478 2608 1632 2651 legiones

913 2660 1030 2705 adegit
1057 2659 1218 2693 kalendis
1246 2657 1364 2698 Iuliis,
1400 2657 1459 2700 qui
1490 2655 1632 2700 priuci-

911 2714 1014 2753 patus
1041 2708 1115 2741 dies
1150 2708 1188 2740 in
1226 2711 1401 2751 posterum
1429 2703 1631 2736 observatus

914 2763 974 2790 est.
1003 2757 1170 2790 Iudaicus
1184 2753 1309 2787 deinde
1325 2752 1498 2785 exercitus
1513 2752 1632 2795 quinio

914 2805 991 2838 idus
1026 2804 1131 2848 (lege
1167 2812 1246 2836 cum
1274 2800 1459 2833 Torrentio
1496 2803 1630 2844 nonas)

915 2851 1027 2886 Iulias
1053 2851 1146 2896 apud
1171 2852 1281 2894 ipsum
1308 2849 1451 2882 iuravit.
1524 2846 1630 2881 conf.

914 2904 1035 2934 annot.
1064 2898 1107 2932 ad
1136 2897 1148 2931 1
1176 2899 1210 2931 5.

985 2948 1112 2993 impetn
1138 2945 1307 2981 ‚niliiumt
1350 2943 1395 2979 de
1427 2943 1495 2979 hoc
1522 2943 1631 2979 nimia
