1768 3216
160 231 235 270 1¹78
716 223 776 260 DE
807 224 926 263 ORAT
929 223 1033 261 0111ss
1042 223 1094 260 VS

168 344 204 387 si
235 344 360 387 modo
395 341 563 394 dignum
594 339 753 392 aliquid⁴
781 339 999 380 elaborare
1032 342 1073 379 et
1114 336 1284 379 efficere
1322 335 1477 389 velint,
1517 336 1654 381 relin-

163 418 324 471 quenda
357 414 622 456 conversatio
655 414 883 456 amicorum
914 417 954 455 et
982 411 1217 457 iucunditas
1245 410 1385 462 urbis,
1418 409 1653 456 deserenda

162 494 298 531 cetera
333 488 489 540 officia,
521 491 561 529 et
589 491 633 527 ut
662 487 741 540 ipsi
773 487 928 538 dicunt,
963 487 1004 527 in
1034 497 1208 526 nemora
1239 488 1279 525 et
1308 483 1441 536 lucos,
1471 483 1512 525 id
1534 483 1655 530 estin

160 563 440 614 solitudinem,
471 561 754 604 recedendum
784 565 858 602 est.
905 561 965 603 Ne
996 560 1135 614 opinio
1169 559 1335 613 quidem
1366 559 1559 611 etfama,
1588 557 1658 603 eui
1673 559 1727 598 10

128 636 241 681 ssoli
271 636 502 677 inserviunt
533 640 573 676 et
604 635 713 688 quod
744 647 867 675 unum
889 646 983 676 esse
1004 633 1179 686 pretium
1202 632 1359 677 laboris
1379 632 1445 677 sui
1462 631 1656 684 fatentur,

161 723 293 764 aeque
322 713 468 764 poetas
497 721 617 763 quam
642 713 830 751 oratores
860 709 1058 762 sequitur,
1093 708 1287 761 quoniam
1309 706 1534 752 mediocris
1549 708 1658 760 poi}—

161 789 225 827 tas
256 797 378 826 nemo
412 784 550 835 novit,
601 784 738 824 honos
783 783 917 837 pauci.
984 782 1158 832 Quando
1197 782 1306 823 enim
1350 781 1657 826 rarissimarum

160 859 452 904 recitationum
489 858 595 901 sama
636 858 677 899 in
709 862 834 899 totam
867 857 1010 898 urbem
1041 857 1266 910 penetrat?
1305 856 1458 900 nedum
1500 859 1545 899 ut
1583 866 1659 908 per

161 938 222 975 tot
257 933 494 987 provincias
520 933 766 976 innotescat.
829 933 986 982 Quotus
1020 931 1217 985 quisque,
1251 943 1344 972 cum
1376 943 1429 974 ex
1459 929 1657 984 Hispania

109 1007 227 1051 novel
258 1006 383 1060 Asia,
417 1019 470 1048 ne
502 1006 597 1059 quid
634 1006 685 1046 de
718 1006 843 1048 Gallis
873 1006 1028 1047 nostris
1059 1005 1231 1058 loquar,
1278 1004 1321 1045 in
1349 1004 1494 1046 urbem
1525 1003 1654 1055 venit,

160 1080 340 1123 Saleium
365 1080 536 1122 Bassum
567 1080 774 1133 requirit?
842 1079 977 1133 Atque
1017 1079 1122 1122 adeo
1162 1079 1198 1120 si
1242 1078 1333 1132 quis
1375 1078 1573 1131 requirit,
1614 1081 1658 1119 ut

160 1154 289 1196 semel
319 1154 442 1205 vidit,
482 1154 628 1194 transit
660 1158 700 1193 et
732 1157 950 1194 contentus
983 1156 1067 1204 est,
1107 1156 1151 1193 ut
1182 1152 1217 1193 si
1248 1151 1451 1204 picturam
1477 1151 1656 1204 aliquam

158 1227 226 1269 vel
258 1232 431 1270 statuam
462 1227 649 1269 vidisset.
702 1227 846 1280 Neque
876 1227 986 1270 hunc
1018 1238 1154 1268 meum
1181 1237 1418 1269 sermonem
1441 1225 1504 1267 sic
1522 1224 1657 1278 aooipi

256 1352 290 1386 3.
320 1357 352 1385 et
377 1357 414 1385 ut
440 1351 482 1384 P:
510 1358 611 1397 utque
640 1351 816 1385 editiones
846 1352 1026 1396 antiquae.
1150 1351 1183 1385 5.
1212 1350 1408 1384 inserviunt
1433 1371 1477 1378 -—
1505 1350 1659 1394 sequitur

162 1399 301 1433 editor:
332 1399 356 1432 P
381 1401 539 1434 seruiunt
570 1421 614 1426 -—
645 1400 850 1444 insequilm·.
877 1400 1030 1444 sequitur
1059 1400 1167 1433 etiam
1195 1399 1231 1432 in
1259 1397 1476 1432 editionibus
1503 1398 1658 1444 antiquis

163 1452 216 1490 et,
251 1449 280 1481 si
313 1447 526 1482 credendum
553 1449 697 1482 silentio
716 1475 724 1491 ,
752 1447 791 1482 F.
947 1447 1104 1493 precium
1140 1447 1271 1481 laboris
1295 1446 1336 1480 Ρτ
1363 1448 1514 1492 pretium
1539 1456 1656 1488 omnes

163 1495 294 1529 laboris
320 1495 358 1529 F.
435 1496 468 1530 6.
499 1499 624 1543 aeque]
654 1503 755 1541 atque
781 1495 857 1529 FP:
887 1496 1042 1529 correxit
1068 1495 1296 1529 Puteolanus.
1379 1494 1564 1531 mediocris
1590 1493 1656 1536 FP,

163 1554 234 1577 non
260 1545 464 1578 mediocres.
562 1545 596 1579 8.
624 1546 750 1579 nedum
777 1544 821 1578 P:
850 1544 877 1577 F
905 1544 1064 1579 medium.
1173 1545 1227 1579 10.
1258 1542 1383 1587 loquar
1407 1541 1485 1576 FP:
1514 1542 1577 1576 alii
1602 1541 1657 1575 lo-.

163 1603 321 1636 quamur.
402 1594 456 1627 11.
485 1593 662 1627 Salei-ium
688 1593 724 1636 1‘,
752 1592 877 1627 Saltim
892 1592 930 1626 F.
1009 1599 1045 1627 ut
1071 1591 1176 1626 semel
1199 1591 1404 1626 Acidalius:
1432 1590 1456 1624 P
1486 1602 1565 1625 cum
1593 1601 1657 1624 ce-

161 1642 246 1675 teris
274 1647 305 1675 et
333 1641 447 1675 semel.

163 1745 217 1774 est
260 1751 381 1774 eorum
425 1751 515 1785 quae
549 1745 745 1785 sequuntur
780 1752 878 1775 suum
943 1741 1118 1784 sequitur:
1146 1740 1182 1773 in
1207 1739 1297 1773 libro
1329 1738 1538 1774 Germanico
1564 1737 1658 1777 unde

160 1791 299 1833 yenium
323 1790 530 1834 propitiare,
569 1789 722 1822 ubertati
760 1795 875 1823 tamen
945 1788 1144 1831 descriptus
1170 1792 1223 1821 est
1248 1787 1284 1829 P,
1312 1791 1372 1824 aut
1398 1787 1433 1821 in
1462 1785 1657 1831 exemplari

160 1837 309 1871 Materni
350 1848 368 1870 a
406 1837 525 1870 Tacito
565 1838 763 1871 imitatione
811 1849 877 1871 ex-
946 1836 1043 1870 illius
1072 1836 1161 1870 haec
1187 1835 1296 1869 verba
1321 1836 1369 1868 ita
1393 1835 1524 1879 scripta
1545 1835 1658 1869 fuisse

161 1895 306 1928 pressae
335 1886 515 1927 convenit,
544 1890 581 1918 ut
608 1885 699 1919 idem
726 1887 874 1930 primuni

161 1933 369 1978 vulgaribus
416 1933 536 1967 verbis
584 1944 625 1967 ac
673 1939 745 1966 tum
783 1944 875 1967 nova

161 1982 299 2014 ratione
326 1986 360 2014 et
386 1982 564 2025 exquisita
591 1982 803 2024 proferatur.

225 2052 441 2084 conversatio
460 2052 670 2086 amicorum:
691 2052 736 2085 cf.
755 2057 874 2085 annot.

164 2097 206 2131 ad
233 2098 277 2132 lv
303 2098 360 2132 69.

235 2168 274 2202 in
305 2179 452 2202 nemora
487 2175 518 2202 et
552 2168 648 2201 lucos
690 2189 735 2194 --
774 2181 876 2201 rece-

166 2216 333 2250 dendum:
369 2227 514 2249 nemora
553 2222 634 2249 sunt
663 2216 742 2250 loca
768 2217 875 2250 arbo-

166 2263 263 2297 ribus
281 2269 314 2297 et
329 2264 420 2297 silva
439 2265 601 2306 consita3
630 2264 777 2308 perinde
793 2265 874 2307 luci,

166 2312 229 2345 sed
260 2312 296 2345 hi
329 2312 539 2357 plerumque
566 2322 668 2346 sacro
696 2313 774 2345 usui
810 2313 876 2346 de-

164 2361 296 2394 stinati.
325 2361 468 2404 Respici
496 2360 585 2394 haec
601 2360 710 2394 verba
727 2360 875 2394 aPlinio

163 2407 276 2451 Epist.
306 2409 351 2442 lX
382 2410 436 2450 10,
465 2413 499 2442 et
526 2409 609 2453 quid
636 2409 719 2442 inde
743 2419 875 2453 sequa-

164 2461 232 2498 tur,
254 2458 426 2489 monitum
455 2458 490 2489 in
517 2457 704 2490 Prooemio
732 2468 761 2491 c.
791 2458 811 2491 5
841 2468 874 2500 p.

163 2503 238 2537 X11.
280 2503 420 2537 Tacitus
458 2505 539 2537 dum
581 2504 703 2537 scribit
739 2511 775 2538 ut
810 2506 877 2549 ipsi

163 2552 299 2594 dicunt,
331 2552 447 2585 animo
475 2552 731 2585 obversabatur
759 2553 877 2586 Hora-

161 2601 294 2632 tianum
322 2599 411 2632 illud
438 2600 570 2644 (Epist.
590 2599 755 2645 11277):
782 2602 875 2634 scri-

158 2653 296 2692 ptorum
324 2648 449 2681 chorus
484 2649 593 2681 onmis
628 2654 722 2680 amat
757 2659 876 2681 nemus

163 2702 196 2729 et
220 2697 310 2740 sugit
343 2695 462 2738 nrbes,
496 2697 564 2729 rite
600 2695 708 2729 cliens
744 2696 877 2729 Bacchi

163 2755 282 2776 somno
309 2744 493 2788 gaudentis
521 2750 552 2777 et
567 2744 703 2777 umbra.
729 2743 795 2776 Pro
813 2755 874 2776 re-

165 2792 354 2825 cedendum
384 2791 547 2826 Schelius
586 2791 743 2825 coniecit
774 2803 874 2825 sece-

164 2840 334 2881 dendum;
366 2840 401 2872 cf
427 2845 547 2873 annot.
575 2839 616 2873 ad
642 2839 683 2873 Η.
711 2839 726 2873 1
758 2840 811 2874 10.

234 2935 320 2980 Cap.
351 2936 407 2970 10.
438 2937 494 2970 cm·
520 2936 587 2971 soli
610 2936 806 2973 inserviunt
830 2956 873 2965 -

947 1885 1114 1926 coniicio,
1145 1889 1183 1917 ut
1208 1894 1298 1917 unus
1327 1894 1451 1917 versus
1481 1883 1658 1927 inciperet

945 1943 964 1965 a
992 1943 1026 1967 v.
1052 1933 1266 1974 inserviunt,
1304 1931 1396 1966 alter
1433 1942 1453 1967 a
1489 1931 1654 1976 sequitur,

945 1991 1014 2024 quo
1061 1981 1192 2014 factum
1238 1985 1276 2012 ut
1316 1979 1498 2024 proximus
1541 1978 1658 2019 scriba

944 2028 1246 2071 praepositionem
1284 2029 1323 2062 in
1361 2027 1470 2061 verbo
1505 2028 1659 2071 sequitur

943 2086 1052 2118 prave
1083 2075 1302 2119 applicaret,
1331 2077 1368 2108 in
1396 2075 1515 2118 priore
1539 2076 1658 2108 inser-

943 2125 1040 2156 viunt
1069 2122 1218 2156 eandem
1245 2123 1436 2156 omitteret.
1473 2122 1563 2156 Hinc
1588 2122 1657 2156 duo

944 2173 1031 2204 vitia
1056 2176 1138 2204 nata
1164 2175 1257 2204 sunt.
1308 2170 1395 2204 Nam
1421 2171 1571 2215 primurn
1597 2171 1658 2203 in·-

943 2221 1096 2263 seqnitur
1134 2228 1196 2262 pro
1233 2219 1388 2263 sequitur
1429 2228 1499 2252 non
1538 2222 1658 2265 aptum

945 2273 998 2301 est
1029 2269 1171 2310 ceteris,
1198 2277 1276 2301 eum
1306 2267 1341 2300 id
1366 2266 1460 2311 qnod
1489 2265 1524 2300 h.
1549 2265 1574 2301 l.
1596 2276 1657 2300 se-

945 2317 1003 2360 qui
1034 2315 1184 2358 dicitur,
1225 2319 1362 2360 gratum
1393 2315 1439 2348 sit
1464 2319 1499 2348 et
1523 2315 1654 2348 iucun-

944 2364 1037 2406 duni,
1065 2364 1200 2408 insequi
1225 2368 1342 2397 autem
1359 2362 1491 2396 hostile
1508 2362 1656 2408 aliquid,

945 2417 1042 2445 certe
1076 2412 1264 2446 molestum
1301 2416 1336 2444 et
1371 2410 1558 2445 adversum
1591 2410 1657 2449 (le-

942 2466 1055 2493 notet.
1082 2460 1166 2493 'l'um
1193 2460 1386 2501 inservire,
1415 2469 1484 2492 non
1511 2459 1656 2501 servire,

943 2507 1082 2541 Tacitus
1114 2507 1199 2541 alibi
1228 2511 1263 2540 et
1288 2507 1324 2539 in
1353 2506 1422 2541 hoc
1459 2508 1538 2550 ipso
1563 2516 1656 2551 opu-

944 2555 1044 2589 sculo
1072 2557 1123 2599 (c.
1151 2554 1214 2599 28)
1243 2559 1447 2589 constanter
1472 2554 1583 2596 dixit,
1626 2555 1656 2588 si

945 2604 1155 2650 diligentem
1181 2612 1324 2646 operam
1358 2603 1571 2646 insumptam
1596 2603 1656 2636 in..

944 2652 1054 2685 dicari
1081 2651 1216 2694 voluit;
1244 2661 1277 2685 v.
1307 2655 1425 2687 annot.
1459 2650 1503 2684 ad
1519 2649 1595 2685 x111
1619 2650 1654 2685 8.

1003 2722 1266 2755 rarissimarum
1285 2722 1528 2755 recitationum
1544 2732 1554 2753 .·
1585 2730 1656 2754 non

943 2769 1111 2815 vulgares
1139 2768 1224 2803 dicit
1240 2770 1484 2811 recitationes,
1513 2768 1578 2804 sed
1595 2778 1655 2802 eas

944 2828 1034 2862 quae
1060 2828 1203 2862 perraro
1231 2816 1436 2860 audiantur,
1465 2816 1500 2854 li.
1531 2828 1561 2851 e.
1589 2816 1654 2850 ad-

943 2865 1083 2899 modum
1115 2866 1321 2911 exquisitas.

1015 2947 1059 2971 ne
1082 2936 1163 2982 quid
1180 2936 1222 2970 de
1236 2936 1347 2972 Gallis
1364 2935 1494 2971 nostris
1508 2935 1654 2982 loquar-¹
