1768 3216
700 186 1047 226 ANNOTATIONIS.

135 297 240 336 finire
261 311 447 337 numerum
470 302 664 339 liberorum
692 305 721 340 G
749 307 803 341 19.

132 359 214 395 finis
238 363 346 408 aequi
371 362 459 397 iuris
482 362 506 397 3
532 364 589 399 27.
626 365 720 410 apud
749 366 856 401 finem

182 419 355 468 Ligurum
381 427 417 458 et
440 423 534 468 apud
558 423 649 460 fines
679 426 722 461 16
754 427 808 461 15.

127 480 269 518 firmare
294 483 327 517 A
356 483 400 517 14
425 489 462 518 et
486 485 546 520 35.

134 541 243 578 fiscus
271 543 476 590 significatu
501 543 609 579 latius
647 550 792 589 patente
818 546 847 580 fl

183 603 200 637 1
228 602 288 639 90.

129 661 267 710 flagitia
291 668 328 699 et
352 664 493 699 seelera
517 665 546 699 G
576 667 631 701 12.

126 722 401 771 flagrantissima
424 724 562 771 flagitia
590 725 634 759 14
661 726 719 760 51.

129 783 282 831 flagrare
306 785 345 820 vi
368 786 488 820 activa
511 786 535 821 3
560 785 619 820 54.

126 843 302 879 Flaminia
326 845 388 880 via
414 845 445 880 Η
470 846 492 879 2
516 845 576 881 64.

126 903 357 940 dammandus
371 906 396 940 i.
417 916 454 940 e.
475 905 714 954 φλεγόμενος
732 906 775 940 15
793 905 851 941 44.

126 962 326 1000 Flavianus
359 964 599 1012 (Tamphilus)
634 966 751 1000 obviis
777 966 850 1000 Ve-

179 1025 338 1070 spasiani
374 1024 507 1060 litteris
547 1025 743 1060 discrimini
784 1037 851 1061 ex-

174 1089 314 1130 emptus
344 1090 398 1120 est
425 1087 455 1121 H
481 1087 506 1121 3
542 1085 598 1120 10.

126 1143 243 1180 Flavii
277 1145 401 1181 Sabini
437 1145 507 1180 dno
542 1145 755 1191 plerumque
786 1156 851 1191 per

183 1214 341 1240 errorem
366 1206 404 1239 in
429 1216 537 1239 unum
564 1205 675 1239 habiti
700 1206 729 1239 Η
746 1207 770 1241 2
793 1207 852 1242 36.

129 1265 280 1301 Flevum
307 1265 495 1300 castellum
521 1265 582 1299 ubi
613 1267 718 1300 situm
743 1266 768 1302 4
793 1267 851 1302 72.

130 1324 246 1361 flexus
271 1327 431 1361 autumni
456 1326 485 1360 Η
514 1327 536 1361 5
564 1326 623 1361 23.

128 1384 271 1420 fluitans
296 1385 495 1432 labansqne
519 1385 623 1420 miles
649 1387 681 1420 H
707 1387 729 1421 5
758 1386 814 1422 18.

131 1445 258 1482 fodere
282 1455 358 1491 ora,
384 1456 458 1480 non
482 1445 630 1481 foedare
652 1447 685 1480 A
709 1447 768 1482 36.

127 1506 276 1542 foedera
301 1512 338 1542 et
362 1508 546 1542 civitatem
562 1507 754 1542 Romanam
769 1508 846 1552 pri-

173 1565 253 1602 dem
280 1566 441 1601 adsecuti
469 1568 512 1601 11
538 1566 597 1601 23.

126 1626 254 1661 foedus
278 1626 418 1671 facere,
443 1627 588 1670 iacere,
616 1627 713 1661 icere
744 1627 784 1660 11
811 1626 845 1662 9.

129 1686 283 1721 formido
309 1691 346 1721 et
370 1692 486 1721 metus
516 1687 543 1721 H
574 1690 591 1721 1
619 1686 677 1721 29.

126 1747 279 1782 formido
299 1748 323 1783 i.
352 1759 386 1783 e.
408 1758 468 1782 res
492 1747 728 1782 formidabilis
746 1746 847 1783 (343.

127 1807 171 1842 de
197 1807 351 1842 formula
382 1812 418 1843 et
442 1807 633 1842 interdicto
663 1807 692 1843 Ο
714 1807 775 1842 37.

128 1867 223 1903 forte
248 1869 336 1903 victi
364 1868 392 1902 H
420 1868 443 1903 3
473 1869 528 1903 18.

125 1928 294 1963 fortuitus
321 1928 347 1963 i.
373 1939 406 1963 e.
433 1927 534 1962 nulla
576 1927 758 1962 hominum
794 1938 855 1961 ra-

173 1989 272 2023 tione
291 1989 479 2034 praevisus
507 1989 536 2023 H
552 1990 568 2022 1
596 1989 631 2022 4.
661 1987 847 2022 fortuitum

173 2054 212 2084 et
234 2048 390 2084 subitum
419 2048 448 2083 G
475 2050 531 2083 ll.

131 2109 274 2144 fortuna
300 2113 427 2154 captae
451 2107 562 2151 urbis,
587 2117 659 2142 non
686 2108 850 2142 fortunae

182 2169 211 2203 Η
237 2170 261 2202 4
288 2170 320 2202 1.
345 2179 454 2213 super
479 2168 656 2202 fortunam
684 2168 712 2202 Η
744 2169 765 2203 5
799 2170 827 2202 1.

125 2228 305 2263 Fortunae
330 2229 509 2272 equestris
547 2227 718 2271 templum
751 2227 848 2261 urbis

171 2289 267 2322 inter
303 2297 432 2320 annum
464 2297 500 2320 u.
528 2285 599 2321 662
626 2290 662 2320 et
688 2286 757 2321 775
783 2285 850 2319 de-

174 2346 286 2382 letum
317 2350 371 2380 est
395 2345 419 2379 3
443 2346 501 2380 71.

126 2405 363 2442 Fortunarum
398 2415 559 2440 sororum
594 2403 712 2438 cultus
742 2404 851 2437 Antio

178 2467 217 2501 in
241 2466 364 2500 urbem
390 2464 582 2499 translatus
612 2465 654 2499 15
680 2464 739 2499 23.

901 307 1022 354 frangi
1052 312 1089 342 et
1113 308 1229 343 obteri
1255 309 1286 344 11
1310 309 1335 344 4
1359 310 1418 347 76.

905 367 1001 402 fraus
1027 367 1187 402 locorum
1217 369 1260 403 12
1284 369 1342 405 33.

907 426 1076 473 frequens
1100 428 1235 474 ubique
1261 429 1294 463 A
1320 430 1378 464 37.

899 487 1118 534 frequentari
1148 489 1183 523 b.
1215 500 1248 524 e.
1284 489 1465 536 frequenti
1499 489 1621 527 honi-

944 558 1028 582 num
1053 550 1157 594 copia
1183 549 1358 584 celebrari
1384 551 1407 586 5
1435 552 1491 587 10.

904 607 1017 642 fretus
1043 610 1081 642 in
1105 609 1223 644 fratris
1249 616 1450 656 corruptum
1474 612 1498 647 3
1523 612 1582 648 24.

901 666 1096 703 Frontinus
1121 671 1275 715 scriptor
1299 670 1329 704 Η
1353 671 1377 706 4
1399 671 1459 707 39.
1498 673 1531 707 A
1560 673 1637 708 17.-

900 726 1068 762 frumenti
1097 729 1268 764 militibus
1303 732 1382 766 sine
1407 733 1523 777 pretio
1546 733 1619 768 dati

955 788 1079 822 modus
1104 795 1230 824 auctus
1258 791 1300 825 15
1330 792 1388 827 72.

908 847 1079 883 Fucinum
1109 849 1225 885 lacum
1252 851 1289 885 in
1309 851 1415 886 Lirim
1432 853 1620 890 effundens

952 910 1176 953 emissarius,
1210 910 1311 946 multi
1349 911 1482 947 laboris
1516 924 1619 959 opus,

953 969 996 1002 12
1022 969 1080 1004 56.

901 1027 1013 1063 fuisse
1045 1034 1083 1063 et
1116 1029 1261 1065 fuerunt
1285 1033 1507 1078 cogitatione
1530 1044 1619 1080 sup-

950 1087 1119 1132 plendum
1145 1090 1174 1124 fl
1199 1090 1223 1124 3
1248 1091 1306 1125 22.

899 1147 999 1182 fundi
1025 1159 1089 1194 pro
1113 1151 1224 1184 sterni
1253 1151 1284 1185 H
1309 1154 1334 1187 4
1359 1151 1417 1186 33.

901 1207 1005 1254 fungi
1040 1220 1119 1244 cum
1156 1211 1361 1247 accusativo
1398 1216 1434 1246 ct
1460 1212 1620 1248 ablativo

949 1269 972 1303 3
996 1269 1031 1304 2.

901 1387 1117 1422 Gabinianus
1144 1387 1268 1423 rhetor
1292 1389 1321 1425 Ο
1349 1391 1408 1426 26.

900 1446 1007 1482 Gaius
1033 1452 1069 1482 et
1095 1447 1225 1482 Lucius
1250 1450 1432 1496 Agrippae
1470 1451 1515 1485 ab
1538 1451 1616 1486 Au-

946 1512 1051 1553 gusto
1084 1508 1242 1554 adoptati
1279 1513 1295 1544 1
1323 1510 1362 1545 3.
1399 1516 1514 1545 morte
1549 1512 1615 1546 ab·

942 1567 1035 1611 repti
1058 1567 1144 1601 ibid.

898 1625 1030 1662 Galbae
1055 1628 1226 1672 principis
1251 1629 1394 1663 nomina
1420 1629 1443 1664 6
1466 1631 1522 1666 15.
1549 1630 1618 1665 ob-

940 1687 1068 1721 noxius
1093 1692 1169 1722 erat
1196 1688 1315 1731 Vinio,
1342 1688 1488 1733 Laconi,
1515 1689 1613 1725 Icelo

947 1749 975 1782 H
1001 1750 1015 1782 1
1037 1748 1071 1783 6.
1099 1749 1135 1782 in
1150 1748 1272 1783 urbem
1290 1750 1496 1795 ingrediens
1519 1750 1615 1784 elas-

945 1807 1072 1842 siarios
1098 1808 1289 1843 trucidavit
1324 1809 1409 1843 ibid.
1444 1811 1614 1845 orationis

947 1869 1023 1902 eius
1046 1868 1093 1902 ad
1118 1868 1283 1903 Pisonem
1313 1869 1454 1904 indoles
1469 1870 1531 1904 111
1556 1871 1613 1906 15.

906 1927 1019 1962 Gallia
1046 1929 1230 1972 provincia
1255 1928 1485 1973 stipendiaria
1515 1930 1532 1963 1
1557 1930 1618 1965 31.

946 1987 1060 2022 Gallia
1093 1987 1239 2022 Comata
1276 1989 1458 2023 civitatem
1484 1989 1619 2023 Roma-

935 2036 1025 2082 'nam
1051 2049 1191 2092 accepit
1219 2048 1258 2081 11
1287 2048 1345 2084 23.
1379 2049 1405 2082 Η
1438 2050 1454 2082 1
1481 2048 1516 2083 8.

899 2106 992 2141 Galli
1013 2117 1128 2152 aeque
1153 2118 1195 2141 ac
1210 2107 1374 2141 Germani
1390 2108 1503 2151 spatia
1526 2112 1619 2142 tem·-

948 2177 1073 2211 porum
1097 2167 1253 2200 noctium
1280 2176 1426 2200 numero
1446 2166 1618 2200 finiebant

946 2226 974 2259 G
1002 2229 1055 2260 11.
1103 2236 1224 2260 eorum
1266 2226 1391 2260 funera
1429 2226 1617 2271 magnilica

948 2284 975 2318 G
1000 2285 1058 2319 27.

882 2343 990 2390 'Galli
1018 2344 1054 2377 in
1087 2343 1310 2378 Germaniam
1348 2344 1559 2389 transgressi
1588 2342 1616 2379 G

899 2403 1056 2508 gaddera
1081 2472 1144 2507 pro
1170 2462 1355 2507 possidere
1380 2461 1410 2497 G
1435 2463 1469 2497 5.

128 2527 245 2562 forum
269 2526 440 2560 Boarium
466 2525 525 2559 ubi
552 2525 657 2559 situm
685 2528 720 2558 et
748 2523 842 2556 unde
891 2532 981 2568 gaza
1010 2522 1112 2568 regia
1142 2521 1184 2556 16
1210 2523 1244 2558 3.

174 2586 392 2632 appellatum
419 2586 465 2619 sit
496 2585 537 2618 12
564 2583 623 2619 24.

133 2647 229 2681 fossa
257 2645 471 2680 Corbulonis
497 2644 658 2678 Rhenum
692 2643 784 2677 inter
811 2647 846 2676 et

170 2706 303 2741 Mosam
330 2705 390 2739 ubi
418 2709 452 2738 et
478 2713 548 2749 quo
578 2701 732 2736 consilio
751 2701 845 2736 facta

172 2769 212 2801 11
240 2766 299 2801 20.
325 2764 477 2799 Neronis
492 2763 536 2797 ab
549 2765 693 2797 Averno
710 2761 845 2796 Ostiam

170 2835 284 2871 usque
313 2825 356 2859 15
382 2825 441 2858 42.

121 2886 278 2923 frameae
296 2890 332 2923 et
350 2884 474 2921 hastae
491 2883 746 2920 Germanorum
764 2880 792 2918 G
809 2880 844 2917 6.

892 2582 1064 2628 geminati
1100 2581 1305 2616 consulatus
1320 2608 1330 2624 ‚

1384 2581 1419 2615 h.
1463 2591 1494 2614 e.
1543 2579 1612 2614 duo

945 2641 1151 2676 consulatus
1178 2641 1335 2675 continui
1368 2641 1382 2673 1
1407 2640 1441 2674 3.

896 2701 1088 2735 Gemoniae
1113 2701 1136 2735 3
1170 2699 1223 2734 14.

896 2761 1093 2794 Genetricis
1109 2759 1259 2794 Veneris
1285 2756 1454 2801 templum
1484 2755 1528 2790 ¹6
1552 2755 1611 2791 27.

891 2819 1087 2866 genitalem
1111 2818 1234 2852 horam
1260 2817 1478 2861 comperisse
1502 2813 1527 2850 6
1550 2814 1609 2849 21.

896 2880 1077 2928 genitivus
1104 2888 1246 2916 causam
1278 2875 1414 2914 indicat
1442 2877 1458 2911 1
1492 2873 1549 2912 78.
1576 2874 1610 2913 Η
