1768 3216
712 213 1054 252 ANNOTATIOMS.

143 330 418 368 Chasuariornm
433 331 538 366 sedes
550 331 776 367 Ptolemaeus
793 332 865 367 mi-

189 402 256 427 nus
280 403 371 427 vere
402 392 538 427 indicat
565 392 594 427 G
617 390 677 428 34.

142 452 266 488 Chatti
292 463 313 487 a
340 451 554 487 Germanico
592 452 686 487 uude
711 453 814 498 petiti
845 454 862 487 1

187 513 246 551 56.
274 512 441 559 permulti
466 522 589 547 eorum
615 514 748 548 crinem
774 513 860 547 bar-

187 573 339 619 bamque
375 573 584 608 submissam
633 579 669 608 et
712 573 860 608 anulum

185 633 341 668 ferreum
365 644 480 680 usque
509 634 697 681 gestabant
722 635 750 669 G
776 636 835 670 31.

137 692 273 729 Chauci
298 695 452 729 maiores
477 699 513 729 et
537 696 694 729 minores
712 694 772 728 ubi
791 704 858 729 co-

183 752 318 787 luerint
348 755 389 788 11
420 754 474 789 19.
502 754 531 788 G
553 755 612 789 35.
646 764 768 788 eorum
784 754 856 788 mi-

185 823 265 847 sera
295 813 476 848 domicilia
505 814 533 848 G
558 814 618 848 35.

136 872 330 907 Christiani
360 883 426 918 per
447 873 583 919 flagitia
600 874 721 917 invisi,
751 874 855 908 aNe-

182 943 271 967 rone
298 933 375 979 igni
403 934 619 967 concremati
647 934 689 968 15
714 933 772 967 44.

136 991 348 1027 Ciceronem
385 991 528 1026 Tacitus
564 993 713 1037 respicit
746 991 772 1027 4
796 992 855 1026 33.

183 1051 212 1088 0
237 1052 297 1089 23.
339 1052 497 1086 imitatur
523 1053 553 1087 H
577 1055 602 1087 4
630 1050 689 1086 42.
737 1052 769 1086 Α
792 1052 852 1086 45.

182 1111 634 1147 02et5et18et26
667 1116 703 1146 et
739 1111 786 1146 28
821 1115 857 1146 et

182 1171 231 1207 30
257 1175 294 1206 et
321 1172 366 1207 31
397 1176 433 1206 et
458 1172 504 1206 32
537 1177 573 1206 et
598 1171 646 1205 34
670 1176 705 1204 et
730 1171 789 1206 35.

134 1231 262 1267 Cilicia
286 1231 444 1266 Trachea
476 1231 655 1266 Archelao
695 1231 858 1266 subiecta

183 1292 207 1328 6
230 1291 291 1327 41.

133 1351 357 1388 Cimbrorum
388 1352 492 1387 sedes
532 1363 574 1386 ac
607 1352 782 1388 victoriae
826 1353 854 1388 G

182 1413 241 1448 37.

131 1472 368 1508 Cinithiorum
396 1472 500 1507 sedes
526 1474 549 1509 2
578 1473 636 1508 52.

139 1534 235 1568 circa
276 1532 451 1576 Tiberim,
504 1542 575 1566 nou
613 1533 664 1567 cis
703 1532 856 1567 Tiberim

182 1593 409 1628 scribendum
436 1597 490 1627 est
517 1593 559 1627 12
586 1593 643 1628 56.

135 1654 411 1698 circumspicere
437 1653 533 1687 vires
559 1663 639 1686 suas
669 1653 698 1686 H
724 1653 746 1686 2
775 1652 810 1687 6.

132 1715 184 1749 cis
203 1714 355 1757 Vettios,
382 1714 432 1747 cis
454 1712 610 1747 Plautios
630 1712 853 1747 dissimulare

179 1775 220 1808 11
249 1774 309 1809 30.

129 1835 224 1870 citae
252 1834 439 1880 legiones,
474 1834 567 1868 citae
593 1833 759 1868 cohortes
785 1843 848 1867 so-

177 1894 288 1929 ciales
317 1893 360 1929 14
387 1894 446 1929 26.
474 1895 565 1928 citus
593 1904 709 1928 sermo
725 1898 761 1928 et
774 1895 848 1927 sci-

175 1959 232 1988 tus
262 1955 291 1989 H
321 1956 338 1989 1
365 1955 423 1989 53.

130 2015 240 2050 civile
265 2014 401 2049 bellum
425 2014 491 2050 sub
514 2013 662 2049 Claudio
687 2014 851 2059 principe

182 2075 224 2109 13
249 2073 309 2109 43.

129 2134 258 2170 Civilis
285 2145 416 2169 nomen
443 2134 567 2178 Iulius,
592 2144 663 2168 non
682 2133 850 2168 Claudius

175 2196 203 2229 H
234 2196 259 2229 4
291 2195 346 2229 13.

128 2254 238 2290 cladis
267 2253 442 2288 Varianae
468 2253 569 2288 locus
602 2256 615 2288 1
644 2254 703 2289 60.

127 2314 266 2349 Clarius
293 2313 424 2358 Apollo
450 2314 469 2346 2
498 2312 556 2348 54.

127 2374 316 2408 classicum
342 2383 471 2407 canere
501 2372 523 2405 2
547 2373 605 2406 32.

129 2434 234 2470 classi
261 2433 518 2468 faces‘inferre
545 2443 589 2466 an
617 2431 741 2466 classis
769 2430 797 2464 H
822 2431 844 2463 3

173 2495 232 2529 47.

126 2554 299 2589 Claudiae
325 2559 452 2599 gentes
473 2553 575 2595 duae,
602 2563 671 2586 una
690 2552 849 2595 patricia,

175 2613 287 2648 altera
314 2612 457 2658 plebeia
490 2613 530 2646 12
559 2612 615 2646 25.

133 2672 350 2707 Claudianae
378 2672 542 2717 legiones
570 2670 674 2713 duae,
701 2669 851 2713 septima

176 2738 211 2767 et
236 2733 423 2767 undecima
449 2731 477 2765 H
507 2731 528 2764 2
556 2730 614 2765 85.

125 2792 294 2828 Claudius
319 2803 340 2826 a
366 2790 555 2826 Messalina
588 2789 760 2833 deceptus
800 2790 841 2823 11

124 2864 127 2865 ⁷
172 2853 231 2889 36.
258 2853 336 2888 eius
361 2851 580 2897 principatus
599 2848 681 2884 inde
697 2859 718 2882 a
733 2848 842 2882 caede

176 2911 389 2949 Messalinae
414 2920 540 2948 versus
568 2911 611 2947 12
639 2911 671 2945 1.
715 2918 843 2943 uxores

964 335 1047 367 ante
1075 331 1300 367 Messalinam
1329 331 1372 368 12
1399 332 1435 368 2.
1478 335 1556 369 eius
1581 334 1631 369 li-

966 392 1135 428 beralitas
1172 403 1259 439 erga
1299 391 1450 429 ilienses
1489 394 1534 429 12
1569 395 1628 432 58.

962 453 1111 488 libertos
1135 453 1276 499 sibique
1295 458 1331 488 et
1355 453 1497 501 legibus
1515 454 1626 491 adae-

952 514 1084 559 quavit
1126 514 1170 548 12
1203 513 1263 548 60.
1318 514 1353 549 ei
1385 513 1555 559 templum
1589 514 1627 550 in

959 573 1142 608 Britannia
1170 574 1411 619 constitutum,
1436 580 1472 610 et
1497 574 1628 612 delecti

963 645 1008 669 ex
1032 634 1313 679 provincialibus
1334 636 1457 681 specie
1474 637 1629 684 religio-

954 695 1010 728 nis
1030 695 1189 729 fortunas
1215 705 1298 730 suas
1323 695 1507 731 effundere
1538 697 1627 731 ada·

955 754 1003 788 cti
1034 755 1078 789 14
1102 755 1162 789 31.

909 813 1077 848 Claudius
1090 814 1255 857 Senecio,
1271 823 1342 848 non
1352 812 1488 848 Tullius
1508 815 1550 850 15
1565 814 1624 850 50.

905 873 1099 907 clavarium
1130 874 1156 907 H
1185 874 1208 908 3
1232 874 1290 910 50.

904 932 1050 967 Clodius
1085 934 1200 968 Macer
1234 933 1374 980 legatus
1413 934 1623 978 praetorius.

954 992 991 1025 in
1016 991 1151 1036 Africa,
1176 1003 1248 1026 non
1273 997 1480 1037 propraetor
1497 993 1526 1027 H
1546 994 1564 1028 1
1588 993 1622 1029 7.

904 1050 1083 1086 Clutorius
1110 1062 1242 1096 pravae
1263 1052 1512 1097 pronuntiandi
1534 1063 1624 1088 con-

951 1112 1132 1146 suetudini
1180 1113 1357 1159 originem
1406 1111 1513 1146 debet
1559 1121 1622 1156 pro

960 1171 1106 1206 Lutorio
1130 1172 1154 1206 3
1178 1172 1227 1207 49
1258 1176 1295 1206 et
1319 1171 1378 1206 5¹.
1617 1176 1620 1179 '

908 1229 1027 1265 Cluvii
1056 1231 1138 1274 duo,
1164 1241 1256 1265 unus
1278 1230 1444 1266 facundia
1459 1231 1623 1277 insignis,

954 1292 1044 1326 alter
1070 1291 1240 1325 historiae
1268 1292 1421 1336 scriptor
1447 1290 1490 1325 13
1515 1291 1574 1326 20.

908 1357 1094 1387 coactores
1118 1352 1271 1398 agminis
1295 1353 1317 1386 2
1345 1351 1405 1386 68.

902 1412 1067 1448 Codanus
1096 1412 1194 1445 sinus
1221 1411 1248 1445 G
1270 1410 1316 1446 37
1345 1415 1381 1445 et
1406 1410 1466 1446 44.

905 1471 1063 1507 codicilli
1089 1482 1216 1505 munus
1240 1482 1261 1505 a
1285 1469 1438 1506 Caesare
1454 1469 1620 1505 collatum

954 1533 1124 1567 denotant
1147 1532 1178 1567 A
1204 1530 1263 1567 40.
1286 1531 1315 1567 Ο
1336 1531 1369 1566 7.
1396 1531 1419 1566 i.
1437 1541 1470 1565 c.
1494 1529 1621 1566 Billets

957 1591 985 1627 0
1010 1592 1044 1627 9.

909 1651 1115 1686 Coelaletae
1141 1651 1163 1686 3
1189 1651 1247 1687 38.

904 1713 1147 1759 cognitionem
1174 1711 1342 1755 excipere
1368 1712 1391 1747 3
1419 1711 1474 1746 10.

900 1772 1113 1819 cognomina
1138 1771 1208 1805 duo
1233 1772 1282 1806 ita
1303 1771 1386 1816 poni
1410 1775 1448 1804 ut
1470 1770 1618 1805 alterum

945 1832 1078 1866 nomini
1096 1831 1294 1874 antecedat,
1320 1830 1468 1865 alterum
1486 1841 1619 1876 sequa-

947 1898 1014 1936 tur,
1040 1892 1084 1927 ab
1113 1903 1179 1926 usu
1207 1891 1332 1926 Latino
1358 1891 1526 1925 abhorret
1543 1892 1565 1924 2
1584 1892 1615 1925 1.

902 1952 1068 1987 cohortes
1104 1962 1167 1997 pro
1202 1951 1330 1986 electis
1362 1961 1382 1985 e
1409 1950 1614 1985 cohortibus

948 2012 1066 2047 dictae
1093 2013 1120 2046 Η
1149 2013 1170 2046 2
1202 2009 1260 2046 14.

898 2073 1063 2108 cohortes
1090 2071 1312 2118 legionariae
1330 2070 1462 2105 civium
1479 2070 1612 2105 Roma-

949 2143 1072 2166 norum
1106 2136 1271 2166 accurate
1299 2130 1429 2165 dictum
1456 2140 1519 2174 pro
1549 2139 1616 2163 co-

943 2192 1103 2227 hortibus
1129 2192 1311 2237 legionum
1342 2191 1354 2223 1
1377 2189 1411 2224 8.
1427 2188 1612 2234 (Fortasse

950 2264 992 2287 ea
1018 2262 1087 2286 vox
1118 2262 1163 2286 ex
1187 2252 1265 2296 ipso
1299 2253 1509 2285 testamento
1535 2250 1613 2283 Au-

946 2312 1038 2358 gusti
1075 2314 1234 2355 sumpta,
1274 2311 1310 2343 in
1344 2319 1413 2354 quo
1440 2308 1615 2353 pecuniae

943 2370 1084 2416 legatae
1123 2370 1304 2414 portiones
1341 2379 1404 2413 per
1443 2368 1610 2403 cohortes

943 2431 1145 2476 assignatae
1171 2434 1206 2464 et
1230 2429 1462 2474 descriptae).

901 2489 1098 2524 cohortium
1126 2489 1266 2523 diversa
1292 2499 1425 2535 genera
1454 2490 1468 2521 1
1494 2487 1552 2523 60.

900 2549 1020 2584 colere
1046 2549 1209 2584 Rhenum
1236 2548 1263 2583 G
1287 2549 1345 2584 33.

901 2609 1113 2644 collationes
1144 2613 1178 2643 et
1204 2618 1312 2642 onera
1338 2608 1366 2642 G
1391 2607 1447 2643 29.

901 2668 1080 2703 collocare
1105 2669 1140 2702 in
1167 2668 1266 2702 libris
1293 2667 1426 2713 aliquid
1450 2667 1473 2701 6
1499 2667 1556 2701 27.

899 2728 1081 2762 colludere
1110 2729 1225 2772 pretio
1257 2728 1287 2761 Α
1316 2727 1369 2763 19.

889 2787 1065 2822 'Coloniae
1091 2786 1405 2833 Agrippinensium
1419 2795 1546 2820 nomen
1567 2785 1610 2820 ab

938 2847 1136 2893 Agrippina
1168 2847 1310 2881 ductum
1342 2850 1415 2890 est,
1455 2855 1524 2880 non
1562 2845 1605 2880 ab

939 2907 1098 2955 Agrippa
1130 2908 1169 2943 12
1203 2907 1260 2943 27,

1556 193 1703 253 κε’
