1768 3216
132 221 155 247 a
177 209 219 247 G.
246 212 306 248 69.
642 210 776 247 LIBER
800 211 828 249 1.
880 212 968 248 Cn.
996 212 1152 248 70—71.
1592 211 1640 245 77

132 331 244 372 tenta
276 328 415 382 Italia,
449 333 490 372 et
517 330 768 385 ubicumque
801 335 1001 373 certatum
1032 331 1166 383 foret,
1212 329 1392 372 Noricos
1425 328 1466 369 in
1499 331 1640 370 cetera
1667 361 1675 372 .

131 403 339 446 victoriae
368 405 552 458 praemia
585 417 797 458 cessuros,
830 405 1013 447 Poenino
1046 404 1196 446 itinere
1226 404 1527 458 subsignanum
1558 402 1669 444 mi-¹

133 478 248 521 litem
278 483 320 521 et
349 491 480 535 grave
518 479 732 535 legionum
765 492 929 563 agmen
960 479 1147 555 hibernis
1179 457 1674 533 adffltra-²

135 553 263 597 duxit.
390 550 756 581 W”'⁸⁶‘²W0“‘
847 555 963 597 ”““·κ·.’
979 553 1145 602 331‘3'224
1163 573 1194 593 t»
1226 569 1402 597 Γ-τνῖεψ..

65 637 119 675 71
271 628 380 671 Otho
411 629 594 682 interim,
628 633 772 671 contra
805 642 921 684 spem
953 629 1160 682 omnium,
1194 641 1278 670 non
1311 629 1475 670 deliciis
1506 639 1676 684 neque⁵

135 702 299 746 desidia
331 708 587 758 torpescere.
639 704 801 746 Dilatae
830 704 1078 758 voluptates,
1112 703 1367 745 dissimulata
1393 703 1572 756 luxuria,
1605 707 1646 746 et

135 782 284 822 cuncta
316 779 368 820 ad
402 779 600 822 decorem
632 779 796 833 imperii
829 779 1077 833 composita.
1120 779 1265 832 quue
1296 778 1386 832 plus
1409 778 1645 820 formidinis

134 853 383 896 adferebant
422 853 554 896 falsae
583 855 760 895 virtutes
793 858 834 894 et
862 853 962 895 vitia
1000 854 1200 896 reditura.
1262 854 1437 895 Marium
1480 853 1646 895 Celsum

136 928 351 971 consulem
383 928 670 984 designatum,
712 941 790 983 per
820 929 1006 982 speciem
1038 929 1300 971 vinculorum
1331 928 1534 970 saevitiae
1564 927 1648 969 mi-

134 1003 251 1046 litum
280 1004 558 1058 subtractum,
599 1004 1082 1069 acciri-iu-Eaefflitolium
1114 1004 1240 1047 iubet.
1304 1003 1559 1045 Clementiae
1590 1003 1648 1044 ti-
1662 1003 1768 1062 ¹041&

136 1077 244 1121 tulus
275 1092 300 1121 e
329 1080 422 1121 viro
456 1079 570 1121 claro
603 1083 644 1120 et
672 1079 859 1134 partibus
891 1079 1029 1121 inviso
1067 1079 1298 1133 petebatur.
1361 1078 1507 1120 Celsus
1540 1090 1648 1120 con-

135 1157 295 1196 stanter
324 1158 518 1196 servatae
548 1166 650 1209 erga
682 1154 854 1196 Galbam
885 1153 982 1195 fidei
1014 1153 1173 1195 crimen
1212 1153 1461 1206 confessus,
1501 1166 1649 1213 egem-

135 1227 255 1301 922¹}-
264 1288 273 1293 «
279 1228 392 1291 ultro
437 1229 664 1298 imputavit.

249 1349 281 1383 1.
308 1348 506 1394 ubicunque
533 1347 572 1383 G.
626 1353 771 1382 caetera
795 1347 842 1383 G:
871 1353 972 1382 certa
993 1354 1060 1386 ab
1088 1352 1124 1382 et
1144 1348 1217 1382 AO.

724 1229 813 1272 Nec
853 1228 961 1270 Otho
1004 1228 1124 1282 quasi
1171 1228 1438 1283 ignosceret,
1479 1227 1555 1270 sed
1596 1239 1648 1269 ne

1300 1350 1334 1384 2.
1364 1347 1497 1382 Penino
1522 1349 1650 1382 itinere

135 1395 227 1434 subs.
271 1395 346 1432 mil.
391 1402 424 1431 et
467 1397 588 1434 Gab:
624 1396 780 1431 Poenino
813 1397 905 1434 subs.
951 1397 1024 1432 mil.
1064 1398 1192 1432 itinere
1235 1402 1267 1431 et
1305 1396 1512 1431 Rhenanus.
1614 1397 1650 1432 3.

137 1445 295 1491 traduxit
320 1444 369 1480 G:
395 1446 600 1480 transduxit
625 1446 736 1483 abC.

137 1551 186 1587 42
217 1550 363 1597 Alpium
401 1551 657 1585 maritimarum
699 1552 859 1587 Marium

141 1599 334 1644 Moturum,
362 1600 404 1634 H.
422 1600 472 1635 lv
487 1601 534 1636 50
559 1601 728 1635 Baebium
755 1602 858 1636 Mas-

137 1659 214 1683 sam
230 1660 248 1682 e
258 1649 552 1695 procuratoribus
565 1649 727 1694 Africae.
760 1650 860 1692 Qua-

139 1702 285 1742 propter
335 1697 427 1732 nihil
483 1697 718 1733 dubitationis
760 1701 861 1734 adest

139 1747 226 1791 quin
269 1746 380 1780 lateat
421 1746 457 1780 in
499 1745 667 1791 corrupto
715 1749 861 1782 nomine

137 1794 220 1828 urbi
243 1794 305 1829 vel
338 1794 437 1829 urbis
474 1800 769 1840 cognomentum‘
789 1796 861 1830 ali-

141 1842 258 1888 quod3
284 1854 404 1888 neque
430 1853 555 1877 rursus
572 1844 727 1879 inveniri
754 1849 862 1889 pote-

140 1893 186 1925 rit
212 1891 307 1938 quod
341 1892 456 1937 magis
489 1891 638 1926 accedat
679 1893 723 1926 ad
758 1893 862 1927 codi-

142 1950 222 1974 cum
246 1939 419 1986 reliquias
457 1950 560 1986 quam
598 1939 778 1985 Urbicum,
818 1953 862 1976 ex

141 1988 188 2023 XI
215 1989 264 2024 35
290 1988 351 2023 ubi
378 1988 535 2035 legimus
562 1989 760 2036 Pompeium
794 1990 863 2024 Ur-

141 2038 266 2081 bicum,
292 2048 313 2071 a
339 2036 588 2072 Freinshemio
622 2043 814 2083 sumptum.

229 2086 382 2120 Poenino
437 2087 566 2120 itinere
613 2087 864 2133 subsiqnanum

140 2134 284 2169 militem
309 2140 342 2168 et
375 2145 484 2180 grave
510 2133 686 2181 legionum
711 2147 861 2182 agmen.-

141 2194 251 2229 yrave
281 2183 457 2229 legionum
491 2193 618 2229 aqmen
645 2184 864 2230 explicatio..

141 2233 197 2267 nis
237 2233 354 2279 gratia
386 2230 565 2266 adiectum
603 2238 676 2277 est;
715 2244 751 2269 v.
781 2233 865 2268 adl

143 2280 203 2316 60.
257 2281 431 2315 Nimirum
465 2281 646 2315 sociorum
678 2282 863 2325 militiam,

145 2328 180 2363 h.
211 2340 244 2363 e.
274 2329 376 2363 leves
403 2328 571 2363 cohortes
612 2335 648 2363 et
675 2331 767 2364 alam
794 2329 864 2364 Pe-

142 2377 295 2420 trinam,
332 2378 403 2411 iam
431 2378 666 2421 praemiserat
695 2379 863 2421 Caecina,

142 2430 182 2459 ut
207 2426 313 2460 modo
348 2425 523 2459 relatum:
550 2436 646 2460 nunc
675 2428 754 2471 ipse
784 2438 863 2460 cum

143 2474 352 2520 legionibus
379 2475 553 2520 sequitur.
595 2474 732 2509 Eodem
758 2475 864 2509 modo

141 2522 242 2557 miles
267 2523 500 2568 subsiynanus
527 2525 594 2568 (=
621 2523 862 2570 legionarius)

122 2582 223 2613 *cum
252 2571 399 2606 aua-iliis
425 2572 652 2616 componitur
676 2572 718 2607 H.
737 2572 864 2608 1V33:

143 2621 298 2663 monuit,
338 2619 550 2665 subsignano
596 2620 706 2655 milite
747 2621 865 2655 media

142 2669 300 2712 fimare.
354 2667 504 2702 Aua-ilia
538 2670 671 2721 passim*
709 2670 862 2704 circum-

143 2718 225 2760 fusa
249 2721 340 2751 sunt.
403 2715 509 2750 Falsa
535 2716 578 2750 ad
604 2712 645 2752 hs
668 2717 692 2752 l.
721 2719 865 2763 scripsit

148 2763 416 2800 Doederlinius.
463 2765 531 2798 Via
555 2759 713 2800 Poenina
740 2778 783 2801 ea
810 2772 864 2801 est

146 2822 238 2857 quae
264 2813 373 2847 hodie
396 2817 496 2846 trans
522 2818 680 2848 montem
701 2815 749 2850 St.
770 2815 862 2849 Ber-

146 2861 247 2895 nardi
272 2862 308 2895 in
335 2861 475 2895 Italiam
501 2860 612 2895 ducit.

219 2907 305 2954 Cap.
332 2910 390 2945 71.
436 2910 551 2944 acciri
583 2911 622 2943 in
650 2911 861 2957 Capitolium

144 2957 261 2993 iubet.-
287 2968 350 2992 cur
376 2959 414 2993 in
439 2958 693 3004 Capitolium?
724 2960 861 3006 Nempe

927 1552 1062 1587 celebri
1100 1555 1245 1586 senatus
1282 1562 1454 1586 consessu
1488 1551 1651 1587 clemen-

926 1603 999 1635 tiae
1049 1612 1137 1635 suae
1182 1601 1435 1635 documentum
1481 1602 1649 1646 princeps

927 1650 1088 1684 editurus
1116 1654 1203 1683 erat.
1255 1649 1309 1683 Cf.
1339 1649 1503 1683 Suetonii
1531 1649 1647 1695 Calig.

927 1699 1002 1734 60:
1030 1705 1062 1732 et
1088 1704 1230 1731 senatus
1254 1698 1293 1730 in
1320 1697 1513 1731 asserenda
1539 1697 1649 1731 liber-

928 1753 998 1781 tate
1034 1746 1122 1780 adeo
1163 1746 1362 1788 consensit,
1407 1752 1445 1780 ut
1491 1746 1650 1781 consules

923 1796 1038 1841 primo
1067 1806 1141 1828 non
1174 1795 1212 1828 in
1239 1795 1397 1837 curiam,
1438 1795 1521 1839 quia
1555 1794 1651 1830 Iulia

927 1844 1144 1886 vocabatur,
1171 1843 1232 1877 sed
1256 1844 1295 1876 in
1323 1843 1535 1888 Capitolium
1561 1855 1649 1878 con-

927 1893 1103 1926 vocarint.
1169 1891 1272 1934 Quod
1322 1892 1443 1925 occiso
1484 1890 1651 1938 Caligula

927 1940 1008 1975 Iulii
1034 1941 1190 1974 nominis
1214 1940 1296 1974 odio
1312 1940 1444 1974 factum
1461 1945 1527 1984 est,
1554 1940 1650 1975 idem

927 2001 1023 2024 nunc
1051 1994 1198 2034 propter
1224 1990 1382 2033 inopiam
1399 1990 1530 2023 evenit.
1558 1989 1646 2024 Nam

928 2039 1028 2073 curia
1053 2037 1145 2072 Iulia
1171 2048 1251 2072 cum
1276 2037 1460 2082 plerisque
1487 2037 1556 2071 fori
1574 2038 1650 2072 Ro-

927 2088 1024 2121 mani
1071 2086 1247 2121 aedificiis
1295 2086 1464 2120 incendio
1498 2087 1650 2121 Neronis

929 2136 1116 2180 absumpta
1144 2140 1232 2178 erat,
1260 2139 1296 2168 et
1322 2144 1454 2168 novum
1467 2135 1649 2178 senatum,

930 2184 965 2218 h.
996 2195 1028 2218 e.
1058 2185 1218 2226 curiam,
1254 2183 1481 2217 Domitianus
1509 2183 1650 2218 demum

929 2232 1146 2267 aedificavit.
1180 2231 1236 2266 cf.
1265 2237 1385 2266 annot.
1416 2231 1459 2265 ad
1482 2232 1561 2266 xv!
1590 2233 1650 2268 27.

931 2282 1100 2315 Ueterum
1118 2290 1190 2314 non
1216 2280 1452 2313 adversantur
1479 2281 1564 2314 huic
1583 2291 1651 2314 ex-

930 2330 1118 2374 plicationi
1143 2329 1260 2374 ⁴verba
1281 2327 1463 2362 Plutarchi
1490 2328 1573 2363 Oth.
1605 2331 1649 2362 1.

931 2378 950 2414 ὁ
982 2379 1090 2414 δὲ-
1117 2376 1184 2437 ἅμ’
1213 2378 1336 2424 ἡμέρα
1362 2376 1571 2423 προελθων
1597 2380 1649 2418 εἰς

930 2425 972 2462 τὸ
997 2425 1248 2462 Καπιτώλιον
1281 2427 1398 2461 ἔθυσε
1427 2430 1490 2461 καὶ
1516 2425 1651 2461 κελεύ-

933 2486 1004 2515 σας
1016 2474 1175 2518 Μάριον
1187 2476 1336 2510 Κέλσον
1364 2474 1530 2520 ἀχθῆναι
1551 2472 1652 2523 πρὸς

932 2519 1053 2560 αυτὸν
1080 2522 1285 2568 ἠσπάσατο
1311 2526 1383 2558 κτλ

1003 2621 1196 2666 eaeemplum
1228 2619 1321 2654 ultro
1347 2620 1553 2665 imputavit:
1590 2618 1649 2652 ul-

930 2674 984 2702 tro
1034 2670 1249 2703 contrarium
1292 2670 1452 2712 respicit.
1520 2666 1649 2700 Celsus

930 2722 1065 2751 tantum
1092 2717 1206 2753 abfuit
1233 2722 1271 2750 ut
1297 2728 1335 2751 se
1366 2720 1554 2749 excusaret
1573 2740 1582 2757 ‚
1611 2719 1650 2747 ut

932 2766 1135 2810 exemptum
1168 2776 1270 2799 suum
1300 2770 1476 2808 tamquam
1503 2764 1649 2796 imitan-

930 2814 1014 2847 dum
1055 2814 1136 2848 aliis
1175 2815 1210 2847 in
1247 2812 1316 2846 fide
1355 2822 1438 2857 erga
1471 2811 1649 2845 Othonem

930 2863 1132 2907 imputaret.
1161 2861 1216 2895 cf.
1228 2860 1273 2893 Ill
1292 2860 1364 2894 66:
1395 2860 1545 2893 obscura
1574 2860 1649 2894 ini.

933 2912 984 2943 tia
1007 2909 1262 2955 impudentibus
1282 2908 1378 2941 ausis
1390 2907 1482 2942 ultro
1506 2907 1649 2954 polluc-

931 2959 1001 3002 bat,
1029 2958 1090 2992 ubi
1118 2968 1153 2993 v.
1181 2961 1303 2992 annot.
