1768 3216
146 208 219 245 100

767 206 1028 243 AGRICOLAE

145 332 240 381 post
270 326 526 369 consulatum
559 324 804 378 collocavit,
848 330 889 367 et
919 326 1055 368 statim
1096 322 1336 369 Britanniae
1377 322 1643 382 praepositus

147 406 222 454 est,
256 402 420 442 adiecto
453 399 716 453 pontificatus
748 399 1004 443 sacerdotio.

279 474 518 516 Britanniae
547 475 668 516 situm
699 474 957 529 populosque
992 475 1131 518 multis
1162 475 1438 531 scriptoribus
1481 478 1715 520 memo-10

144 554 260 593 ratos
292 561 377 591 non
409 549 450 590 in
498 550 851 603 comparationem
898 562 1025 593 curae
1067 551 1281 606 ingeniive
1317 551 1529 605 referam,
1570 550 1646 594 sed

111 625 238 680 5quia
269 628 351 666 tum
380 625 554 678 primum
585 625 817 678 perdomita
857 630 932 668 est.

146 704 356 754 comperta
388 699 624 753 eloquentia
658 700 927 754 percoluere,
969 713 1109 743 rerum
1151 701 1233 742 fide
1264 701 1492 744 tradentur.

1000 626 1058 668 lta
1106 638 1211 680 quae
1252 626 1417 681 priores
1462 625 1646 669 nondum

1551 700 1650 743 Bri-

145 774 316 827 tannia,
349 774 576 816 insularum
608 786 710 828 quas
741 776 928 818 Romana
961 776 1109 818 notitia
1138 775 1427 830 complectitur
1453 775 1646 829 maxima,

144 849 277 903 spatio
310 861 360 891 ac
400 849 518 891 caelo
561 849 602 890 in
648 849 850 892 orientem
885 849 1156 903 Germaniae,
1205 851 1247 891 in
1279 850 1540 893 occidentem
1569 849 1649 892 Hi-

141 925 315 979 spaniae
348 925 599 978 obtenditur,
635 925 763 967 Gallis
795 925 837 966 in
869 925 1087 967 meridiem
1130 925 1253 967 etiam
1293 925 1531 980 inspicitur3
1573 935 1648 967 se-

82 1009 121 1039 io
141 999 436 1057 ptentrionalia
468 1000 582 1052 eius,
629 1000 753 1041 nullis
801 1004 946 1042 contra
987 1000 1134 1052 terris,
1177 1003 1296 1041 vasto
1334 1004 1457 1054 atque
1503 1003 1647 1054 aperto

141 1075 246 1116 mari
284 1074 510 1128 pulsantur.

583 1075 773 1116 Formam
816 1075 941 1116 totius
982 1074 1224 1117 Britanniae
1267 1075 1406 1117 Livius
1443 1078 1646 1126 veterum,

142 1149 293 1195 Fabius
325 1150 518 1192 Rusticus
554 1150 785 1192 recentium
828 1149 1159 1203 eloquentissimi
1198 1153 1392 1192 auctores
1438 1148 1648 1205 oblongae

303 1281 336 1316 5.
370 1282 422 1316 ita
448 1293 535 1326 quae
561 1284 616 1318 A:
657 1284 689 1317 Γ
711 1282 828 1327 itaque
853 1283 996 1327 punctis
1023 1282 1166 1318 subnot.
1208 1282 1277 1318 litt.
1310 1294 1373 1328 que
1403 1286 1439 1317 et
1465 1291 1644 1328 superscr.

141 1341 204 1377 que
230 1339 310 1366 cum
339 1342 356 1364 e
384 1331 546 1372 caudato,
576 1331 668 1376 quod
697 1331 781 1365 item
812 1336 866 1366 est
892 1332 943 1366 ita
971 1343 1081 1377 quae,
1109 1331 1327 1367 Puteolanus
1357 1332 1474 1378 itaque
1500 1343 1600 1378 quae.

140 1488 217 1513 eam
255 1488 354 1523 spem
393 1477 559 1512 frustrata
584 1478 653 1520 sit,
694 1477 789 1523 quod
816 1482 853 1511 ut

136 1528 263 1571 procul
287 1537 533 1562 removeamus
561 1526 744 1571 postulant
760 1537 853 1571 quac

136 1588 166 1611 c.
189 1576 236 1614 45
264 1581 299 1610 et
325 1575 372 1611 46
397 1576 530 1620 scripta
557 1575 724 1621 legimus.
765 1574 852 1609 Eam

134 1624 384 1659 difficultatem
411 1625 625 1669 interpretes
663 1623 779 1657 adhue
805 1624 855 1657 ita

137 1672 284 1708 eludere
312 1674 431 1707 conati
458 1678 559 1716 sunt,
589 1677 627 1706 ut
655 1671 853 1717 particulae

136 1728 206 1755 tum
230 1722 529 1768 significationem
565 1722 638 1755 iam
674 1727 742 1755 tum
769 1731 854 1764 pre-

139 1771 234 1804 cario
256 1770 509 1812 concederent,
537 1770 630 1815 quod
650 1769 727 1803 fieri
751 1769 852 1803 nullo

137 1819 242 1852 modo
276 1823 404 1864 potest.
475 1818 647 1852 Codicum
678 1819 854 1862 scriptura

138 1869 273 1918 (yrqcie
311 1871 396 1914 tunt)
445 1866 582 1900 duobus
633 1867 853 1912 argumentis

135 1917 263 1959 probat
278 1917 494 1963 ἀρχέτυπον
506 1915 700 1961 Agricolae
725 1915 853 1948 librum

136 1964 265 1998 litteris
311 1965 465 2008 antiquis
507 1965 677 2007 scriptum
717 1963 850 2005 fuisse,

135 2012 173 2044 in
201 2011 328 2057 quibus
350 2011 376 2045 O
404 2016 438 2045 et
452 2011 479 2045 G
498 2011 600 2056 (hinc
620 2010 851 2045 GRAECtAE

136 2069 201 2103 pro
230 2059 427 2094 GREGIAE
463 2064 498 2093 et
530 2060 598 2093 hoc
626 2059 735 2092 celeri
766 2069 853 2103 pro-

136 2109 364 2142 nuntiatione
397 2111 595 2141 truncatum
638 2118 682 2140 ex
707 2107 851 2141 EGRE-

138 2156 278 2203 GIAE),
306 2161 378 2189 tum
405 2155 429 2189 Τ
457 2160 492 2189 et
514 2156 540 2197 1,
568 2156 598 2189 A
626 2160 661 2189 ct
689 2155 717 2188 V
744 2155 853 2189 facile

137 2209 408 2248 commutantur,
430 2209 468 2237 ut
485 2205 651 2249 yraeciae
669 2214 730 2248 pro
752 2215 854 2250 eqre-

134 2254 235 2297 yiae,
262 2253 356 2288 TVM
384 2263 447 2298 pro
474 2252 556 2287 IAM
585 2254 766 2286 invectum
793 2254 851 2287 sit.

134 2301 276 2336 Tacitus
324 2303 486 2348 eyreyiae
524 2302 596 2335 iam
632 2302 706 2347 spei
745 2300 856 2344 filiam

135 2351 248 2395 (scine
275 2351 399 2385 bereits
429 2349 705 2396 Itoffmmqsvolle
743 2350 854 2383 Toch-

136 2401 204 2444 ter)
232 2399 333 2441 dixit,
361 2400 560 2442 respiciens
590 2409 681 2443 quae
708 2410 738 2432 c.
760 2398 782 2432 6
810 2398 854 2432 de

138 2447 262 2480 eadem
287 2448 322 2480 in
349 2448 436 2480 Asia
462 2451 544 2480 nata
570 2447 718 2480 rettulit.
755 2446 851 2480 Idem

135 2506 231 2528 nunc
246 2496 403 2529 iuvenem
430 2506 468 2529 se
487 2497 658 2537 nominat,
686 2496 745 2540 qui
762 2496 852 2528 duo-

134 2543 201 2576 bus
227 2544 327 2577 annis
355 2548 437 2577 ante
469 2546 519 2587 (a.
549 2544 612 2589 75)
635 2544 769 2577 iuvenis
785 2543 851 2576 acl-

134 2592 272 2626 modum
310 2592 397 2634 suit3
440 2592 485 2626 cf.
526 2590 703 2625 Prooemii
747 2603 777 2624 c.
817 2593 851 2625 2.

135 2641 211 2674 lIoc
238 2641 498 2674 matrimonium
517 2639 638 2673 Tacito
656 2639 699 2673 ad
718 2640 852 2673 maiora

133 2690 262 2722 nitenti
295 2689 404 2723 decus
432 2694 466 2723 et
491 2688 598 2722 robur
623 2688 711 2730 fuit,
747 2689 849 2733 isque

134 2739 296 2780 proximo
323 2748 415 2772 anno
447 2740 497 2782 (a.
527 2737 592 2782 78)
627 2740 852 2782 quaesturam

134 2787 285 2829 accepit,
304 2791 342 2819 ut
359 2785 604 2820 ratiocinando
620 2785 770 2829 probare
788 2795 853 2819 co-

133 2839 236 2867 natus
263 2846 339 2869 sum
366 2836 402 2868 in
426 2834 603 2868 Prooemii
627 2844 704 2878 cap.
728 2835 762 2869 2.

206 2905 341 2939 adiecto
373 2906 595 2951 pontificatus
629 2905 848 2941 sacerdotio:

136 2951 478 2989 ef.}1.177.13.

999 1477 1084 1523 Cap.
1115 1479 1170 1514 10.
1201 1478 1253 1513 ita
1276 1488 1385 1523 quae:
1413 1477 1466 1512 ita
1489 1476 1644 1512 refertur

924 1525 967 1560 ud
994 1528 1156 1572 proxima
1181 1527 1264 1571 quia
1286 1533 1356 1561 tum
1381 1526 1534 1572 primum
1553 1537 1642 1572 per-

923 1575 1053 1610 domita
1080 1581 1140 1610 est.
1169 1575 1272 1610 Gonf.
1299 1587 1329 1611 c.
1350 1576 1369 1610 7
1387 1586 1396 1608 z
1422 1576 1475 1609 ita
1498 1585 1640 1609 succes-

923 1635 982 1658 sor
1007 1624 1109 1659 simul
1136 1629 1169 1658 et
1193 1623 1287 1658 ultor
1312 1624 1441 1658 electus
1466 1627 1536 1658 cet.
1573 1624 1640 1660 12:

923 1674 974 1706 ita
1001 1673 1132 1718 sinyuli
1154 1679 1334 1718 pugnant,
1369 1671 1528 1706 universi
1560 1672 1642 1706 vin-

924 1727 1060 1756 cuntur.
1088 1722 1136 1757 30
1153 1732 1161 1754 ε
1189 1722 1240 1755 ita
1256 1720 1430 1767 proelium
1455 1726 1557 1766 atque
1575 1731 1641 1754 ar-

923 1781 981 1803 ma
1010 1791 1055 1797 -
1082 1770 1254 1805 tutissima
1279 1775 1368 1804 sunt.
1426 1768 1466 1803 In
1492 1769 1640 1814 antiquo

925 1819 1050 1853 codice
1090 1818 1163 1852 levi
1203 1819 1291 1852 vitio
1335 1817 1489 1852 admisso
1529 1816 1641 1852 fuisse

925 1867 1031 1901 credo
1058 1868 1109 1901 ila
1131 1879 1194 1911 que
1224 1871 1305 1911 (pro
1331 1867 1383 1900 ita
1409 1877 1493 1914 que,
1521 1869 1560 1899 ut
1585 1869 1640 1899 est

924 1917 960 1949 in
988 1918 1060 1962 Δ),
1097 1916 1190 1960 quod
1220 1914 1436 1959 Pomponius
1472 1914 1641 1949 vitiosum

925 1975 1004 1998 esse
1048 1963 1285 2008 deprehendit
1327 1968 1363 1998 et
1415 1962 1640 2005 emendavit,

924 2012 1141 2046 Puteolanus
1157 2022 1341 2056 perperam
1368 2011 1551 2056 supplevit
1567 2011 1642 2046 ita-

925 2072 988 2105 que
1015 2071 1114 2105 quae.

999 2131 1118 2165 Livius
1142 2137 1306 2174 veterum,
1337 2130 1464 2166 Fabius
1477 2131 1642 2166 Rusticus

924 2181 1148 2214 recentium.-
1188 2181 1223 2214 in
1261 2180 1428 2224 Epitoma
1459 2179 1541 2214 libri
1574 2180 1641 2215 105

924 2228 1039 2263 Livii:
1077 2229 1213 2263 Caesar
1239 2249 1284 2255 —
1312 2228 1452 2262 Oceano
1484 2229 1524 2263 in
1556 2229 1642 2263 Bri-

925 2278 1106 2320 tamtiam,
1149 2278 1264 2324 primo
1304 2288 1432 2323 parum
1473 2288 1642 2323 prospere

925 2326 1180 2372 tempestatibus
1205 2326 1374 2369 adversis,
1402 2326 1554 2368 traiecit,
1571 2327 1641 2360 ilc-

923 2386 1001 2409 rum
1031 2374 1200 2420 sclicias3
1250 2385 1446 2419 maynaque
1483 2371 1640 2408 intellitu-

925 2423 1005 2457 dine
1041 2423 1188 2457 hostium
1221 2434 1328 2457 caesa
1360 2423 1515 2467 aliquam
1549 2433 1641 2468 par-

924 2477 990 2505 tem
1017 2472 1155 2505 insulae
1193 2472 1232 2505 in
1253 2477 1458 2516 potestatem
1491 2471 1636 2515 redegit.

922 2519 974 2552 Eo
1014 2521 1048 2552 in
1089 2519 1179 2553 libro
1221 2519 1344 2552 Livius
1382 2519 1426 2553 de
1456 2518 1642 2552 Britannia

923 2567 1067 2601 tradidit
1112 2579 1202 2613 quac
1239 2567 1380 2601 Tacitus
1415 2567 1638 2603 memoravit.

923 2616 975 2649 De
1003 2615 1113 2649 Fabio
1140 2617 1286 2651 Rustico
1329 2615 1423 2650 conf.
1452 2615 1527 2650 lnd.
1555 2615 1639 2650 hist.

925 2670 959 2698 et
985 2664 1147 2700 Prooem.
1175 2676 1208 2709 p.
1239 2664 1334 2699 XVI.

977 2759 1132 2805 dispecta
1158 2764 1206 2793 est
1237 2765 1269 2793 et
1291 2758 1415 2793 Tlmte:
1442 2768 1524 2791 nam
1549 2756 1639 2792 liac-

923 2813 1021 2841 tenus
1051 2809 1198 2850 iussum,
1239 2813 1271 2842 et
1296 2807 1404 2841 ltiems
1430 2806 1638 2852 appelelml:

918 2856 1135 2890 Puteolanus
1174 2866 1237 2901 pro
1263 2856 1414 2898 iussum,
1449 2859 1488 2887 ut
1523 2855 1640 2889 estin

921 2904 1130 2948 Vaticanis,
1167 2905 1410 2939 coniecturam
1449 2912 1548 2938 suam
1576 2903 1641 2936 nix

919 2953 1040 2988 intulit
1067 2963 1183 3000 eoque
1207 2953 1279 2989 loci
1305 2952 1520 2989 sententiam
1542 2950 1639 2986 mul-
