1768 3216
135 175 166 214 ἰ
182 174 224 213 G.
250 177 312 214 ⁶9.

134 296 352 352 quisquam
385 300 427 339 et
453 296 546 340 sine
574 295 675 339 odio
708 295 913 340 dicendus
942 300 1020 340 est.

657 174 794 213 LIBER
818 174 853 212 1.
901 174 990 213 Cn.
1021 177 1128 215 1-2.

1630 184 1656 217 ὅ

1084 295 1246 349 Quodsi
1276 298 1362 341 vita
1402 297 1653 355 suppeditet,

134 447 428 503 carioremque
457 447 698 501 materiam,
730 448 936 490 senectuti
966 448 1163 503 seposui,
1194 461 1292 492 rara
1323 453 1555 506 temporum
1585 451 1653 494 fe-

132 523 314 587 licitate,
355 523 428 566 ubi
457 523 616 566 sentire
648 534 756 578 quae
785 523 919 577 velis,
960 527 1002 566 et
1033 536 1141 578 quae
1171 525 1330 567 sentias
1362 525 1507 569 dicere
1537 525 1650 570 licet.

90 609 126 647 2.
241 589 377 656 &pus
416 598 650 655 adgredior
675 599 858 654 opimum
890 598 1074 653 casibus,
1107 603 1230 642 atrox
1257 601 1448 655 proeliis,
1484 601 1686 645 discors-⁶

127 672 432 728 seditionibus,
480 675 571 730 ipsa
614 676 738 730 etiam
808 688 885 718 ace
925 687 1112 718 saevum.

127 747 244 792 ferro
271 749 520 806 interempti.

127 837 301 882 rumque
328 827 548 882 permixta.

126 900 252 944 dente
279 913 363 944 res.

1183 675 1387 726 Quattuor
1436 677 1651 733 principes

581 751 707 794 Trina
747 749 858 793 bella
898 750 1065 804 civilia,
1105 749 1225 806 plura
1264 754 1439 794 externa
1474 765 1524 794 ac
1554 752 1652 807 ple-

607 811 841 882 Prosperae
875 825 919 868 in
955 826 1154 880 Oriente,
1200 826 1407 870 adversae
1440 828 1484 870 in
1518 827 1650 870 Occi-

422 902 647 944 Turbatum
680 901 890 958 lllyricum
900 915 912 953 3
958 901 1119 945 Galliae
1150 905 1365 954 nutantes3
1412 902 1649 958 perdomita

126 975 341 1020 Britannia
380 981 422 1020 et
460 978 599 1020 stat-im
638 977 766 1021 missa
779 991 791 1029 ;
837 981 1011 1020 coortae
1052 978 1095 1019 in
1135 990 1215 1021 nos
1263 979 1546 1021 Sarmatarum
1601 974 1710 1022 acm

125 1050 358 1095 Suevorum
400 1057 573 1108 gentes3
625 1052 867 1096 nobilitatus
906 1053 1097 1096 cladibus
1136 1054 1288 1096 mutuis
1329 1055 1470 1097 Dacus
1482 1068 1495 1107 3
1536 1059 1650 1099 mota

223 1173 259 1210 5.
275 1157 436 1221 ¹opimam
463 1173 577 1211 Aca:
605 1175 727 1222 opibus
753 1173 820 1220 Ma,
844 1175 1000 1259 pli-{2⁸:⁸72
1018 1174 1099 1260 Gssla

863 1237 883 1259 ο
907 1238 919 1259 ι
1001 1237 1018 1260 s
1101 1251 1110 1265 ‚

122 1233 264 1269 saevom
294 1223 361 1260 Mu.

125 1272 344 1308 “turhatam
366 1272 420 1309 Ma
433 1285 443 1308 ε

124 1321 258 1358 domita
293 1323 453 1358 britania
477 1323 518 1359 G.

123 1372 181 1409 11.
207 1371 394 1408 sueborum
421 1371 487 1408 Ma.

446 1225 483 1261 8.
508 1236 678 1272 prospere
708 1223 774 1260 Ma.

120 1501 231 1537 scribi
251 1501 438 1549 proelium.
493 1502 595 1538 Hunc
620 1506 749 1538 testem
777 1514 845 1538 an-

121 1552 315 1597 tiquiorem
345 1557 381 1587 et
406 1552 524 1586 minus
560 1557 766 1598 corruptum
808 1554 845 1588 in

122 1610 167 1636 eo
193 1601 340 1636 nomine
367 1601 503 1647 ubique
530 1607 677 1637 secutus
703 1613 795 1638 sum.

195 1656 360 1695 quattuor
389 1651 570 1697 principes
595 1653 696 1697 ferro
728 1652 846 1686 inter-

121 1700 248 1745 empti.-
277 1700 374 1734 caesi
401 1705 484 1733 sunt
512 1699 643 1743 Galba,
666 1699 784 1742 Otho,
810 1705 846 1734 et

122 1748 154 1782 is
188 1747 333 1793 quidem
378 1759 443 1782 sua
481 1759 608 1791 manu,
661 1748 844 1791 Vitellius,

122 1796 371 1840 Domitianus3
397 1797 471 1831 fato
499 1797 624 1832 obiere
648 1797 847 1843 Vespasia-

122 1856 190 1880 nus
226 1850 262 1881 et
297 1845 407 1880 Titus.
459 1845 542 1880 Piso
585 1847 672 1881 item
718 1857 846 1881 caesus

122 1894 279 1929 nondum
298 1896 470 1942 'princeps
508 1894 578 1930 fuit
603 1895 668 1930 sed
696 1895 845 1930 Caesar.

197 1945 298 1978 trina
320 1943 414 1979 bella
438 1944 582 1979 civilia:
622 1945 765 1980 vitellii
809 1945 847 1979 in

121 1992 315 2037 Othonem,
345 1994 559 2039 Vespasiani
586 1994 623 2028 in
640 1994 843 2037 Vitellium,

121 2042 160 2077 1..
187 2043 357 2086 Antonii,
394 2044 592 2088 superioris
633 2042 846 2078 Germaniae

120 2091 317 2137 praesidis,
343 2093 382 2126 in
407 2092 667 2128 Domitianum.
724 2093 845 2135 Trina,

121 2151 195 2175 non
226 2141 324 2184 tria,
361 2146 463 2176 recte
498 2152 538 2176 se
576 2141 708 2185 habet,
749 2142 845 2188 quod

120 2189 267 2236 singula
305 2190 404 2225 bella
437 2202 457 2225 a
495 2190 633 2226 duabus
677 2191 846 2237 quodque

121 2239 284 2285 partibus
309 2240 541 2286 gerebantur.
582 2240 636 2275 De
663 2245 845 2285 postremo

119 2288 220 2323 bello
248 2289 350 2323 civili
375 2289 432 2323 cf.
469 2290 620 2324 Suetou.
647 2289 781 2323 Domit.
808 2289 843 2325 6.

121 2337 191 2372 Dio
227 2336 356 2372 vau
395 2339 451 2372 11.
503 2337 685 2373 Plutarch.
710 2338 846 2373 Aemil.

122 2385 222 2421 Paul.
238 2387 298 2422 25.
347 2386 471 2421 Victor
496 2389 533 2422 in
549 2386 717 2432 Epitoma
733 2399 764 2422 c.
788 2390 843 2422 ll.

193 2436 370 2471 turbatum
404 2435 612 2482 Illyricum.-
662 2448 697 2472 v.
734 2437 775 2471 H.
814 2436 847 2470 ΙΙ

120 2484 168 2519 85
194 2495 271 2531 sqq.
347 2485 489 2520 Galliae
514 2492 702 2521 nutantes.-
729 2486 771 2520 H.
796 2486 845 2520 lV

127 2535 171 2568 12
196 2545 273 2579 sqq.
302 2534 351 2569 54
375 2545 453 2581 sqq.

190 2583 390 2628 perdomita
426 2585 620 2618 Britannia
654 2590 686 2618 et
727 2585 846 2619 statim

121 2632 250 2666 missa:
284 2632 506 2667 Britanniam
545 2633 580 2667 h.
608 2633 633 2668 l.
669 2633 846 2680 intelligit

120 2690 194 2715 non
220 2681 326 2714 modo
354 2693 432 2716 eam
459 2693 553 2727 quae
582 2684 726 2727 proprie
748 2683 846 2716 dici-

122 2733 200 2771 tun,
228 2730 292 2764 sed
319 2731 427 2764 etiam
455 2730 700 2765 Caledoniam.
754 2731 843 2765 Per-

123 2777 257 2812 domita
283 2779 468 2814 Britannia
497 2785 552 2814 est
577 2791 597 2814 a
623 2780 714 2814 Iulio
732 2777 843 2827 Agni-

124 2826 203 2860 cola
229 2827 340 2862 'laciti
366 2839 507 2871 socer-‚o
536 2830 698 2874 piincipe
715 2829 844 2864 Domi-

124 2876 243 2909 tiano:
290 2878 376 2924 Agr.
426 2879 482 2921 10,
528 2878 576 2914 29
601 2899 640 2905 —-
658 2880 718 2914 40.
774 2879 844 2914 Sed

125 2922 321 2960 Caledonia
330 2937 458 2961 recens
469 2927 617 2961 subacta
633 2938 716 2962 mox
733 2930 845 2963 omis-

125 2982 164 3006 sa
190 2984 308 3019 neque
334 2975 485 3020 posthac.
522 2978 672 3022 imperio
706 2977 845 3013 reddita

469 1279 672 1310 correctum
698 1275 794 1309 inest
820 1274 860 1309 G.

604 1323 662 1360 10.
698 1323 842 1358 cohorte
878 1322 932 1358 Ma
969 1334 1050 1358 cum
1084 1324 1237 1358 ceteris:
1281 1329 1426 1358 coortae
1471 1323 1648 1359 Muretus.

569 1379 666 1409 mota
692 1374 800 1408 etiam
820 1385 933 1420 prope
959 1374 1067 1408 etiam
1092 1371 1169 1408 Ma:
1206 1378 1409 1408 correctum
1436 1373 1473 1407 in
1501 1371 1542 1408 G.

1137 1175 1172 1211 6.
1198 1175 1278 1222 ipsa
1306 1174 1404 1220 GMa,
1429 1176 1470 1210 in
1494 1175 1575 1222 ipsa
1602 1177 1645 1211 A.

1139 1225 1276 1259 oriente
1306 1224 1346 1260 G.
1451 1225 1648 1260 occident?

962 1274 998 1310 9.
1023 1273 1224 1321 perdomita
1250 1274 1457 1309 britanniae
1482 1275 1552 1318 Ma,
1577 1286 1644 1321 per

921 1507 988 1538 est.
1041 1502 1222 1547 Spartiani
1255 1501 1424 1538 Hadrian.
1461 1502 1483 1538 5
1525 1506 1562 1538 et
1592 1503 1648 1538 11.

918 1552 989 1587 Dio
1025 1551 1150 1587 Lxxn
1185 1551 1221 1587 8.
1273 1551 1424 1597 Eutrop.
1459 1551 1543 1586 vm
1588 1551 1647 1587 19.

918 1602 1044 1636 Victor
1069 1602 1106 1636 in
1134 1601 1303 1646 Epitoma
1346 1613 1377 1636 c.
1406 1602 1466 1637 20.
1518 1600 1647 1646 Itaque

915 1652 1023 1686 missa
1058 1651 1222 1685 scribens
1258 1650 1409 1694 respicit
1443 1651 1647 1694 proximum

917 1705 953 1734 et
981 1699 1201 1734 contrarium
1227 1698 1380 1732 verbum
1405 1698 1617 1744 perdomita.

990 1753 1134 1782 coortae
1159 1748 1199 1781 in
1224 1758 1289 1781 nos
1322 1748 1575 1782 Sarmatarum
1601 1758 1647 1782 ae

917 1798 1113 1832 Suevorum
1144 1802 1286 1842 gentes:
1327 1796 1475 1831 Sueton.
1511 1796 1646 1832 Domit.

918 1846 964 1881 6:
993 1846 1231 1892 expeditiones
1251 1867 1295 1872 -
1309 1846 1461 1893 suscepit
1478 1868 1523 1873 —
1539 1857 1649 1880 unam

918 1896 957 1929 in
994 1896 1202 1938 Sarmatas,
1245 1894 1384 1941 leyione
1418 1907 1496 1930 cum
1532 1894 1586 1941 leq
1590 1901 1647 1930 ato

917 1944 1021 1979 simul
1047 1955 1166 1979 caesa.
1221 1943 1277 1978 Cf.
1312 1943 1463 1990 Eutrop.
1496 1908 1645 1981 V11923.

915 1993 970 2028 De
1007 1994 1136 2028 Suevis
1173 1992 1242 2027 Dio
1276 1992 1400 2027 vau
1433 1994 1475 2029 5·
1521 1995 1563 2030 ἐν
1603 1994 1649 2042 τῇ

917 2041 1505 2092 Muctcc(h.e.Moesta)A15yaoc
1518 2044 1650 2088 Σουή-

914 2097 998 2138 βοις
1025 2096 1103 2128 τισὶ
1140 2093 1426 2141 πολεμηθέντες
1461 2094 1645 2140 πρέσβεις

917 2143 1122 2199 ἔπεμψαν,
1171 2126 1372 2182 αἰτοῦντες
1415 2145 1647 2189 συιιιιαχίαν

914 2187 1024 2239 παρὰ
1049 2190 1307 2239 Δοαετιανοῦ,
1338 2193 1404 2226 καὶ
1431 2192 1570 2236 ἔλαβον
1599 2190 1646 2226 ου’

915 2242 966 2286 τῶ
994 2242 1132 2285 πλήθει
1159 2236 1327 2298 ἰσχυρὰν
1357 2238 1453 2275 ἀλλά
1479 2242 1533 2288 τῷ
1561 2238 1645 2282 ἄξι-

917 2289 1065 2337 ώιιατι·
1095 2287 1234 2326 ἑκατὸν
1260 2285 1337 2338 γὰρ
1359 2290 1493 2330 ἱππεῖς
1515 2289 1646 2338 μόνον

916 2339 1047 2378 αὐτοῖς
1074 2339 1285 2383 ἐδόθησαν.
1341 2340 1644 2386 ἀγανακτήσαν-

914 2401 974 2430 τες
1003 2389 1035 2425 (Γ
1054 2389 1118 2425 ἐπὶ
1144 2387 1263 2434 τούτῳ
1281 2389 1500 2435 οἱΣούηβοι
1516 2398 1644 2436 προσ·

915 2439 1136 2497 παρέλαβον
1163 2436 1352 2486 Ἰάζυγας
1371 2441 1437 2473 καὶ
1459 2449 1645 2485 προπαρ-

915 2483 1169 2529 εσκευάζοντο
1210 2500 1238 2521 ω
1221 2487 1262 2526 ἇς
1299 2489 1366 2523 καὶ
1401 2488 1484 2534 μετ’
1512 2486 1645 2523 αὐτῶν

914 2537 983 2573 τὸν
1001 2537 1158 2583 Ἴστρον
1190 2535 1478 2585 διαβησόμενοι.
1533 2536 1644 2570 Suevi

914 2586 970 2620 illi
995 2590 1079 2620 sunt
1104 2594 1194 2630 quos
1221 2585 1358 2619 Drusus
1397 2584 1530 2619 Caesar
1567 2584 1643 2618 Da-

917 2635 1067 2669 nubium
1093 2634 1187 2668 ultra
1214 2635 1310 2669 inter
1334 2634 1482 2668 flumina
1507 2634 1643 2668 Marum

915 2689 951 2718 et
978 2683 1111 2718 Cusum
1137 2683 1345 2727 locaverat3
1372 2695 1406 2718 v.
1436 2682 1546 2724 1163,
1575 2679 1639 2714 XII

914 2734 962 2768 29
989 2738 1024 2766 et
1049 2734 1109 2768 30.
1163 2733 1205 2767 Η.
1234 2733 1283 2766 Ill
1311 2734 1344 2766 5.
1399 2732 1639 2765 Sarmatarum

915 2782 1106 2816 latrocinia
1132 2782 1174 2816 H.
1205 2781 1218 2814 1
1248 2781 1293 2815 79
1330 2779 1459 2813 tradita
1498 2778 1641 2812 Tacitus

917 2831 1037 2866 verbis
1064 2830 1138 2864 illis
1167 2834 1309 2863 coortae
1337 2830 1374 2862 in
1400 2839 1464 2862 nos
1482 2828 1636 2862 Sarma-

916 2887 1033 2915 tarum
1079 2891 1123 2913 ac
1169 2880 1364 2912 suevorum
1402 2883 1523 2923 qentes
1566 2886 1639 2911 non

917 2929 1140 2975 designavit.

995 2977 1200 3011 nobilitatus
1221 2975 1379 3012 cladibus
1404 2975 1529 3012 munais
1558 2975 1640 3011 Da-
