<?xml version="1.0" encoding="UTF-8"?>
<!DOCTYPE html PUBLIC "-//W3C//DTD XHTML 1.0 Transitional//EN"
    "http://www.w3.org/TR/xhtml1/DTD/xhtml1-transitional.dtd">
<html xmlns="http://www.w3.org/1999/xhtml" xml:lang="en" lang="en">
 <head>
  <title>
</title>
<meta http-equiv="Content-Type" content="text/html;charset=utf-8" />
  <meta name='ocr-system' content='tesseract 3.04.00' />
  <meta name='ocr-capabilities' content='ocr_page ocr_carea ocr_par ocr_line ocrx_word'/>
</head>
<body>
  <div class='ocr_page' id='page_1' title='image "./operaadcodicesan03taciuoft/operaadcodicesan03taciuoft_0810.png"; bbox 0 0 1768 3216; ppageno 0'>
   <div class='ocr_carea' id='block_1_1' title="bbox 178 225 257 265">
    <p class='ocr_par' dir='ltr' id='par_1_1' title="bbox 178 225 257 265">
     <span class='ocr_line' id='line_1_1' title="bbox 178 225 257 265; baseline -0.051 0"><span class='ocrx_word' id='word_1_1' title='bbox 178 225 257 265; x_wconf 67' lang='lat'><strong>868</strong></span> 
     </span>
    </p>
   </div>
   <div class='ocr_carea' id='block_1_2' title="bbox 178 340 910 1167">
    <p class='ocr_par' dir='ltr' id='par_1_2' title="bbox 184 340 657 376">
     <span class='ocr_line' id='line_1_2' title="bbox 184 340 657 376; baseline 0 0"><span class='ocrx_word' id='word_1_2' title='bbox 184 340 295 376; x_wconf 89' lang='lat' dir='ltr'><strong>robur</strong></span> <span class='ocrx_word' id='word_1_3' title='bbox 320 340 521 374; x_wconf 84' lang='lat' dir='ltr'><strong>Tullianum</strong></span> <span class='ocrx_word' id='word_1_4' title='bbox 549 340 574 375; x_wconf 94' lang='lat'><strong>4</strong></span> <span class='ocrx_word' id='word_1_5' title='bbox 599 341 657 376; x_wconf 88' lang='lat'><strong>29.</strong></span> 
     </span>
    </p>

    <p class='ocr_par' dir='ltr' id='par_1_3' title="bbox 183 401 909 496">
     <span class='ocr_line' id='line_1_3' title="bbox 183 401 909 447; baseline 0.001 -11"><span class='ocrx_word' id='word_1_6' title='bbox 183 413 267 443; x_wconf 65' lang='lat' dir='ltr'><strong>,rosa</strong></span> <span class='ocrx_word' id='word_1_7' title='bbox 296 401 470 447; x_wconf 78' lang='lat' dir='ltr'>singulari</span> <span class='ocrx_word' id='word_1_8' title='bbox 497 411 645 436; x_wconf 86' lang='lat' dir='ltr'><strong>numero</strong></span> <span class='ocrx_word' id='word_1_9' title='bbox 662 402 696 436; x_wconf 90' lang='lat' dir='ltr'><strong>vi</strong></span> <span class='ocrx_word' id='word_1_10' title='bbox 716 402 909 437; x_wconf 78' lang='lat' dir='ltr'>collectiva</span> 
     </span>
     <span class='ocr_line' id='line_1_4' title="bbox 231 461 396 496; baseline 0.006 -1"><span class='ocrx_word' id='word_1_11' title='bbox 231 461 260 495; x_wconf 99' lang='lat' dir='ltr'>H</span> <span class='ocrx_word' id='word_1_12' title='bbox 288 461 310 496; x_wconf 89' lang='lat'><strong>2</strong></span> <span class='ocrx_word' id='word_1_13' title='bbox 339 461 396 496; x_wconf 82' lang='lat'><strong>70.</strong></span> 
     </span>
    </p>

    <p class='ocr_par' dir='ltr' id='par_1_4' title="bbox 190 520 818 565">
     <span class='ocr_line' id='line_1_5' title="bbox 190 520 818 565; baseline 0.003 -11"><span class='ocrx_word' id='word_1_14' title='bbox 190 521 226 554; x_wconf 91' lang='lat' dir='ltr'><strong>in</strong></span> <span class='ocrx_word' id='word_1_15' title='bbox 253 520 393 556; x_wconf 86' lang='lat' dir='ltr'><strong>Rostris</strong></span> <span class='ocrx_word' id='word_1_16' title='bbox 422 525 676 565; x_wconf 84' lang='lat' dir='ltr'><strong>pernoctantes</strong></span> <span class='ocrx_word' id='word_1_17' title='bbox 704 521 732 555; x_wconf 90' lang='grc' dir='ltr'>Ο</span> <span class='ocrx_word' id='word_1_18' title='bbox 758 521 818 556; x_wconf 85' lang='grc'><strong>36.</strong></span> 
     </span>
    </p>

    <p class='ocr_par' dir='ltr' id='par_1_5' title="bbox 185 580 607 617">
     <span class='ocr_line' id='line_1_6' title="bbox 185 580 607 617; baseline -0.002 0"><span class='ocrx_word' id='word_1_19' title='bbox 185 585 263 617; x_wconf 82' lang='lat' dir='ltr'><strong>rota</strong></span> <span class='ocrx_word' id='word_1_20' title='bbox 287 581 467 616; x_wconf 77' lang='lat' dir='ltr'><strong>Fortunae</strong></span> <span class='ocrx_word' id='word_1_21' title='bbox 493 580 522 615; x_wconf 92' lang='grc' dir='ltr'>Ο</span> <span class='ocrx_word' id='word_1_22' title='bbox 549 581 607 617; x_wconf 85' lang='grc'><strong>23.</strong></span> 
     </span>
    </p>

    <p class='ocr_par' dir='ltr' id='par_1_6' title="bbox 182 641 908 737">
     <span class='ocr_line' id='line_1_7' title="bbox 182 641 908 688; baseline 0 -12"><span class='ocrx_word' id='word_1_23' title='bbox 182 641 373 676; x_wconf 86' lang='lat' dir='ltr'><strong>Rubellius</strong></span> <span class='ocrx_word' id='word_1_24' title='bbox 400 641 546 676; x_wconf 85' lang='lat' dir='ltr'><strong>Plautus</strong></span> <span class='ocrx_word' id='word_1_25' title='bbox 574 641 729 688; x_wconf 80' lang='lat' dir='ltr'><strong>Augusti</strong></span> <span class='ocrx_word' id='word_1_26' title='bbox 749 642 908 687; x_wconf 77' lang='lat' dir='ltr'>abnepos</span> 
     </span>
     <span class='ocr_line' id='line_1_8' title="bbox 234 701 363 737; baseline 0.008 -2"><span class='ocrx_word' id='word_1_27' title='bbox 234 702 278 736; x_wconf 88' lang='lat'><strong>13</strong></span> <span class='ocrx_word' id='word_1_28' title='bbox 309 701 363 737; x_wconf 88' lang='grc'><strong>19.</strong></span> 
     </span>
    </p>

    <p class='ocr_par' dir='ltr' id='par_1_7' title="bbox 179 761 910 858">
     <span class='ocr_line' id='line_1_9' title="bbox 179 761 910 797; baseline 0.001 -2"><span class='ocrx_word' id='word_1_29' title='bbox 179 762 323 797; x_wconf 86' lang='lat' dir='ltr'><strong>rubrum</strong></span> <span class='ocrx_word' id='word_1_30' title='bbox 349 772 447 796; x_wconf 88' lang='lat' dir='ltr'><strong>mare</strong></span> <span class='ocrx_word' id='word_1_31' title='bbox 485 762 521 797; x_wconf 85' lang='lat' dir='ltr'><strong>h.</strong></span> <span class='ocrx_word' id='word_1_32' title='bbox 553 773 585 796; x_wconf 93' lang='lat' dir='ltr'><strong>e.</strong></span> <span class='ocrx_word' id='word_1_33' title='bbox 619 763 717 796; x_wconf 87' lang='lat' dir='ltr'><strong>sinus</strong></span> <span class='ocrx_word' id='word_1_34' title='bbox 744 761 910 797; x_wconf 83' lang='lat' dir='ltr'><strong>Persicus</strong></span> 
     </span>
     <span class='ocr_line' id='line_1_10' title="bbox 225 822 477 858; baseline -0.004 -1"><span class='ocrx_word' id='word_1_35' title='bbox 225 823 247 858; x_wconf 88' lang='lat'><strong>2</strong></span> <span class='ocrx_word' id='word_1_36' title='bbox 276 822 335 857; x_wconf 90' lang='grc'><strong>61.</strong></span> <span class='ocrx_word' id='word_1_37' title='bbox 361 822 394 857; x_wconf 90' lang='lat' dir='ltr'>A</span> <span class='ocrx_word' id='word_1_38' title='bbox 422 822 477 857; x_wconf 90' lang='lat'><strong>12.</strong></span> 
     </span>
    </p>

    <p class='ocr_par' dir='ltr' id='par_1_8' title="bbox 178 882 906 978">
     <span class='ocr_line' id='line_1_11' title="bbox 178 882 906 918; baseline 0.003 -3"><span class='ocrx_word' id='word_1_39' title='bbox 178 883 315 918; x_wconf 82' lang='lat' dir='ltr'><strong>ruentis</strong></span> <span class='ocrx_word' id='word_1_40' title='bbox 359 882 526 917; x_wconf 78' lang='lat' dir='ltr'><strong>fortunae</strong></span> <span class='ocrx_word' id='word_1_41' title='bbox 562 883 759 918; x_wconf 86' lang='lat' dir='ltr'><strong>novissima</strong></span> <span class='ocrx_word' id='word_1_42' title='bbox 795 883 906 918; x_wconf 90' lang='lat' dir='ltr'><strong>libido</strong></span> 
     </span>
     <span class='ocr_line' id='line_1_12' title="bbox 232 942 396 978; baseline 0.006 -2"><span class='ocrx_word' id='word_1_43' title='bbox 232 942 261 976; x_wconf 87' lang='lat' dir='ltr'>H</span> <span class='ocrx_word' id='word_1_44' title='bbox 287 942 310 978; x_wconf 87' lang='lat'>3</span> <span class='ocrx_word' id='word_1_45' title='bbox 337 943 396 977; x_wconf 77' lang='grc'><strong>41.</strong></span> 
     </span>
    </p>

    <p class='ocr_par' dir='ltr' id='par_1_9' title="bbox 181 1002 907 1108">
     <span class='ocr_line' id='line_1_13' title="bbox 181 1002 907 1048; baseline 0 -12"><span class='ocrx_word' id='word_1_46' title='bbox 181 1012 348 1047; x_wconf 85' lang='lat' dir='ltr'><strong>rumpere</strong></span> <span class='ocrx_word' id='word_1_47' title='bbox 376 1007 411 1037; x_wconf 88' lang='lat' dir='ltr'><strong>et</strong></span> <span class='ocrx_word' id='word_1_48' title='bbox 433 1002 678 1048; x_wconf 88' lang='lat' dir='ltr'><strong>dirumpereH</strong></span> <span class='ocrx_word' id='word_1_49' title='bbox 705 1005 717 1037; x_wconf 88' lang='lat'>1</span> <span class='ocrx_word' id='word_1_50' title='bbox 740 1004 797 1038; x_wconf 85' lang='grc'><strong>55.</strong></span> <span class='ocrx_word' id='word_1_51' title='bbox 826 1013 907 1037; x_wconf 89' lang='lat' dir='ltr'><strong>num</strong></span> 
     </span>
     <span class='ocr_line' id='line_1_14' title="bbox 226 1063 648 1108; baseline 0.002 -12"><span class='ocrx_word' id='word_1_52' title='bbox 226 1073 458 1108; x_wconf 83' lang='lat' dir='ltr'><strong>prorumpere</strong></span> <span class='ocrx_word' id='word_1_53' title='bbox 486 1063 514 1097; x_wconf 87' lang='lat' dir='ltr'>H</span> <span class='ocrx_word' id='word_1_54' title='bbox 541 1063 563 1096; x_wconf 98' lang='lat'><strong>4</strong></span> <span class='ocrx_word' id='word_1_55' title='bbox 589 1063 648 1099; x_wconf 87' lang='grc'><strong>20.</strong></span> 
     </span>
    </p>

    <p class='ocr_par' dir='ltr' id='par_1_10' title="bbox 178 1121 777 1167">
     <span class='ocr_line' id='line_1_15' title="bbox 178 1121 777 1167; baseline 0 -9"><span class='ocrx_word' id='word_1_56' title='bbox 178 1121 337 1159; x_wconf 82' lang='lat' dir='ltr'><strong>Rutilius</strong></span> <span class='ocrx_word' id='word_1_57' title='bbox 364 1133 481 1157; x_wconf 89' lang='lat' dir='ltr'><strong>rerum</strong></span> <span class='ocrx_word' id='word_1_58' title='bbox 508 1122 662 1167; x_wconf 88' lang='lat' dir='ltr'><strong>scriptor</strong></span> <span class='ocrx_word' id='word_1_59' title='bbox 686 1123 718 1157; x_wconf 88' lang='lat' dir='ltr'><strong>A</strong></span> <span class='ocrx_word' id='word_1_60' title='bbox 746 1125 777 1158; x_wconf 92' lang='lat'><strong>1.</strong></span> 
     </span>
    </p>
   </div>
   <div class='ocr_carea' id='block_1_3' title="bbox 170 1242 907 2963">
    <p class='ocr_par' dir='ltr' id='par_1_11' title="bbox 178 1242 833 1279">
     <span class='ocr_line' id='line_1_16' title="bbox 178 1242 833 1279; baseline 0 -2"><span class='ocrx_word' id='word_1_61' title='bbox 178 1242 328 1279; x_wconf 80' lang='lat' dir='ltr'><strong>Sabrina</strong></span> <span class='ocrx_word' id='word_1_62' title='bbox 354 1246 390 1276; x_wconf 82' lang='lat' dir='ltr'><strong>et</strong></span> <span class='ocrx_word' id='word_1_63' title='bbox 415 1242 542 1276; x_wconf 88' lang='lat' dir='ltr'><strong>Avona</strong></span> <span class='ocrx_word' id='word_1_64' title='bbox 567 1242 668 1276; x_wconf 84' lang='lat' dir='ltr'><strong>fluvii</strong></span> <span class='ocrx_word' id='word_1_65' title='bbox 703 1243 746 1276; x_wconf 84' lang='lat'><strong>12</strong></span> <span class='ocrx_word' id='word_1_66' title='bbox 773 1242 833 1277; x_wconf 88' lang='lat'><strong>31.</strong></span> 
     </span>
    </p>

    <p class='ocr_par' dir='ltr' id='par_1_12' title="bbox 183 1303 905 1458">
     <span class='ocr_line' id='line_1_17' title="bbox 183 1303 905 1346; baseline -0.003 -9"><span class='ocrx_word' id='word_1_67' title='bbox 183 1306 444 1338; x_wconf 82' lang='lat' dir='ltr'><strong>sacramentum</strong></span> <span class='ocrx_word' id='word_1_68' title='bbox 485 1311 547 1346; x_wconf 85' lang='lat' dir='ltr'><strong>pro</strong></span> <span class='ocrx_word' id='word_1_69' title='bbox 586 1303 802 1346; x_wconf 78' lang='lat' dir='ltr'><strong>imperatore</strong></span> <span class='ocrx_word' id='word_1_70' title='bbox 838 1312 905 1336; x_wconf 83' lang='lat' dir='ltr'><strong>an-</strong></span> 
     </span>
     <span class='ocr_line' id='line_1_18' title="bbox 224 1361 903 1406; baseline 0 -11"><span class='ocrx_word' id='word_1_71' title='bbox 224 1362 460 1397; x_wconf 84' lang='lat' dir='ltr'><strong>niversarium</strong></span> <span class='ocrx_word' id='word_1_72' title='bbox 501 1363 536 1395; x_wconf 93' lang='lat' dir='ltr'><strong>in</strong></span> <span class='ocrx_word' id='word_1_73' title='bbox 573 1367 700 1396; x_wconf 87' lang='lat' dir='ltr'><strong>senatu</strong></span> <span class='ocrx_word' id='word_1_74' title='bbox 740 1366 775 1396; x_wconf 86' lang='lat' dir='ltr'><strong>et</strong></span> <span class='ocrx_word' id='word_1_75' title='bbox 810 1361 903 1406; x_wconf 88' lang='lat' dir='ltr'><strong>apud</strong></span> 
     </span>
     <span class='ocr_line' id='line_1_19' title="bbox 226 1422 758 1458; baseline 0 -2"><span class='ocrx_word' id='word_1_76' title='bbox 226 1423 407 1457; x_wconf 87' lang='lat' dir='ltr'><strong>exercitus</strong></span> <span class='ocrx_word' id='word_1_77' title='bbox 436 1422 479 1458; x_wconf 91' lang='grc'><strong>16</strong></span> <span class='ocrx_word' id='word_1_78' title='bbox 505 1423 566 1458; x_wconf 82' lang='lat'><strong>22.</strong></span> <span class='ocrx_word' id='word_1_79' title='bbox 600 1422 627 1455; x_wconf 89' lang='lat' dir='ltr'>H</span> <span class='ocrx_word' id='word_1_80' title='bbox 656 1423 671 1455; x_wconf 91' lang='lat'>1</span> <span class='ocrx_word' id='word_1_81' title='bbox 701 1422 758 1456; x_wconf 83' lang='lat'><strong>55.</strong></span> 
     </span>
    </p>

    <p class='ocr_par' dir='ltr' id='par_1_13' title="bbox 181 1482 906 1638">
     <span class='ocr_line' id='line_1_20' title="bbox 181 1482 904 1518; baseline -0.003 0"><span class='ocrx_word' id='word_1_82' title='bbox 181 1492 321 1518; x_wconf 86' lang='lat' dir='ltr'><strong>sacrum</strong></span> <span class='ocrx_word' id='word_1_83' title='bbox 367 1494 450 1517; x_wconf 89' lang='lat' dir='ltr'><strong>num</strong></span> <span class='ocrx_word' id='word_1_84' title='bbox 487 1482 607 1517; x_wconf 84' lang='lat' dir='ltr'><strong>valeat</strong></span> <span class='ocrx_word' id='word_1_85' title='bbox 639 1482 757 1517; x_wconf 87' lang='lat' dir='ltr'><strong>hostia</strong></span> <span class='ocrx_word' id='word_1_86' title='bbox 799 1484 821 1518; x_wconf 88' lang='grc'><strong>2</strong></span> <span class='ocrx_word' id='word_1_87' title='bbox 852 1484 904 1518; x_wconf 90' lang='grc'><strong>14.</strong></span> 
     </span>
     <span class='ocr_line' id='line_1_21' title="bbox 221 1543 906 1589; baseline -0.001 -12"><span class='ocrx_word' id='word_1_88' title='bbox 221 1553 324 1578; x_wconf 88' lang='lat' dir='ltr'><strong>sacra</strong></span> <span class='ocrx_word' id='word_1_89' title='bbox 349 1544 372 1577; x_wconf 88' lang='lat' dir='ltr'><strong>i.</strong></span> <span class='ocrx_word' id='word_1_90' title='bbox 402 1554 434 1578; x_wconf 88' lang='lat' dir='ltr'><strong>e.</strong></span> <span class='ocrx_word' id='word_1_91' title='bbox 471 1547 661 1589; x_wconf 84' lang='lat' dir='ltr'><strong>apparatus</strong></span> <span class='ocrx_word' id='word_1_92' title='bbox 695 1543 906 1578; x_wconf 85' lang='lat' dir='ltr'><strong>sacrificatis</strong></span> 
     </span>
     <span class='ocr_line' id='line_1_22' title="bbox 226 1603 354 1638; baseline 0.008 -1"><span class='ocrx_word' id='word_1_93' title='bbox 226 1603 269 1638; x_wconf 87' lang='grc'><strong>12</strong></span> <span class='ocrx_word' id='word_1_94' title='bbox 295 1603 354 1638; x_wconf 93' lang='grc'><strong>42.</strong></span> 
     </span>
    </p>

    <p class='ocr_par' dir='ltr' id='par_1_14' title="bbox 172 1662 636 1708">
     <span class='ocr_line' id='line_1_23' title="bbox 172 1662 636 1708; baseline -0.002 -10"><span class='ocrx_word' id='word_1_95' title='bbox 172 1668 297 1708; x_wconf 83' lang='lat' dir='ltr'><strong>saepta</strong></span> <span class='ocrx_word' id='word_1_96' title='bbox 322 1662 495 1708; x_wconf 88' lang='lat' dir='ltr'><strong>pudicitia</strong></span> <span class='ocrx_word' id='word_1_97' title='bbox 523 1663 550 1698; x_wconf 92' lang='lat' dir='ltr'>G</span> <span class='ocrx_word' id='word_1_98' title='bbox 582 1664 636 1699; x_wconf 87' lang='grc'><strong>19.</strong></span> 
     </span>
    </p>

    <p class='ocr_par' dir='ltr' id='par_1_15' title="bbox 174 1723 901 1819">
     <span class='ocr_line' id='line_1_24' title="bbox 174 1723 901 1768; baseline 0.001 -10"><span class='ocrx_word' id='word_1_99' title='bbox 174 1733 321 1758; x_wconf 82' lang='lat' dir='ltr'><strong>saevum</strong></span> <span class='ocrx_word' id='word_1_100' title='bbox 352 1723 597 1768; x_wconf 83' lang='lat' dir='ltr'><strong>spectaculum</strong></span> <span class='ocrx_word' id='word_1_101' title='bbox 617 1723 803 1759; x_wconf 88' lang='lat' dir='ltr'><strong>Vitelliani</strong></span> <span class='ocrx_word' id='word_1_102' title='bbox 831 1726 901 1759; x_wconf 90' lang='lat' dir='ltr'><strong>mi-</strong></span> 
     </span>
     <span class='ocr_line' id='line_1_25' title="bbox 222 1782 501 1819; baseline 0.011 -3"><span class='ocrx_word' id='word_1_103' title='bbox 222 1782 306 1817; x_wconf 85' lang='lat' dir='ltr'><strong>lites</strong></span> <span class='ocrx_word' id='word_1_104' title='bbox 335 1785 360 1818; x_wconf 89' lang='grc' dir='ltr'><strong><em>Η</em></strong></span> <span class='ocrx_word' id='word_1_105' title='bbox 391 1785 413 1819; x_wconf 88' lang='grc'><strong>2</strong></span> <span class='ocrx_word' id='word_1_106' title='bbox 441 1783 501 1819; x_wconf 89' lang='grc'><strong>88.</strong></span> 
     </span>
    </p>

    <p class='ocr_par' dir='ltr' id='par_1_16' title="bbox 173 1843 591 1882">
     <span class='ocr_line' id='line_1_26' title="bbox 173 1843 591 1882; baseline 0.002 -4"><span class='ocrx_word' id='word_1_107' title='bbox 173 1843 310 1882; x_wconf 84' lang='lat' dir='ltr'><strong>Salaria</strong></span> <span class='ocrx_word' id='word_1_108' title='bbox 337 1844 396 1878; x_wconf 88' lang='lat' dir='ltr'><strong>via</strong></span> <span class='ocrx_word' id='word_1_109' title='bbox 424 1845 453 1879; x_wconf 90' lang='lat' dir='ltr'>H</span> <span class='ocrx_word' id='word_1_110' title='bbox 484 1845 506 1878; x_wconf 86' lang='lat'><strong>3</strong></span> <span class='ocrx_word' id='word_1_111' title='bbox 534 1845 591 1880; x_wconf 86' lang='grc'><strong>78.</strong></span> 
     </span>
    </p>

    <p class='ocr_par' dir='ltr' id='par_1_17' title="bbox 174 1903 901 2001">
     <span class='ocr_line' id='line_1_27' title="bbox 174 1903 901 1952; baseline 0.003 -13"><span class='ocrx_word' id='word_1_112' title='bbox 174 1903 270 1939; x_wconf 91' lang='lat' dir='ltr'><strong>Salei</strong></span> <span class='ocrx_word' id='word_1_113' title='bbox 298 1903 400 1939; x_wconf 85' lang='lat' dir='ltr'><strong>Bassi</strong></span> <span class='ocrx_word' id='word_1_114' title='bbox 436 1905 615 1950; x_wconf 72' lang='lat' dir='ltr'><strong>poeticam</strong></span> <span class='ocrx_word' id='word_1_115' title='bbox 655 1905 806 1952; x_wconf 85' lang='lat' dir='ltr'><strong>gloriam</strong></span> <span class='ocrx_word' id='word_1_116' title='bbox 833 1907 901 1940; x_wconf 85' lang='lat' dir='ltr'><strong>Ta-</strong></span> 
     </span>
     <span class='ocr_line' id='line_1_28' title="bbox 224 1964 698 2001; baseline 0.002 -3"><span class='ocrx_word' id='word_1_117' title='bbox 224 1965 315 1998; x_wconf 86' lang='lat' dir='ltr'><strong>citus</strong></span> <span class='ocrx_word' id='word_1_118' title='bbox 340 1975 411 1999; x_wconf 91' lang='lat' dir='ltr'><strong>non</strong></span> <span class='ocrx_word' id='word_1_119' title='bbox 439 1964 582 2000; x_wconf 87' lang='lat' dir='ltr'><strong>extollit</strong></span> <span class='ocrx_word' id='word_1_120' title='bbox 608 1965 635 2000; x_wconf 90' lang='lat'>0</span> <span class='ocrx_word' id='word_1_121' title='bbox 663 1967 698 2001; x_wconf 87' lang='grc'><strong>5.</strong></span> 
     </span>
    </p>

    <p class='ocr_par' dir='ltr' id='par_1_18' title="bbox 175 2022 899 2117">
     <span class='ocr_line' id='line_1_29' title="bbox 175 2022 899 2060; baseline 0.006 -4"><span class='ocrx_word' id='word_1_122' title='bbox 175 2022 385 2058; x_wconf 84' lang='lat' dir='ltr'><strong>Sallustiani</strong></span> <span class='ocrx_word' id='word_1_123' title='bbox 413 2023 506 2058; x_wconf 88' lang='lat' dir='ltr'><strong>horti</strong></span> <span class='ocrx_word' id='word_1_124' title='bbox 531 2024 591 2058; x_wconf 92' lang='lat' dir='ltr'><strong>ubi</strong></span> <span class='ocrx_word' id='word_1_125' title='bbox 618 2025 679 2059; x_wconf 87' lang='lat' dir='ltr'><strong>siti</strong></span> <span class='ocrx_word' id='word_1_126' title='bbox 710 2025 753 2059; x_wconf 82' lang='lat'><strong>13</strong></span> <span class='ocrx_word' id='word_1_127' title='bbox 778 2025 836 2060; x_wconf 84' lang='lat'><strong>47.</strong></span> <span class='ocrx_word' id='word_1_128' title='bbox 870 2026 899 2059; x_wconf 88' lang='lat' dir='ltr'>H</span> 
     </span>
     <span class='ocr_line' id='line_1_30' title="bbox 221 2081 326 2117; baseline 0 -2"><span class='ocrx_word' id='word_1_129' title='bbox 221 2081 244 2115; x_wconf 83' lang='lat'>3</span> <span class='ocrx_word' id='word_1_130' title='bbox 267 2081 326 2117; x_wconf 89' lang='grc'><strong>82.</strong></span> 
     </span>
    </p>

    <p class='ocr_par' dir='ltr' id='par_1_19' title="bbox 170 2141 880 2180">
     <span class='ocr_line' id='line_1_31' title="bbox 170 2141 880 2180; baseline 0.004 -4"><span class='ocrx_word' id='word_1_131' title='bbox 170 2141 386 2180; x_wconf 82' lang='lat' dir='ltr'><strong>Sallustium</strong></span> <span class='ocrx_word' id='word_1_132' title='bbox 413 2141 554 2177; x_wconf 87' lang='lat' dir='ltr'><strong>Tacitus</strong></span> <span class='ocrx_word' id='word_1_133' title='bbox 582 2144 740 2178; x_wconf 85' lang='lat' dir='ltr'><strong>imitatur</strong></span> <span class='ocrx_word' id='word_1_134' title='bbox 764 2145 796 2178; x_wconf 91' lang='lat' dir='ltr'><strong>A</strong></span> <span class='ocrx_word' id='word_1_135' title='bbox 822 2145 880 2179; x_wconf 80' lang='lat'><strong>37.</strong></span> 
     </span>
    </p>

    <p class='ocr_par' dir='ltr' id='par_1_20' title="bbox 178 2201 770 2249">
     <span class='ocr_line' id='line_1_32' title="bbox 178 2201 770 2249; baseline 0.002 -13"><span class='ocrx_word' id='word_1_136' title='bbox 178 2202 292 2237; x_wconf 81' lang='lat' dir='ltr'><strong>saltus</strong></span> <span class='ocrx_word' id='word_1_137' title='bbox 318 2201 639 2249; x_wconf 86' lang='lat' dir='ltr'><strong>Teutoburgiensis</strong></span> <span class='ocrx_word' id='word_1_138' title='bbox 669 2206 683 2238; x_wconf 90' lang='lat'>1</span> <span class='ocrx_word' id='word_1_139' title='bbox 712 2204 770 2239; x_wconf 87' lang='lat'><strong>60.</strong></span> 
     </span>
    </p>

    <p class='ocr_par' dir='ltr' id='par_1_21' title="bbox 173 2261 907 2478">
     <span class='ocr_line' id='line_1_33' title="bbox 173 2261 907 2309; baseline 0.001 -14"><span class='ocrx_word' id='word_1_140' title='bbox 173 2261 300 2296; x_wconf 86' lang='lat' dir='ltr'><strong>salutis</strong></span> <span class='ocrx_word' id='word_1_141' title='bbox 314 2264 501 2308; x_wconf 83' lang='lat' dir='ltr'><strong>augurium</strong></span> <span class='ocrx_word' id='word_1_142' title='bbox 518 2263 658 2308; x_wconf 86' lang='lat' dir='ltr'><strong>quando</strong></span> <span class='ocrx_word' id='word_1_143' title='bbox 673 2268 851 2309; x_wconf 88' lang='lat' dir='ltr'><strong>sumptum</strong></span> <span class='ocrx_word' id='word_1_144' title='bbox 872 2268 907 2298; x_wconf 87' lang='lat' dir='ltr'><strong>et:</strong></span> 
     </span>
     <span class='ocr_line' id='line_1_34' title="bbox 220 2323 903 2367; baseline 0.004 -12"><span class='ocrx_word' id='word_1_145' title='bbox 220 2323 411 2367; x_wconf 86' lang='lat' dir='ltr'><strong>repetitum</strong></span> <span class='ocrx_word' id='word_1_146' title='bbox 452 2324 524 2367; x_wconf 91' lang='lat' dir='ltr'><strong>sit;</strong></span> <span class='ocrx_word' id='word_1_147' title='bbox 570 2324 696 2358; x_wconf 87' lang='lat' dir='ltr'><strong>vitium</strong></span> <span class='ocrx_word' id='word_1_148' title='bbox 735 2335 755 2357; x_wconf 87' lang='lat' dir='ltr'><strong>a</strong></span> <span class='ocrx_word' id='word_1_149' title='bbox 789 2323 903 2358; x_wconf 84' lang='lat' dir='ltr'><strong>libra-</strong></span> 
     </span>
     <span class='ocr_line' id='line_1_35' title="bbox 219 2382 901 2419; baseline 0.004 -4"><span class='ocrx_word' id='word_1_150' title='bbox 219 2382 281 2416; x_wconf 87' lang='lat' dir='ltr'><strong>riis</strong></span> <span class='ocrx_word' id='word_1_151' title='bbox 317 2383 352 2417; x_wconf 92' lang='lat' dir='ltr'><strong>in</strong></span> <span class='ocrx_word' id='word_1_152' title='bbox 398 2394 546 2418; x_wconf 88' lang='lat' dir='ltr'><strong>numero</strong></span> <span class='ocrx_word' id='word_1_153' title='bbox 586 2384 812 2419; x_wconf 87' lang='lat' dir='ltr'><strong>commissum</strong></span> <span class='ocrx_word' id='word_1_154' title='bbox 858 2385 901 2418; x_wconf 93' lang='grc'><strong>12</strong></span> 
     </span>
     <span class='ocr_line' id='line_1_36' title="bbox 218 2443 278 2478; baseline -0.017 0"><span class='ocrx_word' id='word_1_155' title='bbox 218 2443 278 2478; x_wconf 88' lang='grc'><strong>23.</strong></span> 
     </span>
    </p>

    <p class='ocr_par' dir='ltr' id='par_1_22' title="bbox 171 2502 901 2604">
     <span class='ocr_line' id='line_1_37' title="bbox 171 2502 901 2550; baseline 0.003 -14"><span class='ocrx_word' id='word_1_156' title='bbox 171 2502 307 2538; x_wconf 85' lang='lat' dir='ltr'><strong>Sancus</strong></span> <span class='ocrx_word' id='word_1_157' title='bbox 339 2504 609 2539; x_wconf 85' lang='lat' dir='ltr'><strong>rescribendum</strong></span> <span class='ocrx_word' id='word_1_158' title='bbox 647 2505 800 2540; x_wconf 89' lang='lat' dir='ltr'><strong>videtur</strong></span> <span class='ocrx_word' id='word_1_159' title='bbox 837 2515 901 2550; x_wconf 89' lang='lat' dir='ltr'><strong>pro</strong></span> 
     </span>
     <span class='ocr_line' id='line_1_38' title="bbox 220 2563 790 2604; baseline 0.004 -6"><span class='ocrx_word' id='word_1_160' title='bbox 220 2563 373 2598; x_wconf 85' lang='lat' dir='ltr'><strong>Sanctus</strong></span> <span class='ocrx_word' id='word_1_161' title='bbox 400 2564 429 2598; x_wconf 91' lang='lat' dir='ltr'>H</span> <span class='ocrx_word' id='word_1_162' title='bbox 455 2565 479 2598; x_wconf 91' lang='lat'><strong>4</strong></span> <span class='ocrx_word' id='word_1_163' title='bbox 504 2565 563 2600; x_wconf 88' lang='grc'><strong>62.</strong></span> <span class='ocrx_word' id='word_1_164' title='bbox 787 2602 790 2604; x_wconf 68' lang='grc'>,</span> 
     </span>
    </p>

    <p class='ocr_par' dir='ltr' id='par_1_23' title="bbox 171 2625 772 2671">
     <span class='ocr_line' id='line_1_39' title="bbox 171 2625 772 2671; baseline 0.003 -13"><span class='ocrx_word' id='word_1_165' title='bbox 171 2625 393 2671; x_wconf 87' lang='lat' dir='ltr'><strong>sanguinans</strong></span> <span class='ocrx_word' id='word_1_166' title='bbox 421 2625 632 2670; x_wconf 86' lang='lat' dir='ltr'><strong>eloquentia</strong></span> <span class='ocrx_word' id='word_1_167' title='bbox 659 2625 686 2660; x_wconf 95' lang='lat'>0</span> <span class='ocrx_word' id='word_1_168' title='bbox 717 2627 772 2660; x_wconf 88' lang='lat'><strong>12.</strong></span> 
     </span>
    </p>

    <p class='ocr_par' dir='ltr' id='par_1_24' title="bbox 171 2684 546 2720">
     <span class='ocr_line' id='line_1_40' title="bbox 171 2684 546 2720; baseline 0.008 -3"><span class='ocrx_word' id='word_1_169' title='bbox 171 2684 349 2719; x_wconf 85' lang='lat' dir='ltr'><strong>satellites</strong></span> <span class='ocrx_word' id='word_1_170' title='bbox 386 2686 411 2719; x_wconf 90' lang='grc' dir='ltr'>Η</span> <span class='ocrx_word' id='word_1_171' title='bbox 443 2687 459 2718; x_wconf 89' lang='grc'><strong>1</strong></span> <span class='ocrx_word' id='word_1_172' title='bbox 487 2684 546 2720; x_wconf 86' lang='grc'><strong>84.</strong></span> 
     </span>
    </p>

    <p class='ocr_par' dir='ltr' id='par_1_25' title="bbox 176 2745 418 2780">
     <span class='ocr_line' id='line_1_41' title="bbox 176 2745 418 2780; baseline 0.004 -2"><span class='ocrx_word' id='word_1_173' title='bbox 176 2745 284 2779; x_wconf 85' lang='lat' dir='ltr'><strong>satias</strong></span> <span class='ocrx_word' id='word_1_174' title='bbox 311 2745 333 2779; x_wconf 90' lang='lat'><strong>3</strong></span> <span class='ocrx_word' id='word_1_175' title='bbox 359 2745 418 2780; x_wconf 85' lang='lat'><strong>54.</strong></span> 
     </span>
    </p>

    <p class='ocr_par' dir='ltr' id='par_1_26' title="bbox 171 2805 798 2841">
     <span class='ocr_line' id='line_1_42' title="bbox 171 2805 798 2841; baseline 0 -1"><span class='ocrx_word' id='word_1_176' title='bbox 171 2806 320 2840; x_wconf 88' lang='lat' dir='ltr'><strong>satiatus</strong></span> <span class='ocrx_word' id='word_1_177' title='bbox 347 2806 370 2840; x_wconf 90' lang='lat' dir='ltr'><strong>i.</strong></span> <span class='ocrx_word' id='word_1_178' title='bbox 402 2817 434 2841; x_wconf 88' lang='lat' dir='ltr'><strong>e.</strong></span> <span class='ocrx_word' id='word_1_179' title='bbox 463 2810 657 2840; x_wconf 85' lang='lat' dir='ltr'><strong>contentus</strong></span> <span class='ocrx_word' id='word_1_180' title='bbox 683 2806 714 2839; x_wconf 93' lang='lat' dir='ltr'><strong>A</strong></span> <span class='ocrx_word' id='word_1_181' title='bbox 740 2805 798 2840; x_wconf 84' lang='lat'><strong>39.</strong></span> 
     </span>
    </p>

    <p class='ocr_par' dir='ltr' id='par_1_27' title="bbox 170 2865 851 2912">
     <span class='ocr_line' id='line_1_43' title="bbox 170 2865 851 2912; baseline 0 -11"><span class='ocrx_word' id='word_1_182' title='bbox 170 2865 258 2901; x_wconf 82' lang='lat' dir='ltr'><strong>satis</strong></span> <span class='ocrx_word' id='word_1_183' title='bbox 286 2865 419 2900; x_wconf 89' lang='lat' dir='ltr'><strong>obiecti</strong></span> <span class='ocrx_word' id='word_1_184' title='bbox 450 2866 531 2900; x_wconf 88' lang='lat' dir='ltr'><strong>vice</strong></span> <span class='ocrx_word' id='word_1_185' title='bbox 560 2866 716 2912; x_wconf 80' lang='lat' dir='ltr'><strong>fungens</strong></span> <span class='ocrx_word' id='word_1_186' title='bbox 743 2866 765 2901; x_wconf 84' lang='lat'><strong>6</strong></span> <span class='ocrx_word' id='word_1_187' title='bbox 792 2866 851 2901; x_wconf 81' lang='grc'><strong>27.</strong></span> 
     </span>
    </p>

    <p class='ocr_par' dir='ltr' id='par_1_28' title="bbox 172 2925 755 2963">
     <span class='ocr_line' id='line_1_44' title="bbox 172 2925 755 2963; baseline 0.002 -1"><span class='ocrx_word' id='word_1_188' title='bbox 172 2925 457 2962; x_wconf 83' lang='lat' dir='ltr'><strong>Saturnaliorum</strong></span> <span class='ocrx_word' id='word_1_189' title='bbox 483 2926 560 2962; x_wconf 87' lang='lat' dir='ltr'><strong>dies</strong></span> <span class='ocrx_word' id='word_1_190' title='bbox 585 2927 615 2963; x_wconf 88' lang='lat' dir='ltr'>H</span> <span class='ocrx_word' id='word_1_191' title='bbox 647 2927 670 2962; x_wconf 88' lang='grc'>3</span> <span class='ocrx_word' id='word_1_192' title='bbox 698 2926 755 2963; x_wconf 90' lang='grc'><strong>78.</strong></span> 
     </span>
    </p>
   </div>
   <div class='ocr_carea' id='block_1_4' title="bbox 866 225 1010 262">
    <p class='ocr_par' dir='ltr' id='par_1_29' title="bbox 866 225 1010 262">
     <span class='ocr_line' id='line_1_45' title="bbox 866 225 1010 262; baseline 0 0"><span class='ocrx_word' id='word_1_193' title='bbox 866 225 1010 262; x_wconf 84' lang='lat' dir='ltr'>INDEX</span> 
     </span>
    </p>
   </div>
   <div class='ocr_carea' id='block_1_5' title="bbox 953 343 1683 1162">
    <p class='ocr_par' dir='ltr' id='par_1_30' title="bbox 956 343 1683 568">
     <span class='ocr_line' id='line_1_46' title="bbox 964 343 1683 392; baseline 0.001 -13"><span class='ocrx_word' id='word_1_194' title='bbox 964 343 1224 379; x_wconf 85' lang='lat' dir='ltr'><strong>Scandinavica</strong></span> <span class='ocrx_word' id='word_1_195' title='bbox 1242 354 1356 391; x_wconf 77' lang='lat' dir='ltr'><strong>regna</strong></span> <span class='ocrx_word' id='word_1_196' title='bbox 1381 354 1402 379; x_wconf 85' lang='lat' dir='ltr'><strong>a</strong></span> <span class='ocrx_word' id='word_1_197' title='bbox 1422 345 1606 380; x_wconf 78' lang='lat' dir='ltr'><strong>veteribus</strong></span> <span class='ocrx_word' id='word_1_198' title='bbox 1620 355 1683 392; x_wconf 84' lang='lat' dir='ltr'><strong>pro</strong></span> 
     </span>
     <span class='ocr_line' id='line_1_47' title="bbox 1010 403 1645 447; baseline 0.005 -10"><span class='ocrx_word' id='word_1_199' title='bbox 1010 403 1138 438; x_wconf 87' lang='lat' dir='ltr'><strong>insulis</strong></span> <span class='ocrx_word' id='word_1_200' title='bbox 1166 403 1287 438; x_wconf 85' lang='lat' dir='ltr'><strong>habita</strong></span> <span class='ocrx_word' id='word_1_201' title='bbox 1311 404 1340 438; x_wconf 89' lang='lat' dir='ltr'>G</span> <span class='ocrx_word' id='word_1_202' title='bbox 1365 403 1424 439; x_wconf 81' lang='lat'><strong>44.</strong></span> <span class='ocrx_word' id='word_1_203' title='bbox 1643 445 1645 447; x_wconf 21' lang='lat'><strong><em>¹</em></strong></span> 
     </span>
     <span class='ocr_line' id='line_1_48' title="bbox 956 463 1683 511; baseline 0.004 -14"><span class='ocrx_word' id='word_1_204' title='bbox 956 463 1110 498; x_wconf 87' lang='lat' dir='ltr'><strong>Scaurus</strong></span> <span class='ocrx_word' id='word_1_205' title='bbox 1159 463 1357 499; x_wconf 82' lang='lat' dir='ltr'><strong>Mamercus</strong></span> <span class='ocrx_word' id='word_1_206' title='bbox 1421 464 1683 511; x_wconf 85' lang='lat' dir='ltr'><strong>tragoediarum</strong></span> 
     </span>
     <span class='ocr_line' id='line_1_49' title="bbox 1012 523 1302 568; baseline 0.007 -12"><span class='ocrx_word' id='word_1_207' title='bbox 1012 524 1166 568; x_wconf 89' lang='lat' dir='ltr'><strong>scriptor</strong></span> <span class='ocrx_word' id='word_1_208' title='bbox 1190 523 1213 557; x_wconf 91' lang='lat'><strong>6</strong></span> <span class='ocrx_word' id='word_1_209' title='bbox 1243 523 1302 560; x_wconf 89' lang='grc'><strong>29.</strong></span> 
     </span>
    </p>

    <p class='ocr_par' dir='ltr' id='par_1_31' title="bbox 953 582 1682 680">
     <span class='ocr_line' id='line_1_50' title="bbox 953 582 1682 621; baseline 0.001 -4"><span class='ocrx_word' id='word_1_210' title='bbox 953 582 1099 617; x_wconf 86' lang='lat' dir='ltr'><strong>schema</strong></span> <span class='ocrx_word' id='word_1_211' title='bbox 1133 582 1288 618; x_wconf 86' lang='lat' dir='ltr'><strong>tricolon</strong></span> <span class='ocrx_word' id='word_1_212' title='bbox 1325 588 1362 619; x_wconf 81' lang='lat' dir='ltr'><strong>et</strong></span> <span class='ocrx_word' id='word_1_213' title='bbox 1399 583 1602 621; x_wconf 83' lang='lat' dir='ltr'><strong>tetracolon</strong></span> <span class='ocrx_word' id='word_1_214' title='bbox 1641 585 1682 619; x_wconf 84' lang='grc'><strong>11</strong></span> 
     </span>
     <span class='ocr_line' id='line_1_51' title="bbox 1006 642 1372 680; baseline 0.005 -2"><span class='ocrx_word' id='word_1_215' title='bbox 1006 642 1040 678; x_wconf 89' lang='grc'><strong>6.</strong></span> <span class='ocrx_word' id='word_1_216' title='bbox 1068 642 1097 677; x_wconf 90' lang='grc' dir='ltr'><strong><em>Η</em></strong></span> <span class='ocrx_word' id='word_1_217' title='bbox 1128 645 1144 678; x_wconf 86' lang='lat'>1</span> <span class='ocrx_word' id='word_1_218' title='bbox 1175 644 1222 680; x_wconf 82' lang='lat'><strong>50</strong></span> <span class='ocrx_word' id='word_1_219' title='bbox 1249 648 1285 679; x_wconf 76' lang='lat' dir='ltr'><strong>et</strong></span> <span class='ocrx_word' id='word_1_220' title='bbox 1314 645 1372 680; x_wconf 89' lang='lat'><strong>70.</strong></span> 
     </span>
    </p>

    <p class='ocr_par' dir='ltr' id='par_1_32' title="bbox 959 702 1622 750">
     <span class='ocr_line' id='line_1_52' title="bbox 959 702 1622 750; baseline 0.008 -14"><span class='ocrx_word' id='word_1_221' title='bbox 959 702 1098 737; x_wconf 87' lang='lat' dir='ltr'><strong>scrobis</strong></span> <span class='ocrx_word' id='word_1_222' title='bbox 1129 714 1265 750; x_wconf 86' lang='lat' dir='ltr'><strong>genere</strong></span> <span class='ocrx_word' id='word_1_223' title='bbox 1291 704 1465 740; x_wconf 84' lang='lat' dir='ltr'><strong>feminino</strong></span> <span class='ocrx_word' id='word_1_224' title='bbox 1496 705 1538 741; x_wconf 85' lang='lat'><strong>15</strong></span> <span class='ocrx_word' id='word_1_225' title='bbox 1563 704 1622 741; x_wconf 82' lang='lat'><strong>67.</strong></span> 
     </span>
    </p>

    <p class='ocr_par' dir='ltr' id='par_1_33' title="bbox 959 764 1683 870">
     <span class='ocr_line' id='line_1_53' title="bbox 959 764 1683 811; baseline 0.004 -15"><span class='ocrx_word' id='word_1_226' title='bbox 959 764 1111 797; x_wconf 84' lang='lat' dir='ltr'><strong>scrutari</strong></span> <span class='ocrx_word' id='word_1_227' title='bbox 1144 765 1168 798; x_wconf 89' lang='lat' dir='ltr'><strong>i.</strong></span> <span class='ocrx_word' id='word_1_228' title='bbox 1196 775 1228 799; x_wconf 92' lang='lat' dir='ltr'><strong>e.</strong></span> <span class='ocrx_word' id='word_1_229' title='bbox 1256 764 1300 799; x_wconf 84' lang='lat' dir='ltr'><strong>ab</strong></span> <span class='ocrx_word' id='word_1_230' title='bbox 1339 766 1434 800; x_wconf 89' lang='lat' dir='ltr'><strong>omni</strong></span> <span class='ocrx_word' id='word_1_231' title='bbox 1461 771 1563 810; x_wconf 86' lang='lat' dir='ltr'><strong>parte</strong></span> <span class='ocrx_word' id='word_1_232' title='bbox 1589 775 1683 811; x_wconf 86' lang='lat' dir='ltr'><strong>pun-</strong></span> 
     </span>
     <span class='ocr_line' id='line_1_54' title="bbox 1008 824 1294 870; baseline 0.01 -13"><span class='ocrx_word' id='word_1_233' title='bbox 1008 828 1098 870; x_wconf 84' lang='lat' dir='ltr'><strong>gunt</strong></span> <span class='ocrx_word' id='word_1_234' title='bbox 1126 825 1156 858; x_wconf 91' lang='lat' dir='ltr'>H</span> <span class='ocrx_word' id='word_1_235' title='bbox 1186 824 1209 859; x_wconf 88' lang='grc'>3</span> <span class='ocrx_word' id='word_1_236' title='bbox 1236 825 1294 860; x_wconf 91' lang='grc'><strong>27.</strong></span> 
     </span>
    </p>

    <p class='ocr_par' dir='ltr' id='par_1_34' title="bbox 958 884 1683 1039">
     <span class='ocr_line' id='line_1_55' title="bbox 958 884 1683 931; baseline 0.003 -13"><span class='ocrx_word' id='word_1_237' title='bbox 958 894 998 918; x_wconf 88' lang='lat' dir='ltr'><strong>se</strong></span> <span class='ocrx_word' id='word_1_238' title='bbox 1024 894 1222 929; x_wconf 86' lang='lat' dir='ltr'><strong>pronomen</strong></span> <span class='ocrx_word' id='word_1_239' title='bbox 1249 884 1376 920; x_wconf 87' lang='lat' dir='ltr'><strong>abesse</strong></span> <span class='ocrx_word' id='word_1_240' title='bbox 1400 890 1520 931; x_wconf 86' lang='lat' dir='ltr'><strong>potest</strong></span> <span class='ocrx_word' id='word_1_241' title='bbox 1546 896 1567 920; x_wconf 82' lang='lat' dir='ltr'><strong>a</strong></span> <span class='ocrx_word' id='word_1_242' title='bbox 1599 895 1683 931; x_wconf 81' lang='lat' dir='ltr'><strong>par-</strong></span> 
     </span>
     <span class='ocr_line' id='line_1_56' title="bbox 1006 945 1679 990; baseline 0.006 -12"><span class='ocrx_word' id='word_1_243' title='bbox 1006 945 1156 990; x_wconf 87' lang='lat' dir='ltr'><strong>ticipio,</strong></span> <span class='ocrx_word' id='word_1_244' title='bbox 1184 955 1205 980; x_wconf 83' lang='lat' dir='ltr'><strong>a</strong></span> <span class='ocrx_word' id='word_1_245' title='bbox 1230 946 1341 981; x_wconf 87' lang='lat' dir='ltr'><strong>verbo</strong></span> <span class='ocrx_word' id='word_1_246' title='bbox 1366 945 1466 981; x_wconf 84' lang='lat' dir='ltr'><strong>finito</strong></span> <span class='ocrx_word' id='word_1_247' title='bbox 1493 955 1565 981; x_wconf 90' lang='lat' dir='ltr'><strong>non</strong></span> <span class='ocrx_word' id='word_1_248' title='bbox 1594 947 1679 982; x_wconf 82' lang='lat' dir='ltr'><strong>item</strong></span> 
     </span>
     <span class='ocr_line' id='line_1_57' title="bbox 1010 1003 1098 1039; baseline 0 -1"><span class='ocrx_word' id='word_1_249' title='bbox 1010 1003 1038 1038; x_wconf 95' lang='grc' dir='ltr'><strong>Ο</strong></span> <span class='ocrx_word' id='word_1_250' title='bbox 1066 1005 1098 1039; x_wconf 88' lang='grc'><strong>5.</strong></span> 
     </span>
    </p>

    <p class='ocr_par' dir='ltr' id='par_1_35' title="bbox 954 1064 1407 1102">
     <span class='ocr_line' id='line_1_58' title="bbox 954 1064 1407 1102; baseline 0.011 -5"><span class='ocrx_word' id='word_1_251' title='bbox 954 1068 1133 1098; x_wconf 89' lang='lat' dir='ltr'><strong>secretum</strong></span> <span class='ocrx_word' id='word_1_252' title='bbox 1158 1064 1190 1099; x_wconf 94' lang='lat' dir='ltr'><strong>A</strong></span> <span class='ocrx_word' id='word_1_253' title='bbox 1215 1065 1262 1099; x_wconf 90' lang='grc'><strong>22</strong></span> <span class='ocrx_word' id='word_1_254' title='bbox 1290 1070 1326 1100; x_wconf 91' lang='lat' dir='ltr'><strong>et</strong></span> <span class='ocrx_word' id='word_1_255' title='bbox 1348 1066 1407 1102; x_wconf 85' lang='lat'><strong>39.</strong></span> 
     </span>
    </p>

    <p class='ocr_par' dir='ltr' id='par_1_36' title="bbox 957 1125 1644 1162">
     <span class='ocr_line' id='line_1_59' title="bbox 957 1125 1644 1162; baseline 0.006 -4"><span class='ocrx_word' id='word_1_256' title='bbox 957 1125 1138 1159; x_wconf 86' lang='lat' dir='ltr'><strong>sectiones</strong></span> <span class='ocrx_word' id='word_1_257' title='bbox 1165 1125 1294 1159; x_wconf 85' lang='lat' dir='ltr'><strong>aerarii</strong></span> <span class='ocrx_word' id='word_1_258' title='bbox 1324 1126 1368 1160; x_wconf 86' lang='lat'><strong>13</strong></span> <span class='ocrx_word' id='word_1_259' title='bbox 1394 1125 1453 1161; x_wconf 89' lang='grc'><strong>23.</strong></span> <span class='ocrx_word' id='word_1_260' title='bbox 1483 1126 1511 1161; x_wconf 84' lang='grc' dir='ltr'><strong><em>Η</em></strong></span> <span class='ocrx_word' id='word_1_261' title='bbox 1542 1129 1557 1162; x_wconf 91' lang='grc'><strong>1</strong></span> <span class='ocrx_word' id='word_1_262' title='bbox 1585 1127 1644 1162; x_wconf 86' lang='grc'><strong>90.</strong></span> 
     </span>
    </p>
   </div>
   <div class='ocr_carea' id='block_1_6' title="bbox 954 1183 1679 1278">
    <p class='ocr_par' dir='ltr' id='par_1_37' title="bbox 954 1183 1679 1278">
     <span class='ocr_line' id='line_1_60' title="bbox 954 1183 1679 1223; baseline 0.008 -6"><span class='ocrx_word' id='word_1_263' title='bbox 954 1183 1114 1218; x_wconf 88' lang='lat' dir='ltr'><strong>seculum</strong></span> <span class='ocrx_word' id='word_1_264' title='bbox 1154 1185 1177 1219; x_wconf 90' lang='lat' dir='ltr'><strong>i.</strong></span> <span class='ocrx_word' id='word_1_265' title='bbox 1207 1195 1238 1219; x_wconf 84' lang='lat' dir='ltr'><strong>e.</strong></span> <span class='ocrx_word' id='word_1_266' title='bbox 1266 1185 1380 1220; x_wconf 81' lang='lat' dir='ltr'><strong>seculi</strong></span> <span class='ocrx_word' id='word_1_267' title='bbox 1415 1196 1534 1221; x_wconf 87' lang='lat' dir='ltr'><strong>mores</strong></span> <span class='ocrx_word' id='word_1_268' title='bbox 1568 1185 1597 1221; x_wconf 86' lang='lat' dir='ltr'>G</span> <span class='ocrx_word' id='word_1_269' title='bbox 1624 1186 1679 1223; x_wconf 87' lang='grc'><strong>19.</strong></span> 
     </span>
     <span class='ocr_line' id='line_1_61' title="bbox 1005 1243 1192 1278; baseline 0.005 -1"><span class='ocrx_word' id='word_1_270' title='bbox 1005 1243 1051 1277; x_wconf 82' lang='lat' dir='ltr'><strong>cf.</strong></span> <span class='ocrx_word' id='word_1_271' title='bbox 1081 1243 1109 1278; x_wconf 93' lang='lat' dir='ltr'><strong>G</strong></span> <span class='ocrx_word' id='word_1_272' title='bbox 1138 1243 1192 1278; x_wconf 77' lang='lat'><strong>14.</strong></span> 
     </span>
    </p>
   </div>
   <div class='ocr_carea' id='block_1_7' title="bbox 948 1303 1680 2963">
    <p class='ocr_par' dir='ltr' id='par_1_38' title="bbox 955 1303 1192 1339">
     <span class='ocr_line' id='line_1_62' title="bbox 955 1303 1192 1339; baseline 0.004 -3"><span class='ocrx_word' id='word_1_273' title='bbox 955 1313 1060 1338; x_wconf 87' lang='lat' dir='ltr'><strong>secus</strong></span> <span class='ocrx_word' id='word_1_274' title='bbox 1088 1303 1110 1337; x_wconf 89' lang='grc'><strong>2</strong></span> <span class='ocrx_word' id='word_1_275' title='bbox 1132 1303 1192 1339; x_wconf 86' lang='lat'><strong>84.</strong></span> 
     </span>
    </p>

    <p class='ocr_par' dir='ltr' id='par_1_39' title="bbox 951 1364 1679 1412">
     <span class='ocr_line' id='line_1_63' title="bbox 951 1364 1679 1412; baseline 0.01 -16"><span class='ocrx_word' id='word_1_276' title='bbox 951 1373 1100 1397; x_wconf 90' lang='lat' dir='ltr'><strong>securus</strong></span> <span class='ocrx_word' id='word_1_277' title='bbox 1125 1368 1302 1409; x_wconf 86' lang='lat' dir='ltr'><strong>sequente</strong></span> <span class='ocrx_word' id='word_1_278' title='bbox 1331 1364 1375 1400; x_wconf 88' lang='lat' dir='ltr'><strong>de</strong></span> <span class='ocrx_word' id='word_1_279' title='bbox 1413 1370 1448 1400; x_wconf 84' lang='lat' dir='ltr'><strong>et</strong></span> <span class='ocrx_word' id='word_1_280' title='bbox 1474 1377 1538 1412; x_wconf 87' lang='lat' dir='ltr'><strong>pro</strong></span> <span class='ocrx_word' id='word_1_281' title='bbox 1562 1367 1594 1402; x_wconf 83' lang='lat' dir='ltr'><strong>A</strong></span> <span class='ocrx_word' id='word_1_282' title='bbox 1619 1367 1679 1403; x_wconf 83' lang='lat'><strong>26.</strong></span> 
     </span>
    </p>

    <p class='ocr_par' dir='ltr' id='par_1_40' title="bbox 956 1423 1680 1520">
     <span class='ocr_line' id='line_1_64' title="bbox 956 1423 1680 1470; baseline 0.007 -12"><span class='ocrx_word' id='word_1_283' title='bbox 956 1423 1110 1458; x_wconf 89' lang='lat' dir='ltr'><strong>Secundi</strong></span> <span class='ocrx_word' id='word_1_284' title='bbox 1142 1424 1329 1458; x_wconf 66' lang='lat' dir='ltr'><strong>(larinates</strong></span> <span class='ocrx_word' id='word_1_285' title='bbox 1359 1425 1428 1460; x_wconf 89' lang='lat' dir='ltr'><strong>duo</strong></span> <span class='ocrx_word' id='word_1_286' title='bbox 1445 1453 1454 1470; x_wconf 92' lang='lat'>‚</span> <span class='ocrx_word' id='word_1_287' title='bbox 1481 1437 1552 1463; x_wconf 89' lang='lat' dir='ltr'><strong>non</strong></span> <span class='ocrx_word' id='word_1_288' title='bbox 1579 1438 1680 1463; x_wconf 85' lang='lat' dir='ltr'><strong>com-</strong></span> 
     </span>
     <span class='ocr_line' id='line_1_65' title="bbox 1007 1483 1338 1520; baseline 0.009 -3"><span class='ocrx_word' id='word_1_289' title='bbox 1007 1483 1181 1518; x_wconf 83' lang='lat' dir='ltr'><strong>miscendi</strong></span> <span class='ocrx_word' id='word_1_290' title='bbox 1212 1485 1254 1519; x_wconf 85' lang='lat'><strong>15</strong></span> <span class='ocrx_word' id='word_1_291' title='bbox 1279 1485 1338 1520; x_wconf 87' lang='grc'><strong>45.</strong></span> 
     </span>
    </p>

    <p class='ocr_par' dir='ltr' id='par_1_41' title="bbox 958 1544 1678 1584">
     <span class='ocr_line' id='line_1_66' title="bbox 958 1544 1678 1584; baseline 0.01 -7"><span class='ocrx_word' id='word_1_292' title='bbox 958 1544 1144 1578; x_wconf 89' lang='lat' dir='ltr'><strong>Secundus</strong></span> <span class='ocrx_word' id='word_1_293' title='bbox 1156 1544 1268 1579; x_wconf 89' lang='lat' dir='ltr'><strong>lulius</strong></span> <span class='ocrx_word' id='word_1_294' title='bbox 1284 1556 1328 1580; x_wconf 90' lang='lat' dir='ltr'><strong>ex</strong></span> <span class='ocrx_word' id='word_1_295' title='bbox 1341 1545 1455 1581; x_wconf 80' lang='lat' dir='ltr'><strong>Gallia</strong></span> <span class='ocrx_word' id='word_1_296' title='bbox 1467 1552 1564 1582; x_wconf 89' lang='lat' dir='ltr'><strong>ortus</strong></span> <span class='ocrx_word' id='word_1_297' title='bbox 1576 1547 1604 1583; x_wconf 90' lang='grc' dir='ltr'><strong>Ο</strong></span> <span class='ocrx_word' id='word_1_298' title='bbox 1624 1549 1678 1584; x_wconf 89' lang='grc'><strong>10.</strong></span> 
     </span>
    </p>

    <p class='ocr_par' dir='ltr' id='par_1_42' title="bbox 950 1605 1679 1770">
     <span class='ocr_line' id='line_1_67' title="bbox 950 1605 1675 1653; baseline 0.008 -15"><span class='ocrx_word' id='word_1_299' title='bbox 950 1605 1112 1639; x_wconf 83' lang='lat' dir='ltr'><strong>securior</strong></span> <span class='ocrx_word' id='word_1_300' title='bbox 1150 1606 1310 1640; x_wconf 69' lang='lat' dir='ltr'><strong>materia«</strong></span> <span class='ocrx_word' id='word_1_301' title='bbox 1341 1606 1520 1642; x_wconf 83' lang='lat' dir='ltr'><strong>scribendi</strong></span> <span class='ocrx_word' id='word_1_302' title='bbox 1557 1609 1675 1653; x_wconf 85' lang='lat' dir='ltr'><strong>impe-</strong></span> 
     </span>
     <span class='ocr_line' id='line_1_68' title="bbox 997 1665 1679 1713; baseline 0.009 -15"><span class='ocrx_word' id='word_1_303' title='bbox 997 1666 1087 1698; x_wconf 91' lang='lat' dir='ltr'><strong>rium</strong></span> <span class='ocrx_word' id='word_1_304' title='bbox 1126 1665 1265 1700; x_wconf 82' lang='lat' dir='ltr'><strong>Traiani</strong></span> <span class='ocrx_word' id='word_1_305' title='bbox 1302 1670 1338 1700; x_wconf 84' lang='lat' dir='ltr'><strong>et</strong></span> <span class='ocrx_word' id='word_1_306' title='bbox 1363 1665 1504 1703; x_wconf 87' lang='lat' dir='ltr'><strong>Nervae</strong></span> <span class='ocrx_word' id='word_1_307' title='bbox 1540 1669 1679 1713; x_wconf 84' lang='lat' dir='ltr'><strong>princi-</strong></span> 
     </span>
     <span class='ocr_line' id='line_1_69' title="bbox 999 1726 1471 1770; baseline 0.011 -12"><span class='ocrx_word' id='word_1_308' title='bbox 999 1730 1102 1770; x_wconf 83' lang='lat' dir='ltr'><strong>patus</strong></span> <span class='ocrx_word' id='word_1_309' title='bbox 1131 1726 1159 1759; x_wconf 89' lang='lat' dir='ltr'>H</span> <span class='ocrx_word' id='word_1_310' title='bbox 1191 1728 1204 1760; x_wconf 89' lang='lat'>1</span> <span class='ocrx_word' id='word_1_311' title='bbox 1240 1727 1269 1760; x_wconf 85' lang='lat'><strong>1.</strong></span> <span class='ocrx_word' id='word_1_312' title='bbox 1299 1726 1346 1761; x_wconf 82' lang='lat' dir='ltr'><strong>cf.</strong></span> <span class='ocrx_word' id='word_1_313' title='bbox 1381 1727 1409 1763; x_wconf 92' lang='grc' dir='ltr'>Ο</span> <span class='ocrx_word' id='word_1_314' title='bbox 1436 1729 1471 1763; x_wconf 87' lang='grc'><strong>3.</strong></span> 
     </span>
    </p>

    <p class='ocr_par' dir='ltr' id='par_1_43' title="bbox 948 1785 1679 2121">
     <span class='ocr_line' id='line_1_70' title="bbox 948 1785 1676 1832; baseline 0.007 -14"><span class='ocrx_word' id='word_1_315' title='bbox 948 1785 1099 1819; x_wconf 89' lang='lat' dir='ltr'><strong>Seianus</strong></span> <span class='ocrx_word' id='word_1_316' title='bbox 1133 1796 1262 1832; x_wconf 83' lang='lat' dir='ltr'><strong>magna</strong></span> <span class='ocrx_word' id='word_1_317' title='bbox 1299 1796 1378 1820; x_wconf 92' lang='lat' dir='ltr'><strong>cum</strong></span> <span class='ocrx_word' id='word_1_318' title='bbox 1418 1789 1453 1822; x_wconf 90' lang='lat' dir='ltr'><strong>vi</strong></span> <span class='ocrx_word' id='word_1_319' title='bbox 1493 1798 1513 1823; x_wconf 86' lang='lat' dir='ltr'><strong>a</strong></span> <span class='ocrx_word' id='word_1_320' title='bbox 1554 1787 1676 1823; x_wconf 86' lang='lat' dir='ltr'><strong>Tacito</strong></span> 
     </span>
     <span class='ocr_line' id='line_1_71' title="bbox 996 1846 1676 1894; baseline 0.006 -15"><span class='ocrx_word' id='word_1_321' title='bbox 996 1846 1145 1890; x_wconf 90' lang='lat' dir='ltr'><strong>primum</strong></span> <span class='ocrx_word' id='word_1_322' title='bbox 1174 1851 1391 1881; x_wconf 88' lang='lat' dir='ltr'><strong>memoratus</strong></span> <span class='ocrx_word' id='word_1_323' title='bbox 1421 1850 1437 1882; x_wconf 94' lang='lat'>1</span> <span class='ocrx_word' id='word_1_324' title='bbox 1464 1848 1523 1883; x_wconf 87' lang='lat'><strong>24.</strong></span> <span class='ocrx_word' id='word_1_325' title='bbox 1552 1849 1582 1882; x_wconf 84' lang='lat' dir='ltr'><strong>is</strong></span> <span class='ocrx_word' id='word_1_326' title='bbox 1611 1859 1676 1894; x_wconf 92' lang='lat' dir='ltr'><strong>per</strong></span> 
     </span>
     <span class='ocr_line' id='line_1_72' title="bbox 1001 1906 1679 1955; baseline 0.007 -16"><span class='ocrx_word' id='word_1_327' title='bbox 1001 1906 1231 1951; x_wconf 84' lang='lat' dir='ltr'><strong>adoptionem</strong></span> <span class='ocrx_word' id='word_1_328' title='bbox 1271 1908 1308 1941; x_wconf 91' lang='lat' dir='ltr'><strong>in</strong></span> <span class='ocrx_word' id='word_1_329' title='bbox 1350 1907 1489 1944; x_wconf 89' lang='lat' dir='ltr'><strong>Aeliam</strong></span> <span class='ocrx_word' id='word_1_330' title='bbox 1533 1914 1679 1955; x_wconf 86' lang='lat' dir='ltr'><strong>gentem</strong></span> 
     </span>
     <span class='ocr_line' id='line_1_73' title="bbox 997 1965 1678 2004; baseline 0.007 -5"><span class='ocrx_word' id='word_1_331' title='bbox 997 1965 1161 2000; x_wconf 89' lang='lat' dir='ltr'><strong>inductus</strong></span> <span class='ocrx_word' id='word_1_332' title='bbox 1206 1977 1227 2001; x_wconf 89' lang='lat' dir='ltr'><strong>a</strong></span> <span class='ocrx_word' id='word_1_333' title='bbox 1262 1971 1374 2002; x_wconf 85' lang='lat' dir='ltr'><strong>matre</strong></span> <span class='ocrx_word' id='word_1_334' title='bbox 1411 1968 1532 2003; x_wconf 85' lang='lat' dir='ltr'><strong>Iunios</strong></span> <span class='ocrx_word' id='word_1_335' title='bbox 1566 1970 1678 2004; x_wconf 81' lang='lat' dir='ltr'><strong>attin-</strong></span> 
     </span>
     <span class='ocr_line' id='line_1_74' title="bbox 999 2024 1677 2071; baseline 0.006 -12"><span class='ocrx_word' id='word_1_336' title='bbox 999 2025 1108 2071; x_wconf 88' lang='lat' dir='ltr'><strong>gebat</strong></span> <span class='ocrx_word' id='word_1_337' title='bbox 1133 2024 1157 2059; x_wconf 76' lang='lat'>4</span> <span class='ocrx_word' id='word_1_338' title='bbox 1187 2027 1218 2059; x_wconf 95' lang='lat'><strong>1.</strong></span> <span class='ocrx_word' id='word_1_339' title='bbox 1273 2026 1430 2062; x_wconf 79' lang='lat' dir='ltr'><strong>affinitas</strong></span> <span class='ocrx_word' id='word_1_340' title='bbox 1467 2029 1562 2062; x_wconf 85' lang='lat' dir='ltr'><strong>inter</strong></span> <span class='ocrx_word' id='word_1_341' title='bbox 1597 2039 1677 2063; x_wconf 89' lang='lat' dir='ltr'><strong>eum</strong></span> 
     </span>
     <span class='ocr_line' id='line_1_75' title="bbox 997 2085 1341 2121; baseline 0.009 -3"><span class='ocrx_word' id='word_1_342' title='bbox 997 2089 1033 2118; x_wconf 88' lang='lat' dir='ltr'><strong>et</strong></span> <span class='ocrx_word' id='word_1_343' title='bbox 1058 2085 1237 2119; x_wconf 87' lang='lat' dir='ltr'><strong>Tiberium</strong></span> <span class='ocrx_word' id='word_1_344' title='bbox 1263 2085 1286 2121; x_wconf 88' lang='grc'><strong>6</strong></span> <span class='ocrx_word' id='word_1_345' title='bbox 1306 2086 1341 2121; x_wconf 92' lang='grc'><strong>8.</strong></span> 
     </span>
    </p>

    <p class='ocr_par' dir='ltr' id='par_1_44' title="bbox 956 2142 1332 2180">
     <span class='ocr_line' id='line_1_76' title="bbox 956 2142 1332 2180; baseline 0.003 -3"><span class='ocrx_word' id='word_1_346' title='bbox 956 2143 1175 2178; x_wconf 83' lang='lat' dir='ltr'><strong>sellisternia</strong></span> <span class='ocrx_word' id='word_1_347' title='bbox 1204 2142 1247 2180; x_wconf 80' lang='lat'><strong>15</strong></span> <span class='ocrx_word' id='word_1_348' title='bbox 1273 2145 1332 2179; x_wconf 88' lang='lat'><strong>44.</strong></span> 
     </span>
    </p>

    <p class='ocr_par' dir='ltr' id='par_1_45' title="bbox 956 2203 1443 2240">
     <span class='ocr_line' id='line_1_77' title="bbox 956 2203 1443 2240; baseline 0.004 -2"><span class='ocrx_word' id='word_1_349' title='bbox 956 2204 1172 2238; x_wconf 90' lang='lat' dir='ltr'><strong>Semnonum</strong></span> <span class='ocrx_word' id='word_1_350' title='bbox 1199 2203 1304 2238; x_wconf 88' lang='lat' dir='ltr'><strong>sedes</strong></span> <span class='ocrx_word' id='word_1_351' title='bbox 1331 2204 1358 2239; x_wconf 91' lang='lat' dir='ltr'>G</span> <span class='ocrx_word' id='word_1_352' title='bbox 1384 2204 1443 2240; x_wconf 89' lang='lat'><strong>39.</strong></span> 
     </span>
    </p>

    <p class='ocr_par' dir='ltr' id='par_1_46' title="bbox 957 2263 1677 2429">
     <span class='ocr_line' id='line_1_78' title="bbox 957 2263 1676 2311; baseline 0.001 -13"><span class='ocrx_word' id='word_1_353' title='bbox 957 2268 1102 2298; x_wconf 84' lang='lat' dir='ltr'><strong>senator</strong></span> <span class='ocrx_word' id='word_1_354' title='bbox 1130 2263 1338 2299; x_wconf 86' lang='lat' dir='ltr'><strong>attributum</strong></span> <span class='ocrx_word' id='word_1_355' title='bbox 1371 2265 1538 2311; x_wconf 86' lang='lat' dir='ltr'><strong>designat</strong></span> <span class='ocrx_word' id='word_1_356' title='bbox 1568 2275 1676 2300; x_wconf 89' lang='lat' dir='ltr'><strong>unum</strong></span> 
     </span>
     <span class='ocr_line' id='line_1_79' title="bbox 1002 2323 1677 2361; baseline 0.006 -4"><span class='ocrx_word' id='word_1_357' title='bbox 1002 2323 1045 2358; x_wconf 91' lang='lat' dir='ltr'><strong>de</strong></span> <span class='ocrx_word' id='word_1_358' title='bbox 1066 2323 1188 2358; x_wconf 88' lang='lat' dir='ltr'><strong>multis</strong></span> <span class='ocrx_word' id='word_1_359' title='bbox 1205 2325 1240 2358; x_wconf 92' lang='lat' dir='ltr'><strong>in</strong></span> <span class='ocrx_word' id='word_1_360' title='bbox 1260 2330 1387 2359; x_wconf 86' lang='lat' dir='ltr'><strong>senatu</strong></span> <span class='ocrx_word' id='word_1_361' title='bbox 1407 2324 1565 2361; x_wconf 84' lang='lat' dir='ltr'><strong>honores</strong></span> <span class='ocrx_word' id='word_1_362' title='bbox 1582 2335 1677 2361; x_wconf 90' lang='lat' dir='ltr'><strong>non-</strong></span> 
     </span>
     <span class='ocr_line' id='line_1_80' title="bbox 1001 2384 1411 2429; baseline 0.007 -11"><span class='ocrx_word' id='word_1_363' title='bbox 1001 2384 1082 2418; x_wconf 89' lang='lat' dir='ltr'><strong>dum</strong></span> <span class='ocrx_word' id='word_1_364' title='bbox 1110 2384 1276 2429; x_wconf 83' lang='lat' dir='ltr'><strong>adeptum</strong></span> <span class='ocrx_word' id='word_1_365' title='bbox 1303 2385 1326 2420; x_wconf 82' lang='lat'><strong>3</strong></span> <span class='ocrx_word' id='word_1_366' title='bbox 1352 2385 1411 2421; x_wconf 86' lang='lat'><strong>36.</strong></span> 
     </span>
    </p>

    <p class='ocr_par' dir='ltr' id='par_1_47' title="bbox 951 2445 1449 2480">
     <span class='ocr_line' id='line_1_81' title="bbox 951 2445 1449 2480; baseline 0.006 -3"><span class='ocrx_word' id='word_1_367' title='bbox 951 2446 1132 2478; x_wconf 86' lang='lat' dir='ltr'><strong>senatoria</strong></span> <span class='ocrx_word' id='word_1_368' title='bbox 1157 2449 1256 2479; x_wconf 87' lang='lat' dir='ltr'><strong>aetas</strong></span> <span class='ocrx_word' id='word_1_369' title='bbox 1283 2445 1313 2479; x_wconf 88' lang='lat' dir='ltr'>H</span> <span class='ocrx_word' id='word_1_370' title='bbox 1342 2446 1366 2480; x_wconf 84' lang='lat'><strong>4</strong></span> <span class='ocrx_word' id='word_1_371' title='bbox 1391 2446 1449 2480; x_wconf 88' lang='lat'><strong>42.</strong></span> 
     </span>
    </p>

    <p class='ocr_par' dir='ltr' id='par_1_48' title="bbox 951 2505 1676 2660">
     <span class='ocr_line' id='line_1_82' title="bbox 951 2505 1675 2551; baseline 0.004 -13"><span class='ocrx_word' id='word_1_372' title='bbox 951 2510 1113 2539; x_wconf 88' lang='lat' dir='ltr'><strong>senatum</strong></span> <span class='ocrx_word' id='word_1_373' title='bbox 1151 2505 1283 2539; x_wconf 85' lang='lat' dir='ltr'><strong>adeunt</strong></span> <span class='ocrx_word' id='word_1_374' title='bbox 1318 2506 1379 2551; x_wconf 90' lang='lat' dir='ltr'><strong>qui</strong></span> <span class='ocrx_word' id='word_1_375' title='bbox 1417 2507 1472 2540; x_wconf 90' lang='lat' dir='ltr'><strong>ius</strong></span> <span class='ocrx_word' id='word_1_376' title='bbox 1512 2510 1675 2550; x_wconf 87' lang='lat' dir='ltr'><strong>naturae,</strong></span> 
     </span>
     <span class='ocr_line' id='line_1_83' title="bbox 998 2565 1676 2602; baseline 0.003 -3"><span class='ocrx_word' id='word_1_377' title='bbox 998 2565 1142 2600; x_wconf 83' lang='lat' dir='ltr'><strong>labores</strong></span> <span class='ocrx_word' id='word_1_378' title='bbox 1175 2565 1351 2601; x_wconf 87' lang='lat' dir='ltr'><strong>educandi</strong></span> <span class='ocrx_word' id='word_1_379' title='bbox 1383 2589 1430 2595; x_wconf 90' lang='lat'><em>-</em></span> <span class='ocrx_word' id='word_1_380' title='bbox 1466 2572 1676 2602; x_wconf 86' lang='lat' dir='ltr'><strong>enumerant</strong></span> 
     </span>
     <span class='ocr_line' id='line_1_84' title="bbox 1002 2625 1128 2660; baseline 0 0"><span class='ocrx_word' id='word_1_381' title='bbox 1002 2626 1044 2660; x_wconf 92' lang='grc'><strong>15</strong></span> <span class='ocrx_word' id='word_1_382' title='bbox 1074 2625 1128 2660; x_wconf 87' lang='grc'><strong>19.</strong></span> 
     </span>
    </p>

    <p class='ocr_par' dir='ltr' id='par_1_49' title="bbox 949 2685 1676 2791">
     <span class='ocr_line' id='line_1_85' title="bbox 949 2685 1676 2721; baseline 0.001 -2"><span class='ocrx_word' id='word_1_383' title='bbox 949 2686 1175 2720; x_wconf 87' lang='lat' dir='ltr'><strong>senatoribus</strong></span> <span class='ocrx_word' id='word_1_384' title='bbox 1202 2686 1307 2721; x_wconf 86' lang='lat' dir='ltr'><strong>Italia</strong></span> <span class='ocrx_word' id='word_1_385' title='bbox 1334 2685 1510 2721; x_wconf 87' lang='lat' dir='ltr'><strong>excedere</strong></span> <span class='ocrx_word' id='word_1_386' title='bbox 1536 2687 1676 2721; x_wconf 84' lang='lat' dir='ltr'><strong>iniussu</strong></span> 
     </span>
     <span class='ocr_line' id='line_1_86' title="bbox 994 2746 1583 2791; baseline 0 -12"><span class='ocrx_word' id='word_1_387' title='bbox 994 2747 1168 2791; x_wconf 86' lang='lat' dir='ltr'><strong>principis</strong></span> <span class='ocrx_word' id='word_1_388' title='bbox 1193 2757 1264 2780; x_wconf 90' lang='lat' dir='ltr'><strong>non</strong></span> <span class='ocrx_word' id='word_1_389' title='bbox 1292 2746 1426 2780; x_wconf 83' lang='lat' dir='ltr'><strong>licebat</strong></span> <span class='ocrx_word' id='word_1_390' title='bbox 1455 2747 1499 2781; x_wconf 88' lang='lat'><strong>12</strong></span> <span class='ocrx_word' id='word_1_391' title='bbox 1524 2746 1583 2781; x_wconf 81' lang='grc'><strong>23.</strong></span> 
     </span>
    </p>

    <p class='ocr_par' dir='ltr' id='par_1_50' title="bbox 955 2806 1676 2963">
     <span class='ocr_line' id='line_1_87' title="bbox 955 2806 1676 2841; baseline 0.001 -2"><span class='ocrx_word' id='word_1_392' title='bbox 955 2812 1101 2841; x_wconf 84' lang='lat' dir='ltr'><strong>senatus</strong></span> <span class='ocrx_word' id='word_1_393' title='bbox 1139 2806 1302 2841; x_wconf 89' lang='lat' dir='ltr'><strong>consulta</strong></span> <span class='ocrx_word' id='word_1_394' title='bbox 1341 2817 1413 2840; x_wconf 91' lang='lat' dir='ltr'><strong>non</strong></span> <span class='ocrx_word' id='word_1_395' title='bbox 1457 2811 1533 2840; x_wconf 87' lang='lat' dir='ltr'><strong>rata</strong></span> <span class='ocrx_word' id='word_1_396' title='bbox 1575 2811 1676 2840; x_wconf 83' lang='lat' dir='ltr'><strong>erant</strong></span> 
     </span>
     <span class='ocr_line' id='line_1_88' title="bbox 997 2866 1673 2912; baseline 0.004 -13"><span class='ocrx_word' id='word_1_397' title='bbox 997 2871 1188 2912; x_wconf 84' lang='lat' dir='ltr'><strong>antequam</strong></span> <span class='ocrx_word' id='word_1_398' title='bbox 1214 2867 1258 2901; x_wconf 89' lang='lat' dir='ltr'><strong>ad</strong></span> <span class='ocrx_word' id='word_1_399' title='bbox 1285 2868 1460 2902; x_wconf 84' lang='lat' dir='ltr'><strong>aerarium</strong></span> <span class='ocrx_word' id='word_1_400' title='bbox 1479 2866 1599 2902; x_wconf 86' lang='lat' dir='ltr'><strong>delata</strong></span> <span class='ocrx_word' id='word_1_401' title='bbox 1612 2877 1673 2902; x_wconf 85' lang='lat' dir='ltr'><strong>es-</strong></span> 
     </span>
     <span class='ocr_line' id='line_1_89' title="bbox 1001 2928 1215 2963; baseline 0.005 -1"><span class='ocrx_word' id='word_1_402' title='bbox 1001 2932 1081 2962; x_wconf 88' lang='lat' dir='ltr'><strong>sent</strong></span> <span class='ocrx_word' id='word_1_403' title='bbox 1107 2928 1130 2962; x_wconf 81' lang='lat'><strong>3</strong></span> <span class='ocrx_word' id='word_1_404' title='bbox 1157 2929 1215 2963; x_wconf 87' lang='grc'><strong>51.</strong></span> 
     </span>
    </p>
   </div>
  </div>
 </body>
</html>
