1768 3216
603 218 735 255 LIBER
759 218 822 253 lv.
879 217 966 253 Gn.
996 219 1138 255 10-12
1561 219 1635 252 898

122 219 150 257 ι’
160 212 214 257 Ὃ.
238 221 300 258 69.

127 338 452 381 circumdarent.
512 338 632 380 Iussu
658 336 841 380 Muciani
874 336 1065 378 custodia
1095 335 1263 377 militari
1293 335 1473 387 cinctus,
1504 345 1560 375 ne
1590 334 1633 375 in

131 413 222 469 ipsa
250 414 357 455 urbe
386 413 658 467 conspectior
687 423 801 453 mors
832 411 956 463 foret,
987 398 1433 466 ad‘quadragesimum
1458 410 1511 452 ab
1529 409 1634 451 urbe

125 488 331 543 lapidem,
351 536 354 538 ,
375 488 508 542 Appia
551 488 647 540 via,
693 487 786 529 fuso
826 499 903 540 per
938 497 1070 527 venas
1117 486 1324 540 sanguine
1362 485 1632 540 extinguitur.

126 563 254 606 Iulius
282 563 449 605 Priscus
462 562 780 616 praetoriarum
812 561 889 602 sub
918 560 1086 602 Vitellio
1118 560 1352 602 cohortium
1390 560 1630 614 praefectus

127 649 176 680 se
205 638 298 692 ipse
326 637 564 689 interfecit,
602 637 763 691 pudore
802 621 938 691 nfagis
971 648 1093 690 quam
1122 636 1392 677 necessitate.
1452 634 1629 676 Alfenus
1649 639 1668 669 ⁶
1685 678 1695 687 ,

128 713 263 754 Varus
291 712 487 767 ignaviae
518 711 799 765 infamiaeque
828 722 932 752 suae
959 710 1174 764 superfuit.
1216 709 1634 775 Asiaticus-(etenim
1685 695 1768 734 ··”””·’·“““

127 787 165 828 is
190 775 388 835 libertus)
419 785 569 826 malam
599 785 828 838 potentiam
857 784 1003 826 servili
1031 784 1236 838 supplicio
1267 784 1462 837 expiavit.
1689 829 1721 842 'a
1766 831 1768 835 Α

58 871 114 910 12
141 844 164 851 ‘s
205 845 402 901 *Tsdem
438 859 585 899 diebus
617 858 958 900 crebrescentem
990 858 1122 899 cladis
1167 858 1443 900 Germanicae
1484 857 1634 899 samam
1671 844 1754 918 pff*

125 944 384 989 nequaquam
414 936 572 974 maesta
603 932 750 974 civitas
780 932 1018 986 excipiebat
1026 945 1039 982 3
1071 944 1223 974 caesos
1241 933 1482 984 exercitus,
1513 935 1635 985 capta
1664 916 1766 1008 ³⁵2}

121 1010 335 1065 legionum
366 1007 556 1060 hiberna,
590 1006 825 1049 descivisse
844 1006 1014 1059 Gallias,
1047 1018 1132 1048 non
1149 1010 1194 1047 ut
1214 1007 1323 1048 mala
1341 1006 1631 1061 loquebantur.
1649 1000 1750 1045 ω’*

120 1083 175 1147 ld(
196 1082 349 1125 bellum
380 1082 528 1136 quibus
567 1082 706 1124 causis
741 1086 891 1135 ortum,
926 1086 1082 1136 quanto
1108 1086 1377 1124 externarum
1396 1083 1631 1124 sociarum-

123 1169 205 1212 que
234 1158 422 1213 gentium
453 1160 567 1198 motu
597 1157 853 1212 flagraverit,
882 1157 1002 1198 altius
1034 1157 1268 1211 expediam.
1310 1157 1471 1210 Batavi,
1492 1157 1633 1199 donec

122 1237 239 1274 trans
266 1231 453 1273 Rhenum
483 1232 686 1287 agebant,
717 1244 816 1286 pars
848 1231 1114 1284 Chattorum,
1148 1232 1356 1274 seditione
1397 1232 1629 1274 domestica

122 1308 230 1364 pulsi
259 1312 443 1350 extrema
476 1307 661 1350 Gallicae
690 1319 793 1349 orae
820 1318 955 1348 vacua
986 1307 1231 1360 cultoribus,
1263 1307 1468 1361 simulque
1507 1308 1628 1349 insu·
1722 1351 1724 1354 ,

123 1383 204 1426 lam
230 1384 345 1426 iuxta
375 1383 496 1424 sitam
529 1394 814 1435 occupavere,
852 1394 973 1436 quam
1004 1394 1121 1423 mare
1152 1382 1385 1436 [Oceanus]
1418 1396 1441 1424 a
1473 1383 1628 1435 fronte,
1646 1396 1685 1425 ιε
1710 1358 1767 1422 sse

1237 1447 1306 1459 vn..

1067 1463 1296 1527 &mn-‘tx
1309 1490 1412 1522 strix„

259 1539 294 1573 2.
323 1536 654 1581 quadragensimum
679 1535 744 1570 Ma.
806 1515 811 1518 ²
846 1537 881 1571 3.
907 1535 1025 1582 Appia
1051 1537 1110 1570 via
1135 1534 1210 1570 Ma:
1235 1537 1296 1570 via
1319 1536 1436 1582 Appia
1462 1536 1499 1570 G.
1595 1538 1629 1572 5.

119 1586 269 1632 Alfenus
294 1585 369 1620 Ma:
396 1586 423 1619 G
450 1585 641 1630 Alphenus.
741 1586 776 1620 6.
818 1585 1032 1629 infamieque
1058 1584 1124 1619 Ma.
1224 1585 1404 1619 Asiaticus
1430 1586 1575 1631 (etenim
1599 1586 1631 1619 is

119 1634 278 1680 libertus)
306 1633 448 1668 editor:
490 1634 600 1679 vulgo
629 1632 806 1667 Asiaticus
830 1634 922 1666 enim
948 1635 995 1679 (is
1021 1633 1192 1677 libertus),
1222 1637 1258 1667 et
1283 1634 1337 1667 sic
1378 1635 1523 1668 codices
1550 1635 1630 1668 sine

120 1684 273 1718 uncinis.
348 1682 382 1717 9.
424 1687 534 1715 mesta
561 1680 626 1715 ³1²¹.
679 1693 775 1715 cesos
800 1680 865 1715 Ma.
935 1683 987 1716 15.
1012 1682 1113 1715 itata
1141 1683 1245 1715 sicam
1271 1681 1479 1716 Walchius:
1505 1683 1631 1715 inuata

119 1733 166 1766 sit
190 1742 239 1765 an
265 1729 330 1772 Ma,
356 1731 449 1763 inter
473 1730 566 1763 vada
591 1730 695 1763 sitam
722 1730 749 1764 G
778 1735 814 1764 et
838 1729 1065 1764 Oxonienses
1093 1734 1129 1763 et
1159 1730 1272 1763 Vatic.
1304 1730 1410 1765 1958.

1505 1742 1630 1773 ocean,-

122 1779 177 1822 (id
202 1784 258 1814 est
282 1781 450 1826 oceanus)
478 1776 542 1820 Ma,
572 1779 708 1812 oceani}
733 1777 783 1812 G:
805 1778 963 1825 glossam
990 1778 1141 1812 seclusit
1169 1778 1298 1812 editor.

122 1918 249 1952 batur:
279 1921 466 1962 praeterea
491 1926 563 1950 non
592 1917 671 1951 sine
697 1916 840 1951 dicendi

122 1967 274 2001 infantia
300 1966 498 2000 succedunt
523 1967 553 2000 is
572 1964 727 2008 libertus,
755 1966 839 2010 qui-

122 2014 189 2049 hus
214 2024 287 2048 non
313 2025 403 2059 opus
441 2019 521 2059 post
555 2025 598 2047 ea
637 2024 728 2059 quae
756 2019 838 2047 ante

123 2063 186 2109 (Η.
212 2062 244 2097 11
267 2063 315 2098 59
341 2067 376 2097 et
402 2063 468 2109 95)
496 2059 609 2097 relata
634 2067 728 2097 snnt.
767 2063 841 2096 lm-

121 2122 179 2145 mo
207 2121 315 2146 causa
342 2110 494 2145 dicenda
530 2115 605 2145 erat
638 2121 701 2144 cur
731 2110 840 2145 Asia-

121 2161 218 2201 ticus
248 2159 369 2194 serviti
395 2159 565 2206 supplicio
593 2161 761 2204 punitus,
796 2159 833 2194 h.

124 2219 155 2242 e.
183 2208 280 2242 cruci
305 2207 435 2241 affixus
455 2209 522 2251 sit,
548 2212 583 2241 et
614 2207 684 2241 hoc
710 2207 748 2240 fit
775 2207 841 2241 ad-

123 2256 226 2290 iectis
251 2255 371 2289 verbis
388 2256 514 2289 etenim
532 2257 562 2290 is
585 2255 739 2289 lihertus.
766 2256 842 2288 Vo-

125 2304 176 2337 cis
210 2304 336 2337 etenim
370 2305 406 2337 in
437 2305 528 2337 enim
559 2304 841 2348 corrumpendae

123 2353 266 2386 occasio
292 2351 382 2385 haec
407 2351 495 2394 fuit,
523 2351 617 2397 quod
644 2352 841 2396 parenthe-

122 2401 171 2434 sis
194 2400 309 2446 signis
333 2399 583 2434 deficientibus
609 2402 736 2434 etenim
762 2410 842 2433 cum

122 2449 268 2482 nomine
292 2447 469 2482 Asiaticus
498 2459 685 2493 perperam
711 2450 841 2494 iunge-

124 2497 229 2530 batur
254 2501 289 2529 et
315 2497 383 2530 iam
421 2507 491 2530 non
522 2497 645 2531 Latine
683 2497 754 2530 dici
782 2498 841 2530 vi-

124 2544 274 2579 debatur
302 2545 479 2579 Asiaticus
509 2546 635 2579 etenim
652 2566 696 2572 —
714 2546 840 2592 expia-

123 2594 182 2626 vit.
232 2591 399 2626 Fortasse
434 2594 471 2626 in
505 2594 630 2627 codice
657 2594 749 2627 unde
774 2594 840 2628 de-

124 2641 276 2683 scriptus
301 2640 354 2674 Ma
380 2640 448 2674 fuit
476 2643 615 2675 εἰρήνη.

201 2686 286 2732 Cap.
318 2689 372 2723 12.
424 2688 495 2722 Iam
530 2689 573 2722 ab
604 2689 691 2723 urbe
717 2690 752 2722 in
780 2699 841 2722 re-

124 2740 255 2769 motam
283 2740 454 2770 terrarum
494 2741 631 2780 partem
664 2738 757 2782 rapit
782 2737 841 2771 le-

125 2788 273 2829 gentes,
312 2789 393 2829 apte
430 2785 652 2829 interpositis
678 2796 770 2830 quae
796 2785 841 2820 de

123 2832 325 2876 primordiis
361 2832 448 2867 belli
475 2832 675 2868 Germanici
714 2836 765 2879 (c.
799 2837 841 2870 12

124 2881 235 2926 -37J
272 2880 398 2915 eodem
437 2881 507 2916 hoc.
541 2892 634 2915 anno
659 2882 840 2928 flagrantis

121 2928 352 2963 memoranda
377 2934 501 2970 erant,
539 2930 583 2964 dc
610 2931 841 2965 incrementis

123 2976 158 3011 et
181 2977 345 3023 reliquiis
371 2978 548 3014 relaturus
576 2980 611 3013 in
630 2979 736 3014 rebus
757 2980 839 3013 anni

910 1918 1095 1963 sequentis
1122 1928 1153 1952 c.
1180 1916 1326 1952 54-79
1352 1921 1388 1950 et
1418 1917 1448 1951 V
1479 1918 1632 1954 14-26.

910 1966 1015 2000 Gonf.
1045 1965 1111 2000 Dio
1140 1965 1249 1999 vat
1275 1967 1310 2000 3.
1362 1964 1506 2010 Iosephi
1534 1966 1628 2001 Bell.

908 2014 984 2049 Iud.
1008 2014 1071 2048 vll
1098 2016 1123 2049 4
1151 2015 1187 2057 §.
1215 2016 1250 2050 2.
1289 2013 1449 2050 Frontin.
1478 2015 1632 2061 Strateg-

912 2063 956 2097 lv
983 2063 1018 2098 3.

991 2122 1211 2157 nequaquam
1246 2118 1382 2146 maesta
1401 2123 1413 2145 .·
1464 2112 1632 2146 nimirum

910 2161 1105 2194 maioribus
1149 2160 1254 2194 malis
1300 2165 1335 2194 et
1382 2161 1633 2205 praesentibus

911 2209 1016 2242 modo
1048 2208 1242 2242 conflictati
1273 2213 1308 2242 et
1341 2219 1484 2242 suarum
1514 2219 1631 2243 rerum

912 2258 1018 2291 etiam
1049 2262 1122 2290 tum
1151 2261 1357 2302 satagentes
1386 2262 1541 2291 remotas
1566 2268 1632 2302 pa-

910 2315 985 2338 rum
1012 2305 1265 2349 respiciebant.

987 2354 1098 2387 donec
1138 2359 1237 2387 trans
1268 2352 1430 2387 Rhenum
1467 2354 1630 2400 agebant,

908 2412 995 2446 pars
1023 2402 1256 2436 Chattorum:
1289 2401 1349 2436 hic
1381 2413 1498 2436 rerum
1526 2402 1631 2437 habi-

911 2455 967 2483 tus
1002 2450 1157 2484 obtinuit
1201 2450 1385 2495 aliquanto
1427 2456 1511 2485 ante
1547 2451 1630 2486 lulii

912 2498 1076 2533 Caesaris
1104 2499 1451 2534 administrationem
1479 2501 1631 2544 provin-

912 2547 990 2581 ciae
1018 2547 1189 2582 Gallicae.
1237 2546 1369 2582 Caesar
1398 2549 1494 2582 enim
1519 2548 1630 2582 Bata-

911 2605 975 2629 vos
1002 2597 1071 2630 iam
1113 2597 1254 2630 invenit
1291 2598 1327 2630 in
1366 2596 1511 2630 sedibus
1544 2607 1564 2630 a
1590 2607 1630 2630 se

911 2645 1020 2688 partis
1046 2644 1087 2678 B.
1116 2644 1156 2678 G.
1186 2645 1233 2677 tv
1262 2646 1316 2680 10.
1349 2647 1353 2650 “
1382 2644 1486 2678 Conf.
1516 2644 1626 2678 Taciti

911 2692 1027 2727 Germ.
1057 2704 1088 2727 c.
1116 2692 1175 2728 29.

970 2741 1123 2774 insulam
1138 2742 1237 2774 iuxta
1262 2741 1387 2774 sitam:
1414 2745 1515 2774 recte
1527 2741 1630 2774 Wal-

911 2788 1012 2822 chius
1041 2791 1097 2834 (in
1125 2788 1304 2822 Meletem.
1334 2790 1411 2822 crit.
1439 2787 1514 2823 len.
1537 2788 1631 2824 1809

911 2847 944 2881 p.
979 2837 1040 2882 16)
1080 2838 1180 2870 iuxta
1227 2837 1351 2870 elicuit
1396 2848 1440 2871 ex
1478 2836 1630 2872 Medicei

910 2886 1077 2930 vestigiis
1120 2885 1255 2918 inuam.
1334 2885 1439 2926 quta
1471 2885 1631 2919 breviter

911 2934 1053 2976 scripsit
1086 2943 1149 2977 pro
1175 2933 1223 2966 ud
1253 2933 1445 2969 dexteram.
1506 2933 1631 2968 Altera

910 2982 1083 3026 scriptura
1110 2982 1204 3015 inter
1235 2982 1328 3016 tado
1365 2993 1435 3017 nou
1463 2983 1630 3028 congruit
