1768 3216
0 439 53 460 ‘kk

0 461 334 542 &addendam
364 461 652 504 honestiorum
681 461 803 504 fidem

0 547 139 616 »ἔν-ἒ

0 614 57 698 [i-

51 1601 122 1704 Χ

136 2652 139 2654 ,
171 2619 347 2653 retinebat

153 191 241 231 ac.
266 191 327 231 69.

151 309 352 362 Pacensi,
385 310 453 353 oui
484 310 721 365 ademptum
751 324 774 353 a
807 310 936 353 Galba
968 310 1222 353 tribunatum
1251 310 1519 364 reddiderat,
1558 323 1660 366 per-

358 385 508 428 Curam
539 386 707 429 navium
739 385 874 428 Oscus
916 386 1090 428 libertus
1130 386 1361 438 retinebat,
1408 386 1461 428 ad
1508 386 1663 428 obser-

832 461 1001 503 inditus.
1061 462 1248 504 Peditum
1279 462 1546 517 equitumque
1581 475 1663 504 co..
1688 444 1768 486 sm*

838 515 990 532 „fd-„-

153 537 234 591 piis
263 536 486 579 Suetonius
514 536 722 590 Paulinus,
749 536 906 579 Marius
924 537 1085 590 Celsus,
1115 537 1279 579 Annius
1300 537 1440 579 Gallus
1470 542 1662 581 rectores

153 385 296 429 missa.

155 610 365 656 destinati.

627 192 765 228 LIBER
789 191 816 227 1.
874 191 962 228 CAr.
988 191 1148 229 86-88,

425 611 509 654 Sed
538 611 715 666 plurima
745 611 848 654 fides
880 611 1043 654 Licinio
1081 612 1258 654 Proculo
1300 613 1502 666 praetorii
1532 625 1695 667 prae-5

155 685 282 729 secto.
329 685 368 728 Is
398 686 584 728 urbanae
614 686 787 729 militiae
816 686 1010 742 impiger,
1041 686 1247 729 bellorum
1276 687 1480 741 insolens,
1513 692 1663 730 aucto-

154 760 319 805 ritatem
348 761 531 814 Paulini,
562 762 753 816 vigorem
786 761 922 814 Celsi,
955 762 1233 804 maturitatem
1264 762 1393 815 Galli,
1435 767 1478 805 ut
1510 764 1662 818 cuique

155 837 263 888 erat,
292 835 569 888 criminando,
602 837 714 890 quod
745 836 987 878 facillimum
1007 837 1121 878 factu
1141 841 1217 891 est,
1249 850 1402 892 pravus
1426 843 1468 880 et
1485 838 1661 881 callidus

85 909 292 955 88b⁰nos
323 913 364 951 et
392 909 608 953 modestos
639 910 834 953 anteibat.

155 985 237 1033 lius
277 984 496 1029 Dolabella
535 985 576 1027 in
608 984 819 1028 coloniam
848 982 1124 1040 Aquinatem,
1166 999 1304 1041 neque
1343 991 1432 1029 arta
1473 987 1664 1030 custodia
1680 1005 1720 1035 ιο

155 1072 294 1115 neque
332 1060 540 1115 obscura,
580 1060 737 1104 nullum
778 1061 832 1102 oh
876 1061 1061 1114 crimen,
1113 1061 1190 1103 sed
1222 1066 1387 1104 vetusto
1420 1063 1591 1104 nomine
1621 1067 1665 1105 et

155 1135 465 1190 propinquitate
518 1135 676 1179 Galbae
729 1140 999 1178 monstratus.

157 1223 352 1266 magnam
384 1211 667 1259 consularium
695 1216 856 1266 partem
889 1211 1025 1264 Otho,
1064 1223 1151 1253 non
1179 1212 1406 1267 participes
1442 1218 1511 1255 aut
1541 1214 1668 1255 mini-

896 910 1111 964 Sepositus
1141 923 1219 966 per
1249 924 1323 953 eos
1365 912 1457 954 dies
1499 912 1665 954 Corne-

1059 1136 1212 1179 Multos
1262 1150 1286 1178 e
1336 1137 1666 1192 magistratibus,

156 1281 268 1329 siros
306 1286 443 1339 bello,
486 1286 562 1329 sed
602 1287 800 1329 comitum
836 1287 985 1341 specie
1023 1299 1167 1329 secum
1206 1287 1406 1341 expedire
1443 1289 1578 1339 iubet;
1623 1289 1667 1329 in

158 1363 250 1416 quis
280 1365 323 1404 et
350 1362 523 1404 Lucium
552 1360 787 1414 Vitellium,
831 1362 982 1404 eodem
1014 1374 1095 1416 quo
1129 1366 1294 1405 ceteros
1326 1363 1464 1416 cultu,
1516 1377 1595 1407 nec
1624 1368 1722 1408 utus

158 1435 424 1491 imperatoris
454 1437 624 1480 fratrem
654 1449 734 1479 nec
749 1441 794 1479 ut
816 1436 966 1482 hostis.
1014 1436 1287 1495 IgiturVg-nota
1318 1442 1383 1479 est
1407 1439 1668 1498 urbiscurffi

298 1576 333 1614 2.
374 1574 499 1610 ombus
523 1580 616 1612 ab:
657 1574 685 1608 G
710 1574 831 1610 Omns.

929 1575 965 1610 3.
1007 1574 1139 1609 inditus
1173 1573 1313 1608 editor:
1350 1574 1550 1608 immutatus
1586 1580 1666 1617 ab,

159 1623 317 1658 ιἠιὶιαὴιε
339 1623 401 1657 Aa
442 1624 613 1658 inuitatus
637 1623 708 1658 BG.
762 1624 820 1659 10.
835 1624 1047 1668 equitantem
1073 1636 1116 1660 a.
1173 1623 1228 1657 15.
1259 1628 1291 1656 et
1328 1619 1670 1659 ue*‘as:·““so†mvra

138 1650 754 1706 mmo
777 1672 875 1706 urbis
901 1684 1010 1706 curae
1038 1678 1104 1708 ab
1131 1676 1168 1706 et
1193 1624 1312 1714 AGRI,
1348 1677 1463 1705 motae
1494 1683 1548 1705 ur.
1579 1682 1669 1706 cura

160 1720 202 1765 B,
228 1726 325 1756 nou
346 1732 404 1755 ur.
431 1732 522 1755 cum
546 1721 574 1755 G
600 1725 637 1755 et
660 1720 765 1755 Bodl.

161 1841 300 1887 yionis:
325 1850 407 1873 nam
432 1837 719 1885 legionemOtho
746 1838 881 1872 nullam

164 1889 401 1941 conseripsit,
452 1887 514 1922 sed
558 1889 702 1922 nonnisi
743 1887 883 1932 aliquot

164 1938 333 1972 cohortes
359 1937 593 1983 legionarias.
627 1935 682 1970 De
710 1936 766 1970 his
793 1936 834 1969 ll.
852 1936 883 1970 11

167 1989 232 2022 11:
264 1987 378 2032 ipsum
421 1986 592 2020 Othonem
623 1985 884 2020 comitabantur

166 2057 205 2063 -
238 2035 467 2070 classicorum
489 2035 616 2080 inqens
641 2046 819 2068 numerus.

238 2086 341 2130 sacta
368 2089 401 2118 et
429 2085 554 2118 ceneris
586 2094 646 2128 spe
673 2083 884 2117 honoratio-

165 2134 216 2168 ris
241 2134 281 2166 in
297 2139 473 2179 posterum
487 2132 659 2166 militiae.-
685 2132 773 2166 dicit
787 2132 884 2166 clas-

165 2182 261 2216 sicos
287 2182 428 2216 interim
466 2182 504 2215 in
538 2181 693 2215 navibus
719 2181 883 2215 militiam

165 2232 284 2265 minus
309 2230 519 2264 honoratam
546 2231 780 2272 sustinentes,
802 2239 885 2263 mox

167 2279 345 2326 legendos
372 2280 408 2312 in
436 2278 671 2324 legionarios.
733 2278 789 2312 Cf.
818 2289 885 2312 an-

167 2333 243 2362 not.
274 2327 318 2361 ad
342 2338 373 2361 c.
394 2326 430 2362 6.

239 2377 398 2411 urbanas
423 2374 604 2408 cobortes.-
632 2374 680 2408 οἳ.
705 2379 827 2409 annot.
843 2374 887 2408 ad

169 2424 218 2458 lv
243 2426 277 2460 5.
387 2435 510 2458 curam
534 2424 678 2457 navium
702 2423 812 2457 Oscus
841 2423 888 2456 li-

170 2474 285 2508 bertus
309 2472 502 2506 retinebat.-
527 2482 647 2506 curam
676 2472 745 2506 sibi
772 2471 889 2506 adhuc

172 2521 419 2557 demandatam
444 2521 642 2564 retinebat,
669 2532 740 2554 non
768 2521 889 2555 trade-

171 2571 231 2605 bat
256 2570 409 2605 ducibus
434 2569 688 2615 expeditionis.
733 2569 889 2604 Verbum

393 2619 528 2652 indicat
548 2645 558 2662 ,
603 2618 694 2653 alias
739 2618 891 2652 ducibus

171 2667 325 2701 rnilitum
363 2666 594 2702 classicorum
629 2666 734 2701 simul
771 2678 891 2701 curam

171 2717 331 2758 navium,
357 2716 393 2748 in
421 2725 510 2759 pace
537 2715 580 2750 ab
607 2715 753 2750 homine
775 2717 892 2750 minus

174 2763 306 2797 illustri
333 2768 535 2807 susceptam
551 2789 562 2806 ,
591 2764 669 2798 fere
695 2765 892 2798 iniunctam

176 2823 256 2846 esse
302 2817 363 2846 aut
399 2811 444 2846 ab
486 2812 574 2855 ipsis
612 2811 817 2858 delegatam
848 2815 893 2846 iis

176 2870 265 2906 quos
291 2860 440 2895 idoneos
466 2860 637 2894 rebantur
655 2887 664 2903 ‚
707 2861 771 2895 sed
807 2865 894 2895 tunc

178 2913 310 2944 certam
339 2909 387 2943 ob
428 2920 570 2943 causam
604 2909 648 2942 ab
689 2908 759 2943 hoc
793 2920 894 2944 more

176 2959 377 3004 principem
422 2957 646 2994 discessisse.
726 2956 894 2992 Ceterum

952 1836 1087 1880 oschus,
1116 1842 1154 1871 ut
1183 1842 1237 1872 est
1263 1838 1300 1871 in
1329 1836 1568 1880 Florentinis,
1596 1836 1671 1872 Ita..

953 1885 1024 1920 lica
1049 1888 1224 1931 scriptura
1251 1891 1305 1920 est
1329 1896 1393 1930 pro
1419 1885 1540 1921 oscus.

1042 1935 1090 1969 ad
1132 1935 1388 1969 observandam
1435 1935 1673 1969 honestiorum

948 1984 1053 2028 fidem
1076 1984 1210 2018 inditus
1227 1996 1239 2017 .-
1281 1985 1371 2018 vitia
1396 1985 1574 2027 imitatus,
1603 1986 1673 2018 im-

951 2039 1115 2074 mutatus,
1143 2034 1312 2067 invitatus
1337 2038 1420 2067 nata
1445 2038 1527 2066 sunt
1553 2034 1673 2080 gemi-

952 2087 1035 2116 nata
1063 2081 1187 2116 ultima
1225 2081 1346 2116 littera
1378 2083 1534 2116 nominis
1556 2082 1672 2126 fidem,

952 2136 992 2164 ut
1027 2136 1124 2165 esset
1158 2131 1353 2172 minditus5
1395 2130 1480 2165 hinc
1518 2132 1673 2165 imitatus

954 2185 989 2214 et
1017 2184 1150 2214 cetera.
1178 2179 1284 2214 Conf.
1314 2178 1363 2213 111
1391 2179 1458 2215 28:
1486 2179 1590 2214 inditi
1608 2192 1669 2214 cu-

953 2228 1078 2262 stodes.
1135 2227 1288 2273 Operam
1335 2227 1568 2272 perdiderunt
1612 2229 1672 2274 qui

955 2288 999 2311 ex
1027 2277 1166 2310 traditis
1190 2278 1376 2327 scripturis
1406 2276 1562 2321 aliquam
1589 2279 1674 2321 vin..

955 2325 1077 2359 dicare
1103 2327 1221 2360 conati
1254 2330 1363 2367 sunt,
1404 2331 1442 2357 ut
1477 2336 1564 2359 vere
1592 2325 1693 2361 exi--

956 2375 1114 2408 stimavit
1146 2374 1174 2408 1.
1210 2373 1268 2408 Fr.
1306 2373 1531 2419 Gronovius,
1573 2375 1674 2420 gravi

957 2422 1069 2457 verbo
1095 2433 1192 2465 usus,
1221 2425 1258 2456 in
1287 2422 1343 2456 his
1372 2424 1479 2456 etiam
1510 2422 1676 2457 Doeder-

958 2472 1067 2506 linius
1093 2473 1152 2517 qui
1178 2473 1395 2506 immutatum
1419 2473 1678 2516 interpretatur

953 2520 1074 2566 ‘quem
1112 2530 1184 2554 non
1230 2525 1429 2555 mutaverat
1465 2519 1559 2555 Otho
1603 2521 1676 2555 alio

957 2570 1103 2603 navium
1147 2568 1343 2612 curatore',
1385 2569 1572 2603 obnitente
1601 2580 1677 2602 usu

960 2617 1192 2652 Corneliano.
1221 2618 1422 2652 Gronovius
1444 2618 1598 2652 tentavit
1614 2629 1677 2651 co-

958 2668 1113 2709 mitatus,
1144 2666 1351 2700 Waltherus
1377 2667 1480 2700 simul
1507 2666 1619 2700 datus.

1034 2715 1120 2760 Cap.
1146 2715 1207 2750 88.
1258 2715 1444 2748 Cornelius
1470 2713 1678 2748 Dolabella.-

962 2764 1058 2798 conf.
1086 2764 1127 2798 Η.
1160 2764 1271 2798 1163.
1312 2763 1459 2797 Sueton.
1488 2762 1589 2796 Galb.
1621 2764 1677 2798 12.

962 2812 1141 2847 Plutarch.
1170 2811 1256 2845 ibid.
1287 2813 1345 2853 23,
1376 2809 1457 2844 Oth.
1488 2811 1523 2845 5.

1035 2861 1143 2905 ἐρίων
1168 2865 1262 2892 mota
1289 2864 1338 2892 ese
1353 2859 1450 2892 urbis
1475 2869 1583 2892 cura:
1601 2870 1680 2891 mo·-

964 2915 1034 2950 tae,
1058 2913 1097 2941 ut
1124 2912 1179 2941 est
1205 2908 1243 2940 in
1267 2906 1451 2953 plerisque
1480 2906 1679 2950 codicibus,

963 2956 1108 2992 resolve
1142 2961 1238 2990 mota
1264 2961 1287 2990 ἒ
1302 2982 1312 3000 ,
1353 2955 1388 2991 h.
1419 2967 1453 2991 e.
1486 2962 1582 2993 mota
1616 2962 1678 2993 est.

1681 510 1729 546 Ut
1745 522 1768 549 c-

1710 575 1768 617 lu

1711 651 1768 676 ἐξα
