1768 3216
707 225 1048 263 ANNOTATIONIS.

145 335 293 374 Nicetes
315 340 489 376 Sacerdos
511 341 729 377 declamator
754 343 782 379 0
808 345 863 380 15.

146 397 286 434 Nicolai
326 399 443 435 Colini
490 402 686 437 chronicon
734 404 858 439 seculo

187 457 399 494 duodecimo
428 462 670 506 conscriptum
697 474 776 498 esse
792 475 859 509 pa-

183 527 263 552 rum
299 519 472 555 credibile
510 525 566 555 est
591 522 620 555 H
648 523 669 557 5
695 523 754 558 26.
809 523 853 558 de

186 578 266 613 eius
298 578 367 615 fide
400 579 653 628 Cannegeiteri
688 583 859 618 iudicium

184 637 273 673 ibid.

141 698 366 734 Nicostratus
391 701 491 746 pugil
518 706 554 737 et
579 701 733 738 luctator
756 702 785 739 Ο
808 704 861 739 10.

137 758 229 794 nihil
252 759 399 794 arduum
425 761 508 796 fatis
535 773 599 807 pro
624 774 695 798 uno
716 760 860 799 nomine

184 818 408 854 substantivo
435 821 533 856 valet
558 822 588 856 H
615 823 637 856 2
662 824 721 858 82.

133 877 218 912 Nini
242 879 341 913 urbis
367 880 556 915 castellum
587 883 629 916 12
663 883 717 916 13.

133 937 267 972 nobilis
295 940 319 973 i.
348 951 381 974 e.
406 939 500 985 quod
527 940 636 975 facile
653 943 754 976 nosci
771 947 856 987 pot-

191 1001 247 1033 est
274 999 301 1033 ll
330 998 354 1032 3
379 998 437 1033 39.

135 1057 240 1092 nobis
265 1057 357 1092 nihil
386 1059 559 1102 comperti
584 1059 727 1104 quodve
750 1061 856 1095 adfir-

182 1128 281 1153 mare
306 1119 418 1152 ausim
445 1118 648 1163 suppletum
676 1120 708 1154 A
732 1120 792 1155 43.

134 1187 270 1213 nocens
298 1180 322 1213 i.
344 1190 376 1212 e.
405 1179 510 1224 culpa
524 1184 692 1213 oneratus
709 1180 738 1214 H
754 1182 776 1215 2
794 1181 852 1215 86.

134 1248 265 1273 nomen
292 1238 487 1284 Lygiorum
513 1238 542 1273 G
565 1237 625 1273 43.

136 1299 281 1334 nomina
302 1298 480 1333 abstracta
505 1310 526 1333 a
550 1298 671 1333 Tacito
698 1299 857 1333 vitantur

189 1359 207 1392 1
240 1358 299 1401 59,
328 1358 352 1392 3
384 1359 437 1393 13.
474 1359 506 1393 A
530 1357 563 1392 4.
601 1359 686 1393 item
714 1359 857 1393 nomina

184 1418 377 1464 peregrina
402 1418 433 1452 H
462 1418 484 1452 5
517 1419 557 1452 11
581 1423 616 1452 et
637 1420 693 1462 12,
714 1419 859 1463 specia-

185 1476 236 1512 iia
266 1478 310 1512 15
337 1477 397 1521 38,
429 1477 595 1512 technica
625 1477 653 1512 G
677 1478 711 1512 2.

146 1538 331 1572 nominare
357 1542 393 1571 et
420 1538 618 1572 nominatio
644 1537 737 1572 idem
771 1538 865 1584 quod

185 1596 365 1631 destinare
391 1601 427 1631 et
451 1596 644 1631 destinatio
672 1598 695 1632 6
720 1597 779 1632 45.

133 1657 373 1690 nominativus
395 1665 458 1700 pro
486 1656 644 1690 ablativo
671 1661 731 1690 aut
746 1657 852 1703 geui-

189 1716 266 1749 tivo
292 1717 329 1749 in
356 1715 453 1749 urbis
477 1717 622 1750 nomine
653 1716 673 1748 2
701 1715 758 1751 56.

138 1774 321 1808 nominum
347 1774 561 1808 Graecorum
597 1775 632 1808 in
666 1786 726 1808 ma
761 1774 860 1809 desi-

185 1835 345 1868 nentium
372 1834 550 1868 ablativus
568 1839 603 1869 et
620 1834 757 1868 dativus
771 1834 855 1879 plu-

183 1893 268 1928 ralis
293 1895 432 1927 numeri
459 1894 495 1927 in
521 1894 597 1928 ibus
626 1894 652 1928 H
679 1895 702 1928 2
727 1893 786 1929 65.

138 1953 321 1988 Nonianus
370 1953 545 1988 Servilius
594 1953 784 1988 historicus
827 1957 862 1988 et

187 2013 407 2048 declamator
434 2013 477 2048 14
507 2014 562 2048 19.

142 2083 212 2107 non
243 2073 280 2106 in
305 2073 376 2107 alia
406 2072 546 2107 vilitate
574 2073 598 2107 i.
626 2084 657 2108 e.
694 2074 769 2118 pari
802 2072 861 2106 vi-

181 2132 283 2166 litate
307 2132 336 2166 G
362 2133 395 2167 5.

134 2202 204 2226 non
231 2192 336 2226 modo
364 2213 409 2219 —
436 2191 498 2227 sed
527 2193 559 2226 A
583 2192 618 2227 8.

138 2261 289 2286 noscere
317 2262 412 2285 arma
434 2252 524 2298 (sich
543 2253 613 2296 auf
627 2251 760 2296 Waffen
774 2261 857 2284 ver-

159 2316 162 2317 ’
184 2311 300 2357 slehn)
326 2311 355 2346 H
386 2313 400 2345 1
428 2311 486 2346 68.

135 2382 244 2407 nosse
270 2372 413 2406 ordines
443 2371 471 2405 G
495 2371 555 2406 30.

139 2433 240 2466 notio
267 2431 310 2467 ad
335 2431 545 2477 particulam
576 2430 749 2464 enuntiati
776 2440 861 2474 per-

186 2493 304 2526 tineus
331 2503 351 2526 e
380 2492 549 2535 proximis
578 2489 696 2524 verbis
723 2494 851 2534 peten-

185 2551 227 2585 da
256 2551 404 2585 {1119
430 2555 465 2584 et
490 2550 537 2584 28
567 2554 602 2583 et
629 2549 676 2583 29
701 2550 854 2583 et32et

184 2610 386 2652 51et83‚
412 2612 435 2644 2
462 2609 507 2644 35
535 2614 570 2643 et
598 2609 642 2642 52
671 2613 706 2641 et
730 2608 796 2649 83,
831 2608 852 2640 3

196 2672 239 2703 13
266 2675 300 2703 et
328 2670 385 2703 42.
432 2668 459 2702 G
486 2670 504 2703 7
537 2673 572 2702 et
600 2669 642 2703 18
669 2672 703 2701 et
728 2667 785 2701 24.
830 2667 858 2700 Α

183 2730 240 2763 34.
269 2729 297 2763 0
329 2729 371 2763 10
397 2733 432 2761 et
460 2729 501 2762 21
533 2733 569 2762 et
594 2729 651 2762 24.

138 2790 322 2822 notionem
352 2787 494 2821 differre
519 2788 542 2822 3
570 2788 628 2824 59.

138 2858 253 2882 novus
280 2852 315 2881 et
341 2857 468 2881 recens
492 2846 521 2880 Η
547 2845 570 2880 4
596 2846 654 2881 65.
685 2845 713 2880 Ο
740 2845 772 2881 6.

137 2906 361 2942 novendialis
387 2916 475 2940 cena
501 2905 523 2940 6
550 2906 582 2940 5.

1557 218 1628 267 asi

914 355 1008 379 noxa
1033 348 1069 379 et
1092 345 1200 379 noxia
1221 344 1245 380 6
1266 345 1302 382 4.

908 405 1007 439 noxii
1045 405 1171 449 capitis
1209 415 1327 449 poena
1365 405 1624 450 paenitentiam

956 466 1135 499 fateantur
1160 465 1189 498 H
1214 465 1236 500 5
1262 466 1321 501 25.

901 524 987 558 nudi
1013 525 1178 560 Germani
1206 524 1235 559 H
1261 525 1283 559 2
1308 526 1367 561 22.
1414 525 1442 561 G
1466 526 1489 562 6
1515 531 1551 561 et
1578 524 1626 564 20

960 589 995 619 et
1020 585 1080 620 24.

910 644 1019 679 nullis
1044 644 1191 679 aliarum
1215 646 1399 680 nationum
1424 647 1626 692 connubiis,

964 714 1036 738 nou
1063 704 1172 739 nullis
1198 705 1279 740 aliis
1298 706 1446 741 aliarum
1462 712 1530 742 cet.
1549 707 1624 743 64.

909 775 1040 799 numen
1067 769 1102 799 et
1128 765 1294 800 caelestia
1320 766 1375 800 vis
1401 765 1430 802 Ο
1455 767 1490 802 8.

907 835 1093 858 numerare
1120 829 1180 858 aut
1206 826 1354 871 exigere
1383 826 1508 873 plagas
1535 826 1563 861 G
1589 827 1623 862 7.

951 894 1042 928 quae
1062 893 1130 918 nec
1153 884 1188 917 in
1204 884 1394 918 virtutibus
1428 896 1496 920 uec
1521 886 1619 920 vitiis

953 948 1182 977 numerantur
1208 942 1450 992 (ἀδιάφορα)
1476 944 1505 980 O
1530 945 1590 980 31.

909 1012 1135 1036 numerorum
1160 1007 1268 1038 notae
1296 1014 1317 1037 a
1341 1003 1496 1038 librariis
1525 1014 1626 1039 com-

956 1065 1111 1095 mutatae
1140 1063 1163 1097 3
1189 1062 1247 1096 58.
1292 1062 1319 1096 H
1350 1064 1373 1098 2
1395 1063 1482 1106 100,
1516 1063 1541 1097 4
1565 1063 1626 1100 68.

951 1121 983 1155 A
1010 1119 1067 1154 44.
1091 1121 1120 1156 Ο
1148 1122 1203 1157 16.

904 1191 1071 1216 numerus
1097 1181 1191 1215 idem
1217 1181 1311 1227 quod
1341 1181 1435 1215 bona
1459 1191 1537 1226 pars
1561 1181 1589 1216 H
1605 1181 1629 1216 4

952 1241 1010 1275 52.
1039 1242 1177 1274 numeri
1204 1241 1226 1275 i.
1253 1252 1285 1275 e.
1313 1240 1479 1275 cobortes
1507 1240 1627 1287 legio-

953 1311 1036 1334 num
1062 1301 1099 1334 A·
1124 1300 1176 1334 18.
1231 1299 1342 1334 isdem
1367 1300 1524 1334 numeris
1549 1310 1623 1334 rem

955 1359 1107 1405 aliquam
1142 1360 1307 1404 persequi
1342 1358 1371 1394 Ο
1410 1361 1440 1393 1.
1484 1359 1622 1394 numeri

955 1418 1182 1464 eloquentiae
1209 1417 1237 1453 Ο
1260 1418 1319 1453 32.

907 1479 1051 1512 numina
1077 1479 1101 1512 i.
1129 1489 1162 1512 e.
1187 1478 1375 1512 instinctus
1407 1477 1518 1518 divini
1544 1477 1572 1512 H
1599 1479 1622 1513 2

961 1539 1019 1573 61.

903 1608 998 1631 nunc
1026 1601 1061 1631 et
1085 1601 1170 1631 tunc
1197 1596 1255 1631 vel
1282 1601 1354 1630 tum
1381 1595 1426 1630 de
1452 1597 1621 1641 temporis

950 1661 1043 1690 statu
1076 1655 1238 1701 loquenti
1271 1659 1458 1700 praesente
1492 1656 1538 1690 14
1561 1655 1622 1690 35.

959 1726 1053 1750 nunc
1078 1715 1121 1750 ad
1154 1725 1323 1759 praesens
1361 1719 1500 1759 tempus
1537 1725 1622 1760 spe-

957 1779 1055 1808 ctans
1083 1774 1188 1808 latius
1214 1778 1310 1818 patet
1334 1774 1365 1807 A
1394 1775 1423 1808 1.

905 1833 1124 1879 nuptialibus
1151 1833 1249 1868 cenis
1276 1843 1351 1866 mos
1388 1837 1426 1866 ut
1456 1836 1566 1877 nupta
1585 1831 1621 1865 in

950 1894 1086 1940 gremio
1114 1893 1228 1926 mariti
1256 1882 1487 1926 iaceretnon
1521 1901 1618 1925 sem-

956 1963 1021 1997 per
1045 1953 1109 1987 sed
1134 1952 1309 1986 interdum
1335 1952 1542 1986 observatus
1576 1951 1618 1984 11

958 2013 1016 2047 27.

909 2082 1019 2105 nurus
1045 2071 1069 2106 i.
1098 2082 1131 2117 q.
1159 2081 1333 2116 pronums
1359 2070 1383 2106 4
1411 2071 1466 2104 12.

909 2136 1036 2165 nutare
1061 2130 1105 2165 de
1130 2130 1228 2164 urbis
1257 2140 1418 2164 annonae
1443 2128 1622 2163 laboribus

954 2191 984 2224 H
1010 2190 1034 2225 4
1062 2191 1119 2225 52.

906 2251 1043 2284 nutatio
1071 2250 1165 2283 orbis
1190 2249 1219 2282 H
1245 2250 1268 2283 3
1292 2248 1351 2283 48.

904 2369 1107 2403 oblitterata
1133 2368 1261 2404 aerarii
1288 2368 1430 2402 nomina
1462 2368 1505 2403 13
1532 2368 1592 2403 23.

911 2429 1082 2463 oblivium
1110 2429 1138 2463 11
1165 2428 1187 2462 4
1212 2428 1247 2463 9.

903 2489 1079 2523 obnoxius
1108 2489 1135 2522 H
1162 2490 1184 2523 2
1210 2487 1282 2523 56..

903 2548 1053 2582 obscura
1083 2548 1184 2581 initia
1203 2545 1295 2579 ultro
1314 2545 1475 2590 polluere
1494 2555 1613 2578 corre-

950 2611 1043 2641 ctum
1070 2607 1092 2640 3
1116 2606 1174 2642 66.
1202 2605 1343 2639 obscuri
1372 2604 1560 2638 suadentes
1591 2603 1621 2636 A

958 2664 1016 2701 42.

907 2725 1083 2759 obsidium
1111 2729 1145 2757 et
1172 2723 1349 2757 obsidium
1378 2722 1417 2755 11
1452 2722 1505 2755 10.

907 2785 1087 2818 obstinare
1116 2785 1143 2818 H
1175 2784 1198 2818 2
1224 2781 1283 2817 84.

902 2844 1126 2890 obstringere
1152 2842 1187 2876 h.
1215 2852 1247 2876 e.
1274 2839 1486 2875 adseverare
1519 2839 1534 2872 1
1565 2838 1618 2873 1-1.

904 2903 1098 2938 obtendere
1124 2903 1147 2935 i.
1177 2913 1208 2935 e.
1237 2900 1370 2944 velare,
1397 2904 1433 2934 et
1458 2898 1619 2934 obtentui
