1768 3216
718 213 1024 253 HISTORIARVM
1418 221 1451 248 a.
1475 214 1512 247 11.
1538 208 1624 249 822.

139 224 210 262 158

140 342 190 385 ab
221 339 544 395 exploratoribus
573 334 723 378 Vitellii
755 333 989 387 dispersus,
1023 343 1075 373 an
1106 331 1147 372 in
1178 330 1268 385 ipsa
1301 328 1477 372 Othonis
1507 333 1627 384 parte

139 429 212 459 seu
254 414 348 457 dolo
391 424 465 454 seu
504 411 611 452 forte
650 409 897 460 surrexerit,
936 418 1080 462 parum
1129 408 1398 459 compertum.
1460 404 1628 450 omisso

137 501 297 546 pugnae
319 487 467 529 ardore
486 484 707 529 Othoniani
728 484 834 527 ultro
855 483 1087 527 salutavere
1101 494 1113 532 ;
1145 480 1219 522 sed
1250 479 1392 521 hostili
1420 484 1631 520 murmure

139 563 319 617 excepti,
349 561 557 615 plerisque
588 571 755 601 suorum
787 558 944 613 ignaris
981 567 1086 611 quae
1119 547 1245 598 cau-sa
1275 552 1506 607 salutandi,
1538 565 1633 596 me-

107 643 218 681 stum
247 635 493 691 proditionis
529 635 680 677 fecere,
741 633 841 675 Tum
872 629 1058 673 incubuit
1087 628 1267 673 hostium
1294 629 1423 682 acies,
1454 628 1632 685 integris

139 711 376 763 ordinibus,
409 709 562 752 robore
594 713 634 751 et
663 719 837 750 numero
866 701 1165 762 praestantior:
1200 705 1451 757 Othoniani,
1485 711 1634 759 quamn

138 798 257 841 quam
288 785 465 839 dispersi
494 784 715 838 pauciores
748 782 874 835 fessi,
923 782 1127 836 proelium
1157 785 1294 824 tamen
1326 779 1479 822 acriter
1516 789 1634 821 sum-a-

137 873 272 916 psere.
334 860 383 902 Et
410 872 485 914 per
514 860 632 902 locos
664 858 880 901 arboribus
913 869 962 899 ao
994 857 1131 899 vineis
1162 855 1386 911 impeditos
1425 866 1510 899 non
1548 865 1631 898 una

138 947 301 991 pugnae
330 934 480 976 facies:
527 933 753 975 comminus
785 933 957 985 eminus,
992 931 1172 974 catervis
1204 935 1245 973 et
1271 931 1416 974 cuneis
1447 936 1632 973 concur-

89 1010 294 1052 ¹orebant.
354 1009 398 1049 In
427 1021 583 1063 aggere
612 1008 704 1050 viae
736 1008 886 1049 collato
917 1006 1053 1062 gradu
1086 1006 1332 1061 corporibus
1365 1009 1406 1047 et
1434 1004 1631 1048 umboni-

138 1085 213 1127 bus
256 1083 355 1137 niti‚
406 1083 559 1125 omisso
599 1083 773 1138 pilorum
814 1083 925 1124 iactu
964 1081 1119 1138 gladiis
1159 1086 1201 1124 et
1238 1081 1456 1124 securibus
1486 1079 1630 1136 galeas

137 1158 371 1212 loricasque
400 1169 684 1211 perrumpere:
724 1161 948 1216 noscentes
980 1157 1089 1198 inter
1117 1168 1182 1210 se,
1214 1155 1368 1198 ceteris
1398 1154 1629 1217 conspicui,

137 1233 179 1275 in
211 1236 399 1274 eventum
429 1232 553 1273 totius
583 1231 680 1274 belli
712 1216 941 1274 certabant.
1002 1233 1127 1274 Forte
1166 1231 1276 1274 inter
1311 1215 1701 1273 Padum-’viam-‹lss

123 1318 236 1361 que,
266 1306 418 1360 patenti
451 1318 618 1361 camp0‚
653 1306 759 1348 duae
789 1306 981 1361 legiones
1013 1316 1272 1362 congressae
1301 1308 1420 1358 sunt,
1449 1316 1527 1359 pro
1554 1300 1632 1346 Vi·-

87 1381 246 1423 nstellio
277 1381 613 1433 unaetvicesima,
647 1381 713 1421 cui
746 1393 983 1436 cognomen
1014 1380 1187 1437 Rapaci,
1218 1384 1363 1423 vetere
1393 1378 1530 1435 gloria
1560 1378 1631 1420 in·-

137 1455 267 1510 signis
278 1468 289 1507 3
330 1468 353 1496 e
381 1459 496 1509 parte
528 1455 705 1498 Othonis
742 1456 875 1510 prima
905 1455 1123 1508 Adiutrix,
1170 1464 1255 1497 non
1295 1458 1391 1498 ante
1421 1454 1463 1497 in
1495 1453 1629 1496 aciem

136 1530 332 1583 deducta,
377 1530 449 1572 sed
495 1531 614 1573 ferox
659 1535 700 1573 et
739 1532 838 1573 novi
870 1531 1039 1573 decoris
1071 1530 1207 1574 avida.
1266 1530 1446 1573 Primar'ri
1487 1528 1628 1572 stratis

17 1616 104 1668 3
134 1604 575 1647 unetvicesimanorum
612 1605 828 1660 principiis
872 1605 1050 1659 aquilam
1091 1605 1318 1656 abstulere3
1361 1617 1442 1660 quo
1483 1603 1630 1647 dolore

96 1668 98 1670 ’
135 1690 311 1720 accensa
349 1679 461 1734 legio
503 1684 543 1721 et
585 1672 744 1734 impulit
771 1670 916 1721 rursus
946 1680 1185 1734 primanos,
1217 1680 1441 1722 interfecto
1469 1677 1629 1722 Orfidio

1241 1803 1275 1839 6.
1303 1808 1412 1850 prest.
1439 1801 1506 1838 ΜΒ.
1592 1802 1643 1838 Θ.-

1195 1854 1251 1889 10.
1281 1852 1373 1887 conl.
1402 1850 1466 1886 Ma.
1572 1851 1627 1886 11.

687 1904 740 1938 12.
766 1903 962 1949 perrupere
988 1900 1043 1936 Ma
1069 1913 1114 1937 ex
1142 1901 1378 1944 correctione,
1405 1905 1446 1934 ut
1472 1899 1628 1934 videtur.

143 1947 197 1980 15.
229 1948 526 1982 unaetvicensima
551 1949 615 1992 Ma,
642 1962 715 1985 una
741 1951 964 1985 et'uicesima
989 1950 1030 1986 G.
1134 1951 1189 1986 17.
1224 1951 1288 1985 nui
1326 1955 1406 1984 oum
1431 1948 1495 1984 lin.
1521 1952 1630 1993 super

137 1993 204 2029 litt.
232 2006 256 2028 η
282 1994 354 2029 Ma:
383 1997 410 2030 G
433 1998 527 2031 noui.
636 1999 691 2033 18.
731 2000 1181 2034 unaeetvicensimoenorum
1206 1998 1285 2034 Ma:
1320 2007 1417 2033 unae
1441 2003 1474 2033 et
1497 1997 1629 2033 weced-

138 2053 318 2078 manorum
346 2043 383 2080 G.
471 2046 523 2082 19.
534 2046 604 2093 inp.
631 2045 696 2083 Ma.
790 2049 919 2093 Orfidio
947 2048 1043 2093 GMa‚
1070 2059 1141 2083 non
1170 2048 1353 2095 Orphidto.

268 1805 303 1838 2.
331 1805 452 1838 omissa
478 1803 542 1838 Ma.
620 1807 654 1840 3.
681 1805 741 1839 sed
767 1804 912 1839 editor:
941 1804 1086 1839 codices
1113 1809 1157 1840 et.

135 1851 206 1895 inp.
233 1848 296 1886 Mu,
393 1851 426 1888 9.
456 1853 586 1886 eminus
612 1852 706 1896 GMa,
734 1855 931 1898 eminusque
956 1852 1092 1888 ABGR.

138 1898 295 1943 gladilms
322 1898 398 1933 Ma:
425 1900 452 1934 G
478 1901 615 1946 yladiis.

140 2158 218 2205 gilii
245 2158 332 2193 Aen.
361 2160 391 2194 X
415 2162 528 2207 307),
570 2173 663 2197 nunc
703 2164 745 2198 ad
783 2175 843 2199 re-

127 2217 260 2241 ·cessus
273 2208 396 2244 turbae
410 2209 612 2246 fluctuantis
627 2216 707 2256 apte
725 2218 842 2248 trans-

140 2255 247 2290 latum
275 2261 338 2290 est.

914 2166 1070 2212 gendum
1111 2171 1198 2201 erat.
1267 2163 1388 2211 Vulgo
1408 2175 1418 2198 z
1473 2161 1631 2198 com-mu

913 2216 1046 2250 eminus
1072 2216 1241 2258 catervis,·
1268 2214 1313 2249 ef.
1347 2212 1393 2248 nd
1417 2211 1465 2246 xl
1490 2211 1524 2253 6.

983 2264 1022 2297 in
1048 2275 1178 2310 ayqere
1203 2264 1302 2298 viae:
1331 2266 1386 2297 est
1410 2261 1472 2296 viu
1497 2257 1630 2294 Postu-

211 2303 296 2349 Cap.
323 2304 381 2341 42.
416 2307 476 2341 sed
503 2330 547 2335 —-
571 2315 695 2344 mamm
717 2311 842 2356 prodi·
912 2313 1001 2356 mia3
1029 2313 1075 2348 cf.
1103 2313 1147 2349 ad
1174 2323 1250 2357 cap.
1280 2311 1338 2347 24.
1457 2309 1497 2344 in
1522 2312 1630 2343 eben-¹

139 2353 241 2386 tionis
265 2355 402 2397 fecere:
430 2356 498 2390 hoc
524 2357 601 2391 vult
623 2358 754 2402 dicere,
781 2370 842 2393 sa-

139 2400 347 2436 lutationem
385 2403 427 2436 ab
454 2403 664 2448 Othonianis
690 2418 842 2452 usurpa-

140 2452 209 2481 tam
248 2449 289 2482 ab
320 2446 480 2485 hostibus
517 2464 588 2487 non
622 2455 735 2489 solum
770 2467 842 2490 non

139 2496 309 2531 redditam
324 2508 413 2542 esse,
433 2501 495 2534 sed
513 2503 715 2537 auctoribus
737 2506 842 2538 etiam

139 2546 176 2578 in
196 2548 407 2581 contrarium
434 2553 469 2582 et
495 2549 655 2585 damnum
679 2554 843 2596 vertisse,

140 2603 217 2626 cum
244 2598 374 2628 metum
400 2597 610 2640 proditionis
643 2601 716 2634 suis
742 2602 843 2636 face-

139 2646 227 2675 rent.
258 2642 382 2688 Itaque
414 2647 557 2690 gravior
585 2653 638 2682 est
666 2651 844 2694 oppositio

141 2700 242 2734 quam
267 2695 305 2724 ut
332 2694 505 2736 particula
530 2701 562 2729 et
587 2697 732 2743 adiungi
758 2708 845 2742 pos-

140 2738 210 2770 sit:
236 2739 340 2773 immo
366 2740 454 2775 haec
482 2754 526 2775 ex
551 2750 601 2778 set
629 2751 710 2779 nata
736 2751 771 2780 et
792 2747 845 2781 si-

140 2784 254 2818 bilans
294 2793 371 2830 post
406 2800 531 2824 vocem
569 2792 691 2827 eadem
725 2793 845 2828 littera

142 2832 368 2912 imtzipientem
410 2838 663 2887 (salutavere)
715 2843 846 2877 omissa

144 2890 181 2913 es
200 2906 207 2914 .

214 2930 398 2983 comminus
429 2933 559 2968 eminus
579 2962 588 2979 ,
629 2938 778 2971 catervis
815 2943 847 2972 ct

146 2984 262 3009 cuneus
283 2980 553 3016 concurretant.-
581 2983 633 3019 sic
658 2985 846 3031 interpun-

912 2367 981 2395 tum
1015 2362 1118 2397 totius
1155 2360 1263 2396 belli.-
1302 2363 1347 2393 ut-
1389 2358 1499 2392 totius
1540 2356 1629 2393 hetti

913 2414 1063 2444 eventus
1090 2421 1155 2455 per
1181 2411 1279 2455 ipsos
1305 2410 1502 2453 pararetur.

985 2457 1139 2503 Cap.43.
1180 2459 1238 2493 cui
1255 2461 1451 2502 coynomm
1466 2453 1608 2501 Rapaci
1617 2456 1628 2487 .·“

917 2507 1048 2552 quippe
1074 2507 1197 2552 rapido
1225 2515 1331 2541 cursu
1350 2508 1387 2539 et'
1401 2504 1538 2548 impetu
1559 2501 1629 2537 ἥθ’-

914 2561 1002 2589 stem
1017 2561 1245 2599 prosternere
1260 2552 1484 2595 credebatur,
1496 2551 1629 2597 imagi-

914 2615 959 2638 ne
979 2609 1117 2649 sumpta
1132 2615 1152 2639 a
1166 2606 1381 2648 tempestate
1395 2605 1456 2636 aut
1470 2600 1630 2634 toi-rente

916 2652 1093 2687 obstantia
1120 2654 1249 2699 raptim
1276 2661 1399 2686 secum
1427 2648 1580 2688 ferente.

987 2711 1059 2734 non
1098 2708 1181 2736 ante
1219 2702 1262 2735 in
1304 2700 1418 2734 aciem
1454 2697 1629 2733 deducta:

915 2753 997 2782 ante
1021 2759 1092 2782 non
1117 2751 1154 2783 in
1183 2750 1299 2784 aciem
1325 2747 1479 2782 deducta
1504 2745 1568 2780 sed
1594 2745 1631 2778 in

915 2796 1053 2830 insidiis
1095 2797 1214 2833 locata
1263 2798 1403 2831 hostem
1441 2795 1632 2841 fugaverat

917 2849 967 2890 (c.
996 2844 1170 2892 24—26).
1234 2845 1288 2880 De
1315 2844 1501 2879 Adiutrice
1535 2841 1631 2876 conf.

917 2897 1036 2926 annot.
1064 2893 1107 2927 ad
1138 2895 1178 2928 ll.
1207 2893 1220 2928 l
1248 2893 1282 2928 6.
1579 2931 1582 2934 ⁴

988 2941 1090 2986 sigma
1113 2941 1337 2986 vexillaque:
1378 2941 1481 2987 signa
1515 2938 1633 2985 rapuit

918 2993 961 3022 etx
988 2988 1192 3027 cohortibus
1214 2989 1398 3027 sociorum¹
1423 2993 1459 3025 et
1483 2986 1632 3034 pravorum
