1768 3216
157 229 206 266 86
796 220 1059 258 AGRIGOLAE

156 356 248 386 rum
278 343 321 384 in
353 341 520 383 comitio
553 351 601 381 ac
634 340 726 381 foro
757 342 990 380 urerentur.

1069 337 1238 379 Scilicet
1267 336 1338 378 illo
1369 336 1469 391 igne
1497 346 1648 379 vocem

156 416 295 471 populi
324 414 500 457 Romani
532 418 572 454 et
601 413 835 454 libertatem
866 416 1035 454 senatus
1074 415 1114 453 et
1148 410 1446 452 conscientiam
1471 409 1647 465 'generis

157 490 324 532 humani
356 489 515 530 aboleri
551 487 871 539 arbitrabantur,
897 486 1079 540 expulsis
1108 486 1277 539 insuper
1299 485 1530 539 sapientiae
1547 485 1651 538 pro-

157 563 387 605 fessoribus
419 567 541 615 atque
573 562 684 602 omni
719 562 829 603 bona
869 565 956 602 arte
999 561 1041 601 in
1088 559 1254 600 exilium
1301 554 1421 611 acta,
1461 570 1516 600 ne
1553 557 1650 611 quid

127 649 328 690 susquam
360 636 578 678 honestum
611 640 867 677 occurreret.

928 635 1127 676 Dedimus
1157 634 1348 686 profecto
1382 632 1542 687 grande
1571 644 1652 686 pa-

157 712 326 752 tientiae
358 711 674 760 documentu1n3
707 714 746 750 et
777 710 885 751 sicut
912 713 1029 749 vetus
1062 712 1175 750 aetas
1206 707 1310 748 vidit
1339 707 1436 760 quid
1465 705 1652 747 ultimum

158 786 201 826 in
230 785 421 826 libertate
452 789 578 836 esset,
610 785 664 825 ita
696 796 773 825 nos
806 783 902 837 quid
934 784 976 823 in
1007 783 1219 834 servitute,
1253 781 1445 834 adempto
1475 791 1552 834 per
1581 779 1653 820 in·-

331 948 361 980 1.
389 957 506 980 vocem
532 956 588 979 om
615 948 658 981 Δ.

161 1005 227 1028 nus
253 1001 303 1029 ut.

161 1153 302 1195 aderat,
331 1153 393 1185 sed
414 1152 634 1197 legationem
661 1164 679 1185 a
716 1151 869 1186 Caesare

161 1200 404 1234 demandatam
432 1199 564 1242 obibat.
617 1200 703 1238 Rem
740 1210 869 1233 novam

163 1253 198 1282 et
224 1253 380 1281 atrocem
419 1249 613 1281 amicorum
651 1248 779 1285 litteris
811 1252 871 1281 aut

162 1296 285 1340 populi
315 1294 450 1328 diurnis
478 1296 673 1334 nuntiatam
712 1297 747 1328 in
785 1306 872 1340 pro-

163 1345 286 1377 vincia
313 1343 380 1376 sibi
397 1345 583 1384 commissa
599 1343 691 1392 lepit,
721 1349 755 1376 et
782 1340 871 1377 con-

166 1391 285 1425 silium
325 1392 434 1424 vitam
469 1394 584 1426 soceri
624 1391 873 1426 conscribendi

168 1440 340 1485 agitatum
366 1440 484 1473 animo
498 1445 582 1474 tunc
601 1441 731 1482 omisit,
759 1440 874 1473 donec

167 1487 299 1522 laetius
342 1487 503 1521 seculum
553 1489 717 1521 oriretur.
770 1487 872 1525 Conf.

168 1535 346 1569 Prooemii
375 1546 404 1569 c.
437 1537 455 1570 7
485 1547 566 1582 pag.
595 1536 658 1570 XV
686 1540 720 1570 et
753 1541 873 1575 annot.

170 1583 214 1617 ad
238 1584 324 1629 Agr.
355 1594 385 1616 c.
411 1584 470 1618 45.
524 1584 591 1626 Qui
616 1583 772 1618 Tacitum
797 1595 876 1618 cum

170 1631 261 1665 haec
301 1631 397 1664 facta
443 1637 524 1665 sunt
572 1633 608 1665 in
640 1633 727 1666 urbe
764 1632 877 1666 fuisse

170 1684 340 1722 statuunt,
368 1679 462 1725 quod
490 1680 598 1726 vulgo
628 1681 764 1714 faciunt
791 1690 877 1724 pro-

169 1732 249 1771 pter
283 1727 394 1761 verba
428 1738 504 1772 cap.
540 1727 586 1763 45
620 1739 683 1761 nos
723 1728 879 1762 Maurici

170 1776 373 1819 Rusticique
418 1776 535 1818 visus,
584 1787 647 1809 nos
698 1777 879 1811 innocenti

170 1824 342 1868 sanquine
391 1823 540 1857 Senecio
585 1824 762 1869 perfudit,
805 1834 877 1857 nou

168 1875 267 1904 recte
312 1876 504 1915 percepta,
545 1871 691 1904 verbum
734 1873 878 1916 teqimus

169 1919 262 1952 iuste
303 1918 485 1962 explicare
528 1925 724 1964 nequeunt.
777 1920 878 1962 Quo-

168 1966 274 1999 modo
308 1966 418 1999 verba
454 1967 497 1999 de
535 1967 662 2010 quibus
698 1978 793 2000 nunc
819 1967 877 2001 lo-

170 2014 329 2057 quimur,
384 2013 426 2046 ab
476 2015 732 2057 interpretibus
777 2016 878 2048 varie

170 2060 368 2105 explicata,
406 2071 426 2093 a
465 2063 597 2094 criticis
633 2067 768 2095 tentata
793 2063 877 2105 sint,

170 2108 240 2141 iam
266 2107 402 2141 referre
422 2119 540 2155 neque
568 2120 718 2143 necesse
738 2115 791 2144 est
810 2121 877 2144 ne-

170 2166 240 2199 que
281 2155 381 2189 utile.
434 2155 487 2189 De
533 2156 688 2190 Aruleno
734 2158 876 2192 Rustico

170 2213 204 2235 v.
234 2202 309 2236 Iud.
336 2201 419 2237 hist.
449 2208 484 2237 et
511 2204 554 2239 de
579 2204 649 2238 fine
678 2207 755 2238 eius
785 2205 878 2239 Sue-

168 2254 242 2283 ton.
268 2251 400 2285 Domit.
433 2252 495 2286 10:
534 2252 672 2297 Iunium
699 2254 878 2289 Rusticum

169 2297 354 2354 (occidit),
394 2300 483 2343 quod
518 2299 616 2333 Paeti
644 2300 820 2335 Thraseae
847 2307 878 2335 et

169 2346 322 2380 Helvidii
348 2346 462 2380 Prisci
492 2347 606 2392 (hunc
632 2359 695 2395 per
722 2359 878 2386 errorem

171 2404 215 2426 ex
240 2393 359 2427 Tacito
388 2396 637 2440 corrigendum
668 2397 764 2430 addit
785 2398 877 2436 Sue-

168 2442 302 2484 tonius)
341 2441 461 2475 laudes
499 2444 660 2477 edidisset
698 2445 877 2490 appellas-

168 2494 286 2532 setque
313 2501 369 2522 eos
395 2491 631 2524 sanctissimos
667 2494 772 2526 viros.
824 2493 877 2527 De

169 2541 341 2593 utroque,
377 2538 534 2571 Aruleno
564 2539 708 2573 Rustico
744 2545 778 2574 et
806 2541 876 2578 He-

168 2595 294 2618 renmo
328 2580 528 2620 Senecione
562 2597 596 2620 v.
633 2587 700 2620 Dio
727 2599 784 2632 ap.
811 2589 877 2621 Xi-

168 2631 256 2676 phil.
287 2632 412 2677 LXVII
444 2635 504 2676 13,
545 2633 680 2668 Plinius
718 2635 831 2679 Epist.
858 2636 873 2669 1

169 2681 190 2714 5
218 2684 253 2713 et
287 2682 341 2723 14,
371 2680 419 2714 ΙΙΙ
450 2683 503 2724 11,
535 2681 597 2714 Vll
628 2682 679 2717 19.
717 2682 770 2716 De
789 2683 876 2716 Hel..

168 2728 266 2761 vidio
293 2728 338 2762 ct'.
365 2729 439 2763 Ind.
467 2729 557 2764 hist,

239 2820 277 2854 in
313 2822 449 2854 comitio
486 2832 530 2855 ac
555 2824 655 2866 foro:
694 2824 874 2859 comitium

170 2877 249 2909 pars
277 2872 351 2902 erat
378 2868 445 2903 fori
472 2870 634 2914 Romani,
661 2871 724 2905 sod
738 2877 874 2913 utrum-

170 2924 238 2957 que
263 2916 481 2960 nominatum
510 2923 574 2961 ost,
598 2919 692 2964 quod
718 2921 754 2961 in
780 2919 874 2964 pub-

770 947 803 981 5.
830 946 967 992 grande
995 955 1051 978 om
1081 946 1124 980 A.

1250 944 1283 979 6.
1313 949 1344 978 et
1371 945 1454 979 TA:
1481 942 1653 977 Puteola-

932 1152 1003 1186 lico
1059 1151 1268 1195 supplicio,
1314 1150 1422 1195 <quod
1470 1154 1555 1191 tuuc
1609 1149 1654 1195 de

935 1200 1035 1234 libris
1079 1204 1256 1242 sumptum
1297 1204 1368 1241 est,
1415 1208 1537 1232 omnes
1585 1196 1654 1232 fori

936 1252 1052 1292 partes
1101 1258 1121 1281 a
1158 1242 1403 1290 spectantibus
1455 1240 1652 1297 occupatae

936 1300 1046 1330 eraut.
1110 1295 1295 1329 Triumviri
1336 1298 1417 1329 sunt
1466 1293 1643 1333 triumviri

938 1343 1122 1388 capitales,
1149 1345 1185 1376 in
1208 1342 1394 1388 suppliciis
1412 1339 1666 1387 providentes—

938 1397 972 1426 et
998 1397 1162 1436 parantes
1190 1391 1318 1436 quibus
1343 1400 1432 1436 opus
1462 1393 1526 1425 est.

999 1484 1151 1529 expulsis
1176 1485 1319 1528 insuper
1343 1483 1540 1529 sapientiae
1557 1493 1639 1527 pro·

938 1533 1148 1577 fessoribus:
1176 1531 1318 1576 expulsi
1346 1536 1428 1565 sunt
1454 1539 1547 1565 auno
1568 1534 1652 1564 ante

941 1591 1083 1615 caesum
1124 1580 1365 1615 Domitianum
1383 1606 1392 1622 ,
1443 1578 1648 1615 Domitiano

942 1629 1095 1663 Caesare
1122 1634 1157 1663 et
1181 1628 1306 1662 Flavio
1348 1627 1534 1661 Clemente
1561 1636 1651 1660 con-

941 1677 1077 1710 sulibus
1105 1676 1172 1721 (84
1221 1694 1268 1709 =
1293 1676 1373 1719 95),
1403 1677 1432 1709 si
1463 1675 1532 1709 Dio
1559 1673 1653 1718 apud

942 1724 1163 1769 Xiphilinum
1178 1723 1306 1758 LXVII
1329 1724 1371 1758 13
1387 1727 1548 1768 tempora
1563 1733 1652 1756 vere

943 1773 1126 1806 indicavit.
1180 1772 1234 1806 Cf.
1280 1772 1472 1806 Suetonius
1515 1771 1652 1805 Domit.

946 1821 1000 1855 10.
1037 1820 1173 1854 Plinius
1202 1820 1429 1865 Paneg.-47‚
1464 1818 1577 1868 Epist.
1603 1817 1652 1852 111

945 1870 999 1902 11.
1053 1869 1211 1912 Sulpicia
1237 1869 1274 1901 in
1306 1868 1413 1901 satira
1438 1877 1512 1901 sua.
1535 1866 1538 1869 ’
1566 1866 1653 1901 Gel-

943 1916 1014 1950 lius
1045 1917 1108 1950 XV
1144 1918 1197 1950 11.
1248 1915 1484 1950 Philostratus
1515 1916 1552 1948 in
1578 1915 1654 1949 vita

941 1964 1126 2007 Apollonii
1157 1963 1215 1996 v11
1239 1967 1283 2005 4,
1319 1965 1356 1996 in
1379 1965 1474 2004 *vitis*
1495 1963 1653 2006 Sophist.

943 2011 957 2044 1
974 2013 1006 2045 7.
1036 2013 1079 2045 Hi
1095 2016 1205 2045 testes
1220 2021 1343 2044 omnes
1364 2012 1408 2045 de
1423 2010 1651 2055 philosophis

943 2059 1068 2101 semel,
1097 2069 1167 2092 non
1194 2058 1260 2101 his,
1281 2058 1391 2092 exilio
1414 2058 1653 2092 aDomitiano

942 2106 1099 2143 multatis
1116 2107 1322 2151 loquuntur.
1335 2106 1405 2141 Sed
1419 2106 1538 2144 turbas
1553 2103 1652 2140 dedit

941 2153 1120 2188 Eusebius
1155 2155 1191 2187 in
1221 2152 1411 2188 Chronico.
1464 2153 1533 2196 Qui
1569 2164 1648 2188 cum

943 2202 1036 2245 apud
1047 2202 1200 2236 Dionem
1226 2201 1248 2234 l.
1273 2212 1302 2234 c.
1320 2203 1490 2247 scriptum
1511 2203 1651 2236 invenit

944 2250 1051 2286 ἄλλοι
1078 2261 1115 2285 τε
1143 2252 1183 2285 ἐκ
1206 2253 1270 2292 τῆς
1297 2250 1408 2294 αὐτῆς
1432 2249 1566 2293 ταύτης
1589 2250 1654 2292 τῆς

942 2294 1033 2334 κατὰ
1062 2293 1127 2342 τὴν
1154 2299 1399 2345 φιλοσοφίαν
1435 2300 1557 2338 αἰτίας
1584 2309 1654 2334 συ-

938 2349 1030 2392 χιόἱ
1048 2345 1246 2388 διώλοντο,
1260 2350 1325 2381 καὶ
1347 2347 1384 2383 οἱ
1401 2348 1531 2382 λοιποὶ
1549 2345 1653 2382 πάν-

942 2405 998 2434 τες
1025 2395 1258 2438 ἐξηλάθησαν
1285 2390 1396 2434 αὖθις
1422 2396 1463 2430 ἐκ
1487 2393 1653 2436 τῆς-Ῥώ-

940 2455 1033 2489 μης,
1069 2442 1276 2476 adverbium
1313 2438 1427 2482 αὖθις
1460 2441 1504 2478 de
1537 2441 1651 2490 altero

942 2489 1238 2533 philosophorum
1274 2489 1384 2524 exilio
1423 2499 1487 2534 per
1515 2490 1653 2533 princi?

946 2547 1024 2580 pem
1051 2536 1293 2571 Domitianum
1327 2538 1424 2573 iusso
1463 2541 1652 2580 perperam

942 2585 1101 2628 accepit,
1139 2595 1350 2630 quamquam
1377 2585 1421 2619 de
1448 2585 1568 2629 priore
1593 2585 1652 2623 ni·-

944 2632 994 2667 hil
1023 2644 1042 2667 a
1069 2633 1186 2668 Dione
1213 2632 1363 2679 relatum
1393 2633 1550 2680 legerat,
1585 2643 1653 2669 ne·-

945 2691 1014 2724 que
1047 2681 1137 2715 vidit
1174 2680 1286 2720 αὖθις
1318 2681 1444 2715 referri
1483 2692 1503 2714 a
1535 2680 1653 2722 Dione

946 2728 989 2762 ad
1037 2729 1183 2765 exilium
1237 2728 1532 2773 philosophorum
1579 2729 1652 2766 'im-

945 2782 1105 2819 peratum
1154 2789 1173 2811 a
1230 2777 1442 2822 Vespasiano
1470 2787 1497 2820 ,’
1543 2775 1650 2824 paulo

945 2829 1028 2858 ante
1073 2824 1197 2869 (LXVI
1240 2826 1300 2869 13)
1341 2824 1544 2863 narratum:
1588 2827 1652 2860 καὶ

945 2873 1092 2911 πάντας
1119 2873 1255 2907 αὐτίκα
1288 2868 1374 2910 τοὺς
1406 2873 1651 2922 φιλοσόφφῑῖς

946 2919 965 2960 ὁ
998 2917 1292 2960 Οὐεσπασιανὸς
1318 2918 1415 2965 πλὴν
1441 2922 1508 2959 τοῦ
1535 2923 1647 2959 Mov-
