1768 3216
41 1023 151 1062 12—

715 221 802 264 CAR-
832 222 987 263 tamn.

1552 217 1600 256 81

105 342 241 387 torum
274 340 442 395 quidem
479 340 587 394 apud
623 340 718 390 illos
761 344 830 382 aut
874 340 1105 394 tegularum
1154 350 1281 381 usus:
1325 335 1499 380 materia
1547 334 1602 377 ad

88 414 246 459 ‘omnia
277 420 475 469 utuntur,
515 415 685 457 informi
716 419 755 458 et
786 415 889 457 citra
931 415 1117 468 speciem
1161 417 1229 455 aut
1269 411 1602 455 delectationem.

107 491 321 541 Quaedam
350 491 445 532 loca
476 489 718 544 diligentius
750 489 927 530 inlinunt
957 493 1068 530 terra
1093 489 1148 530 ita
1167 500 1271 541 pura
1287 499 1338 529 ac
1358 486 1604 540 splendente

106 569 155 608 ut
178 565 382 620 picturam
413 577 464 607 ac
494 564 743 606 lineamenta
777 563 965 604 colorum
995 562 1189 603 imitetur.

1250 561 1393 605 Solent
1430 564 1471 602 et
1499 559 1609 604 suh-

80 651 82 657 ⁸
106 643 326 682 terraneos
354 650 504 692 specus
539 638 720 691 aperire,
752 649 909 690 eosque
939 636 1067 678 multo
1095 636 1264 688 insuper
1293 634 1387 681 fimo
1413 637 1608 686 onerant,
1618 651 1642 681 5

106 712 333 769 suffugium
372 713 500 755 hiemi
543 716 585 753 et
606 711 932 766 seceptaculum
973 710 1186 765 frugibus:
1231 709 1380 763 quippe
1419 709 1604 764 rigorem

108 789 310 844 frigorum
345 787 550 830 eiusmodi
579 786 686 828 locis
717 786 919 838 molliunt,
953 789 994 826 et
1024 785 1061 827 si
1090 784 1255 838 quando
1272 784 1404 825 hostis
1423 783 1610 835 advenit,

110 866 252 918 aperta
282 861 515 916 populatur,
548 861 688 902 abdita
721 865 856 902 autem
889 864 929 901 et
959 853 1130 901 defossa
1160 863 1229 900 aut
1259 858 1507 913 ignoramur
1540 861 1610 901 auat,

108 949 160 979 eo
191 937 286 991 ipso
317 936 465 978 fallunt
491 935 600 989 quod
632 935 871 989 quaerenda
900 938 1008 976 sunt.

244 1010 456 1066 Tegumen
489 1009 681 1051 omnibus
700 1021 861 1064 sagum,
890 1006 1014 1049 fibula
1043 1011 1127 1059 aut,
1155 1006 1192 1048 si
1214 1006 1337 1058 desit,
1368 1006 1486 1059 spina
1503 1018 1610 1047 con-

109 1089 287 1132 sertum:
319 1088 462 1127 cetera
498 1084 643 1126 intecti
686 1087 796 1125 totos
839 1082 930 1124 dies
972 1082 1084 1124 iuxta
1128 1081 1265 1122 focum
1307 1085 1428 1134 atque
1469 1080 1609 1135 ignem

110 1155 250 1216 agunt.
296 1158 632 1213 Locupletissimi
661 1162 779 1200 veste
802 1157 1124 1212 distinguuntur,
1156 1168 1243 1197 non
1267 1155 1468 1209 fluitante,
1499 1155 1612 1197 sicut

71 1380 75 1382 ἡ
249 1337 284 1371 3.
310 1335 455 1370 illinunt
480 1333 518 1369 P.

112 1384 253 1418 editor:
279 1383 304 1418 P
329 1395 403 1434 qa,
418 1383 530 1429 vulgo
557 1385 650 1429 quia.

115 1434 172 1470 12.
197 1432 434 1479 distinguntur
458 1431 495 1465 P.

115 1591 251 1628 eosque
276 1580 389 1615 multo
425 1580 507 1614 fimo
541 1585 713 1623 onerent,
750 1582 828 1625 ipsa

116 1631 228 1668 verba
252 1630 437 1675 sutfuyium
462 1629 570 1662 hiemi
600 1635 631 1663 et
665 1635 828 1674 recepta-

118 1679 233 1713 culum
245 1678 403 1723 frugibus
420 1678 619 1712 continent.
643 1678 726 1711 Post
741 1676 831 1711 haec

118 1737 189 1761 non
218 1727 440 1761 enuntiatum
479 1726 622 1760 causale
661 1726 830 1771 subsequi

119 1775 262 1818 debuit,
291 1774 365 1813 'sed
394 1774 640 1820 explicativum
666 1785 736 1820 quo
765 1785 831 1808 ex-

118 1828 312 1869 poneretur
356 1823 533 1868 quomodo
575 1833 704 1867 specus
743 1822 832 1857 sub-

117 1873 274 1907 terranei
315 1872 386 1905 sint
419 1872 614 1918 suffugium
649 1871 758 1905 hiemi
798 1876 833 1905 et

117 1919 387 1966 receptaculum
415 1920 593 1966 frugibus,
641 1919 739 1954 Haec
766 1931 833 1954 ex-

119 1969 267 2015 plicatio
302 1968 442 2003 duobus
493 1970 687 2003 enuntiatis
732 1979 833 2002 com-

119 2017 366 2063 prehenditur,
395 2027 545 2062 quorum
565 2026 636 2050 uno
648 2017 833 2063 suffugium

119 2066 246 2110 hiemi,
282 2066 397 2101 altero
431 2065 691 2112 receptaculum
715 2066 834 2110 fraqi-

120 2115 180 2150 bus
225 2114 439 2150 declaratur,
508 2114 649 2159 Quippe
693 2113 833 2159 quando

118 2164 219 2210 rigor
243 2163 420 2210 frigorum
452 2164 596 2209 gravius
624 2168 756 2208 urget,
797 2163 834 2195 in

122 2222 184 2246 eos
211 2221 341 2257 specus
377 2222 458 2246 sese
494 2212 697 2256 recipiunt,
735 2210 770 2245 h.
800 2221 832 2244 e.

120 2262 278 2306 rigorem
306 2260 482 2305 frigorum
509 2259 687 2293 molliunt.
718 2258 836 2292 'Rur-

121 2319 182 2342 sus
207 2308 269 2342 ubi
297 2307 410 2345 hostis
443 2307 612 2349 advenit,
648 2307 771 2352 fruges
799 2307 835 2339 in

122 2365 251 2401 specus
277 2355 343 2390 sub
365 2359 461 2389 terra
475 2354 708 2389 abscondunt.
738 2353 836 2395 Qua-

122 2408 270 2449 propter
308 2413 396 2448 opus
436 2410 489 2437 est
515 2403 691 2448 particula
717 2401 836 2445 expli-

124 2453 241 2490 cativa
269 2456 304 2486 et
338 2451 421 2485 talis
459 2456 513 2486 est
550 2452 684 2497 quippe.
740 2450 837 2483 Haec

121 2501 202 2546 ipsa
236 2511 281 2535 ex
305 2499 384 2546 αἶα
427 2505 593 2544 corrupta
628 2501 665 2532 in
689 2509 759 2548 qa,
799 2502 837 2531 ut

123 2555 178 2584 est
205 2549 243 2582 in
268 2548 360 2583 libro
388 2546 435 2592 P,
475 2548 555 2582 dum
592 2549 629 2581 in
664 2547 745 2581 aliis
781 2547 840 2590 qui

122 2598 182 2632 vel
220 2607 309 2642 quae
346 2601 407 2631 aut
442 2598 525 2641 quia
563 2606 672 2641 prave
714 2605 838 2629 corre-

123 2651 218 2680 ctum
245 2650 311 2680 est.

197 2727 235 2749 eo
261 2716 335 2761 ipso
361 2714 491 2759 fallunt
518 2715 607 2759 quod
632 2714 835 2758 quaerenda

123 2770 202 2799 sunt
220 2775 232 2797 .-
272 2763 354 2797 dum
380 2763 494 2796 hostis
523 2763 662 2807 quaerit
688 2762 748 2796 ubi
775 2763 834 2795 ni-

125 2812 177 2847 hil
204 2816 258 2846 est
289 2821 405 2856 eoque
426 2816 563 2855 tempus
590 2811 716 2854 perdit,
743 2821 834 2854 pau-

126 2860 254 2895 cailla
280 2865 316 2894 et
352 2859 422 2893 fida
455 2859 685 2903 receptacula
723 2858 835 2892 latent

124 2910 241 2953 ipsum
267 2913 304 2942 et
330 2908 507 2953 effugiunt
543 2906 746 2950 (λανθάνει
770 2909 835 2942 καὶ

126 2957 359 3007 διαφεύγει).
403 2954 507 2992 conf.
533 2955 584 2990 111
618 2956 675 3000 10,
700 2954 749 2994 xl
777 2956 834 2999 12,

594 1335 629 1370 4.
658 1334 867 1369 liniamenta
893 1333 929 1367 P.

754 1383 809 1436 19.
841 1381 952 1428 figula
977 1380 1013 1425 P,
1041 1382 1153 1416 ceteri
1174 1380 1294 1425 fibula.

1028 1338 1276 1378 supterraneos
1302 1330 1337 1364 P.
1425 1330 1458 1365 6.
1487 1330 1611 1375 quippe

1373 1380 1387 1412 1
1400 1381 1428 1412 1.
1456 1379 1549 1412 iusta
1574 1377 1610 1412 P.

897 1580 978 1615 XIII
1009 1581 1064 1622 13,
1093 1579 1150 1613 XV
1178 1578 1236 1614 66.
1266 1578 1307 1611 H.
1336 1576 1366 1611 ll
1392 1576 1451 1619 34,
1481 1575 1527 1610 111
1554 1577 1612 1611 53.

898 1629 1063 1662 Horatius
1090 1626 1204 1661 Carm.
1233 1626 1280 1660 111
1310 1627 1354 1665 14
1393 1625 1458 1660 19:
1498 1626 1614 1671 Spar-

899 1683 1016 1712 tacum
1040 1677 1070 1710 si
1096 1687 1165 1720 qua
1190 1675 1302 1720 poluit
1326 1679 1514 1719 vagantem
1539 1673 1614 1718 sal-

1624 1019 1662 1048 to

899 1726 972 1760 lere
999 1731 1097 1759 tesea.
1140 1724 1240 1758 Adde
1268 1723 1428 1757 eiusdem
1458 1722 1571 1756 θυι-ιιι.
1600 1721 1634 1755 1,

904 1776 947 1810 10
976 1774 1031 1815 16,
1059 1773 1107 1807 lv
1125 1777 1150 1807 4
1171 1773 1237 1815 523
1264 1771 1362 1815 Ep.1
1389 1771 1486 1805 531.
1514 1770 1611 1804 idem

900 1823 1020 1868 posuit
1049 1821 1118 1855 hoc
1144 1821 1292 1855 verbum
1316 1819 1429 1864 Epist.
1451 1819 1463 1852 l
1484 1818 1526 1854 16
1540 1820 1586 1853 54
1604 1807 1622 1850 :⁸

900 1873 944 1906 sit
977 1883 1053 1917 spes
1089 1869 1267 1915 fallendi,
1316 1868 1473 1902 miscebis
1507 1878 1615 1902 sacra

899 1922 1074 1966 profanis.

975 2015 1060 2061 Cap.
1092 2016 1147 2050 17.
1186 2021 1345 2061 teyumen
1373 2014 1530 2048 omnibus
1553 2024 1615 2048 sa-

902 2077 1004 2110 qum:
1032 2070 1190 2109 teyumen
1226 2064 1411 2110 (Gewand)
1434 2063 1522 2096 dixit
1549 2073 1616 2096 ve-
1644 2098 1647 2101 Α
1707 2069 1719 2109 J

902 2119 993 2148 stem
1020 2114 1258 2156 exteriorem,
1294 2123 1386 2158 quae
1425 2111 1518 2155 apud
1542 2111 1617 2145 Ro-

903 2172 1026 2196 manos
1053 2167 1158 2208 toga,
1194 2161 1288 2206 apud
1319 2161 1467 2194 militem
1498 2171 1618 2205 sayum

907 2209 1221 2255 (Krieqsmantel).·
1260 2209 1407 2243 eandem
1444 2210 1479 2240 in
1509 2207 1618 2242 femi-

904 2259 959 2291 nis
990 2258 1244 2292 Germanorum
1284 2259 1447 2290 amictum
1473 2255 1618 2289 vocavit

904 2306 973 2339 hoc
1001 2308 1118 2350 capite
1148 2310 1320 2339 extremo.
1415 2311 1533 2337 celera
1557 2305 1617 2337 ἰη-

904 2355 1011 2388 tecti.-
1057 2358 1176 2388 cetera
1219 2353 1384 2398 intellige
1425 2351 1535 2396 pedes
1582 2355 1618 2385 ct

905 2406 1022 2446 caput.

976 2472 1236 2518 locupletissimi
1269 2477 1360 2506 veste
1395 2471 1617 2516 distinguun-

905 2526 985 2554 tur.-
1034 2521 1141 2555 solita
1174 2521 1341 2554 Romanis
1382 2519 1476 2553 domi
1514 2519 1615 2552 vestis

904 2570 1026 2603 tunica
1051 2569 1130 2604 fuit.
1156 2569 1272 2603 Etiam
1300 2568 1334 2602 h.
1363 2568 1386 2602 l.
1414 2568 1517 2602 vestis
1545 2576 1616 2599 non

906 2622 960 2651 est
999 2628 1124 2663 sagum
1165 2617 1229 2651 sed
1279 2618 1419 2650 tunicae
1463 2615 1616 2658 species.

905 2665 1010 2699 Plebs
1037 2667 1133 2711 sagis
1162 2664 1242 2698 dum
1271 2669 1438 2698 contenta
1466 2668 1531 2704 est,
1559 2661 1617 2694 lo-

904 2714 1137 2757 cupletissimi
1171 2718 1271 2747 veste
1307 2712 1365 2746 vel
1397 2712 1519 2744 tunica
1558 2709 1616 2744 di-

904 2764 1143 2807 stinguuntur.
1159 2761 1286 2794 Errant
1303 2765 1421 2794 autem
1436 2759 1495 2803 qui
1514 2768 1614 2792 com-

903 2812 1006 2843 matis
1021 2815 1137 2843 notam
1150 2814 1229 2853 post
1241 2809 1498 2853 distinquunlur
1508 2807 1611 2840 omit--

904 2863 999 2900 tunt,
1043 2859 1079 2891 in
1121 2857 1249 2902 quibus
1275 2856 1381 2890 video
1414 2856 1609 2890 Massman-

904 2917 1009 2939 num:
1038 2916 1117 2939 nam
1144 2905 1254 2939 verba
1281 2915 1354 2938 non
1381 2905 1538 2950 fluitante
1564 2923 1610 2930 —-

905 2954 1119 3001 exprimente
1144 2952 1319 2990 accedunt
1334 2953 1379 2989 ad
1403 2952 1614 2988 descrihen-
