1768 3216
128 327 335 387 .,’,’ᾗοΙΙοὶιιι
358 336 582 383 significatus
606 347 629 372 a
658 326 781 374 Tacito
810 339 829 374 1
862 341 895 374 1.

188 403 292 436 saon
323 401 448 442 aperte
482 397 627 432 mentiri
665 408 774 433 ausus
817 401 834 434 1
861 400 897 436 6.

156 453 210 485 Β)
215 446 402 501 ‘Tiberium
453 461 525 492 tam
567 458 745 493 immerito
791 460 914 506 quam'
944 462 1062 496 victus
1089 463 1117 497 G
1141 463 1248 497 21..

218 517 449 564 impudenter
481 516 603 552 laudat
643 519 660 551 1
676 519 742 554 13
769 524 805 554 et
834 522 889 563 15,
939 521 1047 555 vidua
1073 521 1172 557 luctu
1198 524 1368 558 continuo
1402 525 1446 560 16
1478 525 1533 560 10.

135 600 142 604 s
203 575 251 617 ’ὃ
252 575 327 614 45.
358 578 567 612 candidatus
580 572 761 614 Caesaris
790 582 806 615 1
837 582 894 616 15.

173 648 201 691 ζ
322 648 366 677 us
391 638 556 674 Germani
584 638 734 674 multum
760 641 893 675 transi-

307 696 360 734 G
386 699 444 734 15.

215 815 326 855 279.

744 185 1090 265 finorffiwms.

1584 230 1665 298 «με

944 341 1121 377 victoriae
1135 343 1281 387 sanitas,
1302 346 1584 382 sustentaculum
1600 358 1666 383 co-

997 401 1118 436 lumen
1148 404 1175 437 ll
1201 404 1224 438 2
1250 403 1309 439 28.

947 582 1086 616 Vienna
1121 593 1208 618 vera
1243 584 1386 618 colonia
1412 585 1570 620 Romana
1595 585 1665 621 fuit

992 641 1019 676 fl
1048 643 1063 675 1
1095 641 1155 678 65.

939 701 1092 747 vigiliae
1120 702 1183 761 ¹⁵⁴·
1188 702 1248 739 30.

163 753 340 795 mn
376 759 471 793 actio
505 759 542 793 in
573 762 702 794 senatu
741 752 1092 807 tractata⁵vigitum
1120 734 1288 798 cohortes
1311 762 1336 796 4
1361 763 1397 798 5.

910 835 912 837 ·
941 821 1210 868 vigintiviratus
1253 823 1386 868 primus
1422 822 1466 857 ad
1507 822 1662 857 honores

167 880 334 915 venerari
361 859 502 914 coetum
527 880 554 915 i.
575 890 609 915 e.
626 879 776 915 adorare
794 881 838 916 16
856 880 894 916 4.
883 906 917 931 .·
992 882 1122 928 gradus
1147 883 1171 917 3
1198 883 1258 918 29.

170 939 318 1000 uetanis
356 940 450 974 mala
485 944 541 976 est
575 941 782 1000 egniectura
817 940 888 975 lac.
938 941 1059 976 vincla
1078 953 1120 976 ac
1143 942 1356 977 libramenta
1381 947 1556 978 tormento
1578 942 1663 977 abs-

215 998 387 1034 Gronovii
414 999 449 1033 Η
471 999 495 1033 5
523 1000 584 1035 21.

166 1058 318 1097 verbum
356 1058 453 1093 idem
489 1059 617 1094 eodem
641 1059 681 1094 in
702 1061 895 1109 ’nntiato

20 1098 32 1115 ‘⁹
139 1102 409 1175 &witam
437 1119 482 1154 13
506 1119 618 1162 2,15
643 1120 701 1155 72.

792 1344 859 1403 aas:
878 1389 884 1394 .

169 1324 317 1395 veritati
343 1336 475 1403 apti*
485 1355 519 1394 0
541 1358 601 1394 38.
702 1390 746 1424 '¹³‘
794 1413 798 1415 Β

71 1437 114 1473 ⁶}
123 1432 131 1455 τ
152 1418 388 1455 ⁵vernaculus
415 1417 446 1452 fl
469 1417 494 1453 2
517 1417 576 1453 88.

72 2333 94 2349 Q

136 1486 144 1498 ⁸
166 1478 309 1514 vernile
322 1477 455 1512 dictum
465 1477 612 1512 Antonii
626 1476 732 1511 Primi
752 1477 781 1511 H
796 1477 821 1513 3
832 1477 892 1513 32.

169 1529 278 1573 versab
301 1538 492 1572 Caesarum
517 1536 663 1572 suboles
690 1537 712 1571 2
737 1537 798 1572 42.

168 1597 341 1634 versiculi
366 1596 517 1631 Tacitini
547 1600 563 1630 1
598 1599 628 1631 1.

142 1659 295 1709 'ersus
321 1657 430 1690 animi
456 1655 486 1689 H
510 1655 534 1689 4
555 1653 616 1690 84.

169 1727 294 1753 versus
332 1717 356 1751 i.
395 1727 428 1750 e.
468 1716 505 1749 in
540 1715 716 1750 diversam
758 1719 891 1761 partem

216 1787 413 1812 conversus
440 1776 468 1810 G
495 1778 526 1810 l.

168 1827 265 1873 'verti
290 1835 457 1881 exemplo
483 1835 528 1870 ad
566 1835 779 1882 segnitiam,
816 1845 888 1870 non

215 1898 267 1931 uti
297 1897 341 1932 16
367 1895 426 1932 27.

171 1958 273 1992 vesci
299 1967 379 1990 cum
406 1954 613 1989 accusativo
637 1955 670 1989 A
696 1954 756 1989 28.

175 2016 388 2062 Vespasiani
415 2015 485 2050 duo
510 2014 671 2060 pericula
698 2024 789 2060 quae
815 2013 902 2048 adiit

226 2079 264 2111 in
288 2076 434 2111 musicis
468 2075 722 2110 certaminibus
748 2073 900 2109 Neronis

131 2155 165 2186 3
226 2136 271 2173 fi
296 2137 329 2171 5.
358 2136 511 2173 avaritia
536 2136 565 2169 H
592 2136 614 2169 2
640 2134 700 2169 84.
748 2145 899 2168 censura

217 2196 263 2230 de
291 2199 419 2229 senatu
445 2199 526 2231 acta
551 2186 592 2228 A'
610 2194 646 2229 9.

174 2256 331 2301 vestigia
365 2255 389 2288 i.
429 2265 460 2287 e.
495 2255 556 2287 imi
589 2253 700 2298 pedes
724 2253 757 2295 R
784 2255 801 2288 1
831 2253 889 2289 66.

222 2320 259 2350 et
286 2315 504 2349 lineamenta
531 2313 560 2347 0
580 2313 639 2347 33.
660 2327 681 2348 ι

169 2376 319 2410 Vesuvii
346 2372 578 2419 conflagratio
608 2372 634 2406 ll
666 2373 682 2406 1
709 2373 744 2407 2.

170 2439 277 2470 vetus
303 2434 424 2478 operis
451 2444 493 2466 ac
520 2431 651 2466 laboris
681 2433 697 2466 1
726 2433 786 2468 20.
828 2443 898 2470 ve.

216 2499 314 2530 teres
342 2498 378 2528 et
402 2504 509 2528 senes
536 2493 700 2527 homines
726 2492 755 2527 0
777 2492 812 2528 6.

169 2531 306 2591 vexilla
353 2554 592 2588 centuriarum
641 2554 748 2598 signa
783 2554 799 2586 1
835 2551 893 2588 34.

215 2614 352 2649 vexilla
379 2624 443 2659 pro
470 2614 584 2660 signis
610 2613 641 2647 A
666 2614 726 2647 35.

166 2674 348 2708 vexillarii
392 2685 435 2708 ac
472 2673 605 2708 vexilla
646 2673 828 2718 legionum
876 2674 887 2705 1

215 2734 276 2778 38,
305 2735 349 2768 14
374 2733 434 2768 34.
462 2733 491 2767 Η
517 2735 538 2767 2
569 2733 648 2775 100,
678 2733 700 2767 3
720 2733 768 2766 48
785 2737 820 2765 et
834 2732 892 2767 50.

136 2799 139 2802 '
167 2795 263 2828 viam
290 2799 430 2828 struere
456 2804 500 2827 an
525 2794 597 2827 vim
625 2793 654 2826 H
680 2792 791 2842 3⁴49.
858 2815 877 2830 ι

171 2854 351 2889 Vibonum
380 2853 534 2898 populus
561 2854 596 2886 in
626 2852 712 2887 orbe
749 2852 895 2898 antiquo

216 2912 335 2947 nullus
365 2912 431 2947 luit
467 2912 510 2947 13
542 2913 599 2947 57.

988 1000 1160 1036 cidissent
1190 1003 1219 1036 H
1245 1003 1268 1037 3
1293 1004 1352 1038 23.

945 1061 1088 1095 vinetus
1127 1063 1271 1106 propria
1318 1061 1607 1113 significatione
1629 1065 1667 1097 et

985 1120 1158 1155 translata
1184 1121 1213 1157 Η
1239 1121 1262 1155 2
1280 1123 1386 1164 Δ2.’
1447 1127 1471 1143 ὃ·
1490 1119 1491 1123 ’

941 1179 1158 1214 Vindonissa
1196 1179 1364 1225 oppidum
1400 1178 1462 1213 ubi
1501 1179 1608 1214 situm
1634 1180 1666 1214 ll

993 1239 1017 1274 4
1043 1239 1102 1274 70.

940 1299 1084 1334 Vindex
1108 1310 1211 1345 quam
1232 1298 1424 1334 Galliarum
1444 1299 1664 1345 provinciam

996 1359 1190 1394 obtinuerit
1214 1359 1243 1393 H
1274 1362 1289 1393 1
1323 1361 1377 1395 16.

948 1419 1032 1453 vine
1057 1430 1103 1453 an
1129 1429 1244 1464 aequo
1273 1430 1352 1453 cum
1392 1420 1550 1464 patronis
1585 1418 1665 1456 iuro

992 1483 1142 1524 agerent
1168 1479 1306 1513 emend.
1339 1479 1381 1513 ¹3
1407 1478 1466 1513 26.

948 1538 1110 1585 Vipstani
1134 1538 1265 1572 diversi
1293 1549 1314 1572 a
1341 1538 1521 1583 Vipsaniis
1555 1539 1578 1572 2
1604 1538 1663 1573 51.

945 1597 1138 1642 Vipstanus
1178 1597 1328 1631 Messala
1367 1598 1520 1641 scriptor
1558 1606 1661 1631 com-

993 1657 1245 1691 mentariorum
1271 1656 1315 1690 de
1339 1655 1436 1690 bello
1463 1657 1557 1690 inter
1585 1656 1661 1690 Ve-

990 1717 1193 1761 spasianum
1221 1727 1262 1750 ac
1293 1716 1478 1750 Vitellium
1504 1716 1534 1750 11
1559 1717 1583 1751 3
1606 1716 1678 1752 25„

941 1775 1047 1810 virile
1074 1787 1179 1811 secus
1205 1781 1266 1811 aut
1291 1776 1396 1810 virile
1422 1787 1463 1810 ac
1490 1775 1666 1810 muliebre

985 1846 1090 1870 secus
1117 1837 1178 1870 ubi
1199 1836 1332 1883 legitur
1358 1837 1585 1871 accusativus
1613 1840 1668 1870 est

988 1894 1012 1929 4
1037 1895 1095 1930 62.

949 1953 1068 1988 virilia
1095 1952 1234 1988 scelera
1261 1953 1288 1987 11
1319 1954 1334 1988 1
1366 1954 1424 1988 72.

950 2015 1005 2049 vis
1032 2013 1229 2059 quotidiani
1254 2014 1428 2047 sermonis
1447 2013 1475 2048 Ο
1497 2014 1555 2049 32.
1587 2013 1668 2048 elo-

999 2075 1168 2120 quentiae
1193 2084 1238 2118 an
1263 2073 1456 2119 eloquendi
1482 2072 1510 2108 0
1536 2073 1595 2107 33.

948 2134 1048 2169 visus
1072 2120 1285 2171 vfflbulum
1310 2134 1452 2178 passiVa
1485 2137 1664 2177 potestate

998 2192 1196 2238 praeditum
1226 2193 1268 2227 13
1294 2194 1329 2227 5.

940 2254 1143 2288 vitiatarum
1170 2252 1368 2286 electiones
1398 2251 1426 2286 Ο
1454 2251 1514 2286 35.

944 2314 1006 2347 vix
1043 2311 1277 2357 spectabilem
1314 2322 1456 2357 operam
1494 2310 1667 2356 praebere

992 2372 1036 2407 16
1059 2374 1118 2406 21.

935 2430 1060 2467 *itare
1085 2432 1220 2469 incerta
1246 2431 1378 2465 Oceani
1410 2431 1447 2464 11
1478 2431 1536 2465 20.

877 2494 881 2495 ’
948 2492 986 2526 1..
1018 2491 1155 2526 Vitellii
1181 2491 1339 2525 adulatio
1366 2491 1402 2524 in
1431 2490 1554 2524 Gaium
1572 2490 1666 2524 Gae-

992 2563 1108 2586 sarem
1137 2556 1173 2586 et
1198 2550 1383 2586 Claudium
1411 2552 1433 2586 6
1459 2551 1518 2593 32,
1547 2553 1584 2584 ll
1610 2552 1666 2585 13.

938 2613 982 2646 A.
1014 2612 1182 2647 Vitellius
1210 2612 1315 2645 homo
1341 2621 1464 2645 socors
1500 2616 1535 2644 et
1575 2611 1665 2644 tardi

992 2673 1128 2717 ingenii
1158 2673 1183 2705 ll
1211 2674 1232 2706 2
1259 2671 1317 2706 59.
1359 2671 1534 2705 Neronem
1566 2670 1668 2704 cele-

993 2732 1098 2765 brans
1130 2732 1154 2765 ll
1184 2733 1203 2764 2
1236 2733 1278 2766 71
1308 2735 1343 2765 et
1367 2731 1426 2765 95.

952 2791 1088 2825 Vitellii
1119 2791 1246 2833 chem,
1277 2802 1356 2825 cum
1389 2790 1556 2825 Vitellius
1585 2789 1665 2824 col..

994 2851 1077 2897 lega
1104 2850 1253 2885 Claudio
1280 2851 1372 2885 soret
1399 2851 1427 2885 ll
1453 2851 1476 2884 3
1501 2850 1560 2886 66.

946 2909 1163 2946 Vitellianae
1186 2912 1313 2957 copiae
1332 2921 1424 2958 quae
1448 2909 1682 2956 Capitoliumn
