1768 3216
129 257 226 295 {0-
252 259 312 296 ⁷0.
598 259 735 296 LIBER
758 258 821 294 lv.
878 258 967 295 Gn.
993 258 1150 295 57—58.
1573 260 1647 295 841

137 377 269 420 verba
317 376 402 420 feci
445 381 516 420 aut
558 389 635 431 pro
675 376 797 419 vobis
841 375 1063 418 sollicitior
1105 379 1175 417 aut
1211 386 1289 430 pro
1330 388 1398 419 me
1436 376 1643 419 securior.

137 453 244 496 Nam
274 452 375 494 mihi
405 452 575 495 exitium
605 452 744 506 parari
773 451 910 492 libens
942 451 1082 503 audio,
1116 455 1378 505 mortemque
1407 451 1452 492 in
1471 455 1534 493 tot
1553 465 1648 494 ma-

137 527 190 569 lis
218 532 264 569 ut
287 527 415 569 finem
444 527 707 569 miseriarum
741 530 933 580 expecto.
979 524 1118 567 Vestri
1138 537 1206 566 me
1227 525 1355 579 pudet
1378 526 1646 582 miseretque,

137 603 341 646 adversus
371 614 477 656 quos
507 614 593 644 non
622 601 827 656 proelium
859 605 901 642 et
930 600 1046 642 acies
1076 605 1296 654 parantur,
1348 601 1391 642 id
1438 601 1550 643 enim
1583 602 1647 644 sas

139 690 351 721 armorum
381 682 424 719 et
463 677 529 719 ius
565 677 747 719 hostium
789 680 877 718 est:
925 675 1079 717 bellum
1121 687 1215 717 cum
1256 675 1410 730 populo
1458 676 1677 718 Romanos

90 802 100 812 ι
138 753 293 796 vestris
324 764 372 794 se
402 752 592 794 manibus
622 756 838 807 gesturum
879 750 1093 792 Classicus
1136 754 1302 804 sperat,
1348 751 1649 805 imperiumque

137 833 181 871 et
213 832 523 870 sacramentum
555 827 779 869 Galliarum
809 830 1006 868 ostentat.
1054 825 1176 868 Adeo
1211 837 1305 878 nOS,
1338 825 1375 867 si
1407 825 1575 868 fortuna
1605 826 1648 867 in

136 913 340 957 praesens
370 902 588 956 virtusque
620 901 833 952 deseruit,
878 900 1001 941 etiam
1026 904 1171 942 vetera
1203 899 1391 953 exempla
1435 900 1647 952 deficiunt,

138 978 332 1033 quotiens
370 977 584 1018 Romanae
627 976 820 1031 legiones
865 975 1007 1029 perire
1045 974 1410 1029 praeoptaverint,
1454 986 1508 1015 ne
1551 974 1647 1016 loco

139 1052 434 1108 pellerentur?
463 1051 580 1094 Socii
597 1062 726 1104 saepe
758 1049 894 1092 nostri
924 1048 1093 1091 excindi
1120 1049 1247 1090 urbes
1276 1061 1374 1090 suas
1406 1061 1536 1103 seque
1556 1061 1702 1093 cumflo

138 1126 390 1182 coniugibus
421 1138 471 1167 ac
501 1125 647 1168 liberis
679 1125 859 1167 cremari
891 1123 1175 1178 pertulerunt3
1219 1135 1358 1177 neque
1396 1123 1508 1165 aliud
1548 1136 1650 1178 pre-

138 1203 240 1244 tium
271 1202 408 1243 exitus
438 1213 561 1254 quam
589 1200 694 1241 fides
726 1199 934 1253 famaque.
994 1198 1193 1240 Tolerant
1222 1211 1316 1240 cum
1346 1199 1528 1240 maxime
1552 1199 1650 1240 ino-

138 1278 248 1331 piam
280 1275 573 1329 obsidiumque
611 1274 719 1328 apud
773 1276 924 1315 Vetera
971 1273 1191 1329 legiones,
1242 1258 1534 1315 {effici-rore
1581 1277 1651 1316 aut

141 1351 364 1406 promissis
396 1350 684 1392 demoventur.
728 1349 875 1401 Nobis,
906 1361 1033 1403 super
1062 1361 1177 1390 arma
1208 1352 1249 1390 et
1276 1348 1393 1390 viros
1412 1352 1453 1390 et
1474 1349 1648 1404 egregia

143 1431 376 1469 castrorum
395 1425 664 1478 munimenta,
693 1425 944 1466 frumentum
969 1428 1011 1466 et
1030 1427 1287 1466 commeatus
1306 1423 1495 1477 quamvis
1517 1423 1647 1478 longo
1664 1444 1703 1473 1⁵

142 1501 255 1544 bello
274 1513 412 1556 pares.
456 1500 637 1543 Pecunia
654 1513 787 1554 nuper
811 1500 935 1542 etiam
966 1499 1164 1541 donativo
1194 1498 1382 1550 suffecit3
1414 1499 1525 1552 quod
1556 1499 1647 1540 sive

143 1590 167 1619 a
197 1577 459 1631 Vespasiano
488 1577 580 1617 sive
612 1589 635 1617 a
666 1575 832 1617 Vitellio
865 1575 1006 1617 datum
1035 1574 1303 1628 interpretari
1334 1573 1552 1625 mavultis,
1594 1574 1646 1614 ab

138 1652 389 1705 imperatore
420 1654 535 1692 certe
566 1651 755 1692 Romano
788 1650 1026 1703 accepistis.
1088 1649 1166 1690 Tot
1196 1648 1401 1690 bellorum
1441 1648 1645 1699 victores,

139 1726 247 1780 apud
278 1725 507 1767 Geldubam
525 1756 538 1777 ,
568 1725 676 1779 apud
708 1726 878 1776 Vetera,
909 1724 1002 1766 fuso
1034 1724 1187 1765 totiens
1215 1724 1366 1776 hoste,
1408 1723 1445 1764 si
1483 1722 1646 1777 pavetis

139 1800 300 1853 aciem,
332 1798 549 1854 indignum
579 1798 622 1840 id
653 1798 843 1853 quidem:
878 1798 955 1840 sed
987 1802 1052 1839 est
1082 1797 1234 1839 vallum
1265 1797 1455 1851 murique
1486 1802 1528 1840 et
1556 1802 1702 1867 lli-²⁰

271 1950 308 1985 2.
342 1947 445 1982 malis
482 1948 631 1982 hostium
671 1947 841 1982 codices:
874 1946 1023 1981 hostium
1050 1957 1095 1981 ex
1127 1956 1254 1981 versus
1282 1946 1304 1980 5
1329 1946 1519 1990 irrepsisse
1547 1950 1648 1980 recte

137 1996 321 2032 intellexit
346 1996 545 2031 Acidalius.
645 1996 749 2030 malis
772 1996 935 2030 haustam
961 1996 1056 2029 coni.
1082 1995 1302 2029 Waltherus.
1390 1995 1423 2029 7.
1451 2005 1515 2028 nos
1542 1994 1648 2028 GMa:

136 2057 197 2080 vos
221 2045 253 2079 A
278 2050 314 2080 et
341 2045 436 2079 Harl.
524 2045 560 2080 8.
590 2056 684 2090 pres.
713 2043 777 2079 Ma.
879 2046 935 2079 11.
967 2044 1092 2090 flium.
1123 2042 1190 2078 Μ’.
1293 2045 1349 2079 13.
1376 2048 1517 2077 ueteres
1543 2042 1649 2077 Gilia:

137 2100 262 2128 uetera
282 2093 512 2128 Puteolanus.
579 2093 636 2128 16.
661 2094 790 2139 sufficit
816 2092 926 2127 Gala:
958 2093 1115 2127 correxit
1142 2091 1296 2137 Lipsius.
1364 2092 1419 2126 17.
1445 2092 1567 2137 intes-13
1578 2093 1651 2126 tari

137 2141 205 2179 Ha.
283 2143 445 2178 mavoltis
475 2141 540 2178 Ma.

137 2282 253 2318 salam
287 2292 454 2326 magnum
492 2281 648 2314 animum
681 2280 863 2321 induciam

137 2330 202 2366 xli
231 2330 297 2364 13:
340 2329 453 2363 Izates
480 2330 682 2363 societatem
710 2328 858 2362 Meher-

140 2379 232 2414 datis
253 2376 375 2423 palam
398 2377 587 2420 induerat,-
618 2377 687 2412 40:
728 2376 859 2410 adeer-

138 2439 198 2463 sns
219 2437 286 2460 nos
310 2425 453 2460 hostilia
478 2425 643 2459 induerat
657 2438 670 2468 ‚-
699 2425 763 2459 XV
789 2425 858 2459 45:

139 2477 297 2511 ananum
320 2474 418 2508 bonis
453 2474 587 2508 arcibus
624 2484 695 2507 non
730 2473 859 2507 indue-

139 2531 222 2569 rat3
246 2522 329 2557 xv}
351 2522 420 2558 28:
444 2523 516 2556 nisi
530 2543 572 2550 --
592 2522 723 2556 hostem
743 2521 857 2555 Thra-

139 2585 203 2610 sea
226 2571 409 2606 induisset.
448 2570 489 2604 R.
516 2571 566 2604 1v
592 2571 666 2605 38:
694 2582 783 2615 quae
814 2591 853 2596 —

139 2623 251 2669 salsos
273 2630 424 2666 pavores
452 2619 628 2653 induerat.
658 2618 699 2653 Ο.
713 2619 756 2653 7:
780 2619 856 2652 cir-

141 2668 323 2715 amfuuds'
347 2678 528 2709 coronam,
555 2673 587 2700 et
604 2669 769 2712 accipere
793 2669 855 2711 uf-

141 2721 271 2764 feclum
296 2726 539 2760 quemcumque
573 2721 696 2748 orator
728 2715 857 2748 indue-

142 2768 191 2800 rit
218 2768 283 2811 (=
310 2764 588 2808 assumpserit);
629 2762 698 2798 26:
733 2768 858 2796 orato-

143 2827 219 2849 rem
239 2815 295 2848 vel
320 2811 417 2845 hirta
437 2817 519 2856 loqu
537 2810 696 2844 induere.
723 2811 855 2852 Habes,

144 2863 272 2905 lector,
300 2870 402 2893 usum
431 2859 543 2893 Taciti
571 2863 794 2893 constantem
824 2864 858 2892 et

146 2911 304 2954 firmum3
330 2909 575 2954 quiquoniam
594 2917 673 2941 cum
691 2907 760 2940 hoc
776 2907 857 2940 loco

147 2958 334 2994 conciliari
350 2967 497 3002 prorsus
516 2956 653 3000 nequit,
673 2965 858 3000 reponen-

147 3008 228 3042 dum
266 3009 342 3043 erat
384 3005 533 3040 verbum
568 3003 612 3036 ad
655 3008 857 3048 corruptum

927 2279 1090 2323 proxime
1115 2277 1305 2320 accedens,
1338 2287 1401 2321 pro
1420 2277 1557 2311 duabus
1585 2279 1650 2313 lit..

927 2332 1027 2361 terae
1055 2339 1079 2360 u
1106 2325 1252 2359 lineolis
1278 2326 1482 2359 substitutis
1510 2326 1648 2360 duabus

928 2376 997 2421 (id)
1023 2373 1212 2408 similibus.
1243 2373 1354 2408 Verbi
1379 2374 1503 2408 indere
1528 2385 1572 2408 ea
1594 2379 1649 2409 est

929 2428 1055 2457 natura
1090 2427 1129 2455 ut
1170 2422 1312 2456 dativus
1355 2433 1532 2467 personae
1558 2433 1647 2467 sup-

930 2472 1082 2516 pleatur.
1124 2470 1229 2505 Couf.
1256 2471 1298 2504 H.
1326 2469 1342 2504 1
1367 2472 1439 2506 51:
1464 2471 1532 2505 hoc
1556 2473 1648 2505 enim

929 2531 1055 2554 nomen
1079 2519 1237 2564 fastidito
1270 2519 1415 2554 Vindice
1441 2520 1646 2554 indiderant

927 2569 1127 2614 (exercitus
1163 2567 1366 2602 Germanici
1405 2568 1563 2615 Gallis);
1603 2569 1645 2603 H.

926 2617 973 2651 lv
999 2618 1067 2653 252
1103 2628 1171 2650 nec
1194 2622 1366 2650 terrorem
1393 2617 1496 2650 unius
1520 2617 1642 2650 militis

925 2665 1069 2700 vincula
1103 2665 1309 2699 indiderant
1349 2665 1499 2708 (ceteris
1541 2664 1640 2697 mili-

927 2714 1053 2759 tibus).

1002 2785 1086 2828 Cap.
1115 2784 1172 2818 58.
1230 2782 1372 2816 excindi
1407 2802 1451 2807 —
1482 2782 1639 2826 pertule-

927 2838 1034 2867 runt.-
1061 2832 1114 2865 sic
1132 2831 1319 2876 Saguntini
1348 2829 1536 2874 (Liv.xx1
1566 2831 1641 2876 14).

998 2904 1105 2936 etiam
1130 2902 1316 2937 donaeivo:
1342 2909 1413 2934 non
1442 2900 1546 2933 modo
1574 2901 1644 2934 sti-

928 2951 1069 2997 pendiis
1102 2950 1219 2984 solitis
1251 2949 1414 2991 suffecit,
1451 2948 1516 2982 sed
1553 2948 1645 2983 adeo

928 2999 1099 3034 donativo
1126 3008 1240 3043 nuper
1266 3001 1315 3044 (c.
1330 2997 1395 3045 36)
1424 2995 1571 3032 exoluto
1600 2997 1646 3031 ab
