1768 3216
165 226 236 260 324
727 222 1039 261 HlS'l'ORlARVM
1446 236 1478 260 a.
1510 235 1546 262 u.
1570 224 1658 262 823.

164 349 204 390 in
236 360 349 402 spem
381 344 590 400 potentiae
621 343 854 385 videbatur.
915 344 965 385 Et
1003 342 1186 398 Sulpicia
1230 343 1484 386 Praetextata
1517 343 1658 386 Crassi

160 434 267 464 uxor
296 424 566 474 quattuorque
594 417 730 470 liberi,
762 418 798 459 si
830 421 1111 472 cognosceret
1140 421 1333 469 senatus,
1366 416 1524 460 ultores
1550 417 1658 460 ade-

160 500 262 538 rant.
323 494 452 548 lgitur
485 492 662 535 Messala
694 504 778 534 non
811 505 977 535 causam
1011 504 1146 547 neque
1174 505 1291 534 reum
1322 491 1443 545 tueri,
1475 491 1551 535 sed
1578 503 1658 546 pe-

158 569 299 611 rieulis
354 568 492 610 fratris
535 572 667 610 semet
709 580 924 622 opponens
966 568 1139 610 flexerat
1184 566 1400 621 quosdam.
1463 565 1658 608 Occurrit

126 644 262 685 struci
294 643 485 684 oratione
516 643 679 684 Curtius
710 643 944 695 Montanus,
978 655 1029 684 eo
1055 654 1188 697 usque
1211 652 1463 697 progressus
1493 644 1538 682 ut
1562 643 1658 695 post

158 718 328 760 caedem
361 717 516 758 Galbae
540 717 676 758 datam
707 716 968 759 interfectori
998 717 1160 758 Pisonis
1190 716 1409 771 pecuniam
1440 729 1463 759 a
1493 713 1654 770 Regulo

155 793 460 847 adpetitumque
503 804 646 834 morsu
696 792 859 834 Pisonis
910 797 1031 846 caput
1081 792 1322 834 obiectaret.
1377 790 1485 833 ‘Hoc
1529 793 1658 833 certe·

154 868 287 922 inquit
311 867 437 910 ‘Nero
468 880 551 909 non
584 868 740 923 coegit,
774 880 853 909 nec
887 867 1129 922 dignitatem
1162 871 1231 909 aut
1255 866 1429 909 salutem
1460 865 1529 907 illa
1554 877 1655 908 sae-

153 944 253 985 vitia
291 943 519 985 redemisti.
581 943 690 986 Sane
741 943 966 985 toleremus
1009 943 1182 984 istorum
1235 941 1530 994 defensione&
1583 941 1653 995 qui

104 1018 331 1072 ioperdere
377 1018 480 1059 alios
523 1029 641 1071 quam
682 1017 910 1072 periclitari
954 1018 1031 1072 ipsi
1063 1017 1306 1059 maluerunt.
1369 1016 1427 1058 Te
1457 1028 1652 1059 securum

151 1093 377 1147 reliquerat
407 1093 500 1134 exul
530 1097 647 1146 pater
678 1096 718 1135 et
749 1093 881 1134 divisa
914 1093 1021 1134 inter
1051 1093 1284 1134 creditores
1309 1092 1435 1145 bona,
1467 1091 1651 1133 nondum

0 1217 27 1229 Π
66 1183 96 1214 ,·
151 1167 353 1209 honorum
387 1180 517 1221 capax
549 1171 687 1219 aetas,
731 1167 831 1208 nihil
873 1167 982 1221 quod
1015 1180 1068 1208 ex
1099 1171 1138 1208 te
1166 1167 1486 1221 concupisceret
1522 1166 1650 1218 Nem,

65 1227 66 1234 ἵ
149 1242 251 1283 nibil
286 1242 394 1296 quod
426 1242 602 1284 timeret.
663 1241 855 1284 Libidine
895 1242 1113 1297 sanguinis
1150 1246 1191 1283 et
1221 1242 1333 1283 hiatu
1373 1240 1651 1295 praemiorum

148 1317 333 1371 ignotum
374 1317 509 1358 adhuc
553 1317 765 1372 ingenium
814 1321 854 1358 et
899 1317 1022 1358 nullis
1071 1317 1386 1359 defensionibus
1436 1320 1651 1370 expertum

95 1401 133 1430 ¹5
148 1392 278 1434 caede
309 1392 439 1433 nobili
469 1392 664 1444 imbuisti,
697 1404 790 1433 cum
822 1405 874 1434 ex
906 1393 1051 1434 sunere
1081 1392 1144 1433 rei
1174 1391 1367 1446 publicae
1391 1391 1519 1446 raptis
1543 1403 1652 1433 con-

0 1493 15 1535 1¹
24 1466 352 1537 saesmsularibus
388 1466 547 1520 spoliis,
580 1466 848 1530 septuagiens
880 1467 1072 1508 sestertio
1105 1467 1319 1521 saginatus
1341 1470 1381 1508 et
1406 1465 1648 1508 sacerdotio

4 1537 33 1544 ’“
75 1528 105 1542 ”
148 1541 328 1596 fulgens,
364 1541 559 1583 innoxios
590 1554 758 1595 puerOS,
793 1542 988 1584 inlustres
1020 1554 1160 1594 senes,
1194 1542 1446 1596 conspicuas
1472 1541 1648 1584 feminas

148 1615 294 1657 eadem
324 1617 442 1658 ruina
472 1620 790 1670 prosterneres;
823 1629 914 1658 eum
946 1617 1168 1671 segnitiam
1203 1616 1384 1658 Neronis
1416 1617 1647 1670 incusares,

147 1690 256 1743 quod
281 1703 355 1744 per
383 1690 569 1745 singulas
603 1690 751 1732 domos
781 1703 911 1745 seque
940 1695 980 1732 et
1011 1691 1220 1733 delatores
1263 1692 1479 1747 fatigaret:
1516 1687 1649 1746 'posse

94 1764 386 1806 2ouniversum
417 1751 604 1806 senatum
635 1777 717 1807 una
751 1777 859 1807 voce
893 1766 1090 1808 subverti.
1137 1765 1343 1818 Retinete‚
1374 1769 1514 1820 patres
1539 1777 1649 1808 con-

145 1839 302 1894 scripti,
339 1844 379 1881 et
411 1844 629 1883 reservate
660 1839 868 1883 hominem
900 1845 982 1883 tam
1014 1841 1196 1895 expediti
1227 1841 1409 1895 consilii,
1441 1844 1486 1883 ut
1510 1841 1646 1884 omnis

293 2000 323 2032 1.
350 1998 524 2044 supplicia
551 1998 655 2033 GMss:
684 2001 837 2046 Sulpilia
863 1999 1093 2034 Puteolanus.
1175 2002 1209 2035 2.
1237 2012 1328 2034 uxor
1355 1999 1450 2044 GMfl,
1479 2001 1647 2035 omittunt

143 2045 217 2079 AR.
295 2046 414 2080 liberis
441 2047 514 2080 Ma:
543 2046 570 2080 G
597 2048 709 2081 liberi.
787 2050 819 2083 7.
849 2049 928 2094 adp.
957 2048 1034 2083 Illa:
1061 2060 1141 2094 app.
1171 2048 1209 2082 G.
1282 2049 1318 2083 8.
1347 2049 1555 2084 aveslalulem
1579 2049 1648 2085 illd

143 2094 269 2128 seuitici
299 2094 373 2127 Ma:
403 2096 559 2129 correxit
584 2095 736 2140 Lipsius.
793 2099 847 2131 1⁴2.
878 2097 990 2130 uic-hil
1015 2096 1080 2131 Ma.
1161 2098 1215 2131 15.
1241 2098 1323 2131 cede
1349 2096 1414 2132 Mn.
1486 2098 1557 2132 inb.
1578 2098 1644 2132 Mn.

147 2142 202 2176 16.
230 2144 487 2188 septuaqienses
515 2145 616 2177 lertio
650 2144 714 2187 Ma,
750 2147 979 2190 septuuqeties
1005 2146 1177 2179 sextercio
1205 2144 1243 2179 G.
1355 2147 1514 2191 siynalus
1541 2145 1643 2181 GMU:

605 2193 659 2227 18.
695 2194 845 2238 segnitia
876 2193 951 2227 Ma:
991 2193 1018 2227 G
1054 2193 1209 2239 seqnitici
1250 2194 1384 2239 (media
1412 2194 1550 2239 syllaba
1580 2205 1645 2240 per

1022 2243 1080 2278 20.
1106 2255 1141 2288 ῃ.
1170 2254 1200 2277 c.
1231 2242 1293 2277 Ma.

143 2192 298 2224 correxit
323 2191 491 2226 Faernus.

143 2243 291 2286 comp.).
397 2241 450 2276 19.
479 2252 597 2286 seques
623 2240 697 2284 Ma,
725 2254 760 2275 se
789 2254 851 2286 que
878 2242 916 2276 G.

925 2392 1006 2426 titus
1033 2397 1118 2426 tunc
1145 2403 1215 2426 non
1250 2393 1391 2426 occisus
1429 2391 1493 2426 sed
1530 2392 1641 2428 exilio

923 2441 1093 2474 multatus
1121 2441 1274 2475 videtur.

983 2490 1096 2534 raptis
1123 2489 1366 2523 consularibus
1380 2489 1521 2534 spoliis:
1549 2499 1640 2524 unus

924 2547 967 2569 ex
1007 2538 1202 2579 accusatis,
1257 2536 1446 2570 Cornelius
1486 2536 1639 2581 Orfitus,

923 2585 1124 2618 consularis
1171 2596 1282 2619 senex
1319 2585 1387 2618 fuit
1431 2583 1520 2630 (ΧΗ
1547 2585 1638 2632 41).

921 2632 997 2666 Non
1020 2633 1112 2666 bene
1139 2635 1394 2678 interpretatus
1421 2633 1637 2678 estLipsius‚

140 2397 247 2420 eausa
282 2400 325 2421 ω
357 2390 670 2425 senatusconsulto.
738 2392 854 2426 Aliter

139 2436 315 2480 originem
347 2439 447 2471 vocis
486 2443 521 2471 et
547 2440 684 2473 inutilis
713 2445 747 2473 et
773 2451 851 2473 mo-

138 2482 252 2516 lestae
267 2485 360 2518 iuste
375 2486 557 2529 explicare
573 2497 727 2532 nequeo,
756 2489 853 2522 Lon-

139 2541 185 2576 ge
217 2533 407 2575 repetitum
446 2539 523 2577 est,
564 2535 658 2579 quod
696 2535 851 2581 glossam

136 2579 237 2612 vocis
270 2586 390 2625 sponte
424 2581 536 2616 fuisse
571 2595 614 2616 ex
650 2595 686 2616 se
714 2590 748 2617 ct
785 2584 852 2618 hoc

135 2626 254 2661 abisse
281 2629 317 2661 in
344 2640 387 2662 ει·
413 2630 481 2664 SC.
510 2632 729 2665 coniectavit
759 2632 852 2666 Gru-

134 2679 245 2708 terus.
298 2676 353 2710 De
394 2677 516 2712 Curtio
557 2680 729 2713 Montano
771 2691 853 2714 mox

134 2724 320 2757 nominato
350 2735 385 2759 v.
413 2726 456 2759 ad
481 2727 561 2761 XV!
587 2728 645 2763 28.

208 2773 268 2815 qui
297 2773 448 2818 perdere
487 2776 577 2810 alios
612 2787 715 2821 quam
749 2778 852 2823 pari-

135 2817 257 2853 clitari
281 2822 349 2866 ipsi
365 2822 564 2858 maluerunt
578 2836 589 2858 .·
617 2826 765 2870 respicit
783 2826 850 2860 dc-

134 2865 339 2922 fensionem
366 2869 466 2915 Epi-ii
493 2873 653 2907 Marcelli
682 2885 711 2907 c.
731 2874 755 2908 8
782 2885 849 2908 ex-

132 2919 299 2956 positam.

208 2964 316 2998 caede
334 2965 465 3001 nobili.-
492 2968 602 3004 caede
622 2970 753 3006 Crassi.
780 2970 849 3005 Or-

925 2680 1006 2714 dum
1036 2682 1223 2716 consulatu
1261 2687 1422 2716 ornatum
1457 2692 1538 2716 esse
1563 2682 1639 2717 Re-

925 2729 1049 2774 gulum
1078 2735 1258 2777 autumat.

993 2779 1165 2816 retinete.-
1201 2779 1276 2814 Cic.
1315 2779 1351 2812 in
1381 2779 1528 2813 Verrem
1555 2778 1579 2813 1.
1609 2778 1637 2814 11

922 2836 951 2860 c.
977 2827 1045 2861 31:
1083 2828 1230 2862 retinete
1247 2854 1256 2871 ‚
1292 2829 1439 2861 retinete
1465 2827 1639 2861 nerninem

918 2874 956 2907 in
984 2876 1136 2918 civitate,
1151 2876 1306 2910 iudices.-
1335 2876 1474 2922 parcite
1496 2881 1528 2910 et
1550 2887 1638 2910 con-

919 2930 1084 2967 servate,
1119 2930 1156 2959 ul
1187 2926 1231 2958 sit
1267 2924 1325 2968 qui
1364 2924 1542 2958 vobiscum
1580 2936 1638 2958 res

919 2971 1061 3017 iudicet,
1090 2978 1159 3008 cet.
1209 2971 1247 3008 In
1274 2972 1418 3018 scriptis
1447 2973 1635 3007 recentio-
