1768 3216
188 208 261 245 ³12
798 205 1063 243 AGRICOLAE

182 330 323 369 suetus
365 324 697 379 expeditionibus
736 324 855 367 miles
897 325 983 367 otio
1021 324 1248 367 lasciviret.
1309 323 1678 380 Trebelliussuga

182 413 231 443 ac
260 399 429 441 latebris
447 400 572 442 vitata
601 400 810 442 exercitus
843 399 921 452 ira,
955 400 1181 442 indecorus
1198 404 1322 454 atque
1343 399 1507 442 humilis
1527 411 1679 454 preeu—

87 457 169 475 ’
179 474 243 514 rio
276 485 375 514 mox
403 474 604 527 praesuit3
645 486 694 515 ac
736 474 848 516 velut
884 474 1022 528 pacti,
1069 474 1277 517 exercitus
1318 474 1553 527 licentiam,
1595 473 1680 516 dux

178 547 378 600 salutem,
414 552 454 590 et
484 548 636 590 seditio
668 549 760 591 sine
791 550 997 604 sanguine
1028 550 1152 591 stetit.
1195 550 1282 592 Nec
1302 549 1461 592 Vettius
1481 548 1677 602 Bolanus,

149 622 437 668 sirianentibus
469 623 604 665 adhuc
638 623 829 665 civilibus
863 623 1009 677 bellis,
1051 624 1223 679 agitavit
1252 623 1506 666 Britanniam
1547 623 1679 666 disci-

175 696 302 751 plina.
361 697 517 739 Eadem
550 698 699 740 inertia
731 710 833 753 erga
864 698 1032 751 hosteS‚
1078 699 1224 740 similis
1255 698 1480 753 petulantia
1510 702 1678 741 castro-

175 782 288 824 rum,
332 771 413 813 nisi
446 772 555 826 quod
601 773 805 815 innocens
847 773 1028 815 Bolanus
1069 777 1110 815 et
1145 772 1267 815 nullis
1309 772 1486 815 delictis
1517 772 1676 815 invisus

178 846 391 888 caritatem
432 852 654 901 paraverat
690 848 786 890 loco
831 848 1102 890 auctoritatis.
1164 847 1246 890 Sed
1288 848 1359 889 ubi
1399 859 1490 890 cum
1531 851 1674 890 cetero
1689 858 1748 898 17

180 922 283 964 orbe
313 922 594 977 Vespasianus
627 927 667 964 et
709 923 963 965 Britanniam
1008 923 1293 977 recuperavit,
1343 923 1484 978 magni
1529 923 1674 976 duces,

124 1008 163 1039 io
178 997 342 1052 egregii
374 999 605 1051 exercitus,
655 999 810 1041 minuta
842 999 1019 1040 hostium
1053 1010 1163 1052 spes.
1223 999 1274 1040 Et
1303 1002 1508 1040 terrorem
1539 998 1676 1040 statim

177 1071 311 1113 intulit
338 1072 505 1115 Petilius
538 1073 712 1115 Cerialis
745 1074 985 1128 Brigantum
1017 1074 1240 1127 civitatem,
1275 1085 1381 1128 quae
1413 1073 1677 1116 numerosis-

177 1146 282 1189 sima
313 1148 557 1201 provinciae
589 1149 713 1190 totius
744 1148 1008 1202 perhibetur,
1043 1149 1283 1204 adgressus.
1342 1148 1468 1191 Multa
1497 1147 1673 1203 proelia,

310 1272 343 1307 2.
371 1271 549 1307 indecoris
575 1274 656 1309 TA:
686 1274 842 1308 correxit
867 1273 1095 1309 Puteolanus.
1277 1274 1311 1309 3.
1335 1274 1509 1321 praefuit]
1535 1275 1602 1319 fuit
1627 1276 1673 1312 Δ.

172 1317 229 1353 At’
255 1320 355 1364 facta
381 1323 553 1355 exercitus
584 1321 729 1356 licentia
761 1323 858 1357 ducis
893 1323 1005 1357 salute
1035 1325 1071 1357 in
1103 1323 1263 1369 margine
1291 1325 1330 1358 Γ.
1430 1326 1465 1358 4.
1492 1322 1604 1358 salute
1630 1325 1672 1358 Δ.

171 1373 203 1401 et
228 1369 350 1403 seditio
380 1372 463 1406 TA:
506 1370 595 1405 liaeo
620 1372 741 1406 seditio
770 1371 997 1406 Puteolanus.
1140 1372 1273 1407 Vectius
1310 1371 1462 1406 Volanus
1489 1374 1521 1407 Γ
1541 1377 1577 1407 et
1601 1371 1674 1406 Pu..

170 1416 347 1451 teolanus.
449 1419 482 1453 5.
512 1419 701 1466 disciplina
728 1426 759 1454 et
785 1421 906 1454 eadem
931 1424 974 1457 Δ.
1085 1422 1139 1455 11.
1170 1419 1353 1454 Caerealis
1381 1422 1417 1463 Γ,
1445 1420 1604 1455 Cerealis
1630 1422 1672 1464 A,

170 1469 206 1499 et
232 1466 284 1500 sic
311 1471 461 1512 uterque
490 1468 597 1512 paulo
626 1474 716 1512 post.
793 1470 1007 1515 Breyantum
1033 1474 1069 1503 et
1095 1479 1176 1502 mox
1190 1470 1418 1515 Breqantium
1444 1471 1483 1513 Γ,
1512 1471 1548 1506 Δ
1570 1474 1673 1503 utro-

169 1513 279 1560 bique
305 1515 530 1561 Breqantum.
611 1519 666 1553 12.
690 1517 891 1564 perhiberet
922 1521 966 1561 Δ,
995 1528 1066 1551 non
1094 1520 1131 1553 Γ.

956 1640 1118 1686 vigorem
1138 1644 1172 1674 et
1191 1638 1435 1674 fortitudinem
1447 1638 1574 1674 Bolani
1593 1650 1672 1674 cum

170 1635 251 1671 kius
278 1642 314 1672 et
328 1636 500 1686 Orellius)
522 1634 788 1675 distinctionem
805 1645 887 1675 ante

958 1688 1163 1723 Corbulone
1188 1688 1359 1723 adversus
1376 1687 1524 1722 Parthos
1552 1693 1587 1723 et
1601 1689 1672 1723 Ar.

174 1692 206 1720 et
231 1686 455 1723 deleverunt.
527 1688 693 1723 Trebellio
706 1690 863 1724 Maximo
875 1702 886 1724 .-

170 1745 205 1770 v.
232 1734 272 1768 H.
301 1735 315 1769 1
342 1736 400 1778 60,
430 1736 460 1770 ll
489 1737 535 1772 65
572 1742 606 1772 ct
633 1739 816 1772 annotatio
844 1739 887 1772 ad

169 1784 324 1828 priorem
351 1784 481 1820 locum.

956 1740 1092 1772 menios
1134 1739 1324 1783 pugnantis
1358 1748 1392 1771 v.
1421 1737 1591 1780 31-47‚
1627 1737 1671 1772 de

954 1787 1161 1820 Britannica
1187 1791 1304 1820 autem
1332 1785 1515 1831 legatione
1540 1785 1672 1820 Asiae-

955 1847 1024 1881 que
1040 1834 1294 1879 proconsulatu
1309 1833 1397 1868 hacc
1410 1835 1544 1878 profert
1557 1844 1591 1869 v.
1603 1835 1670 1869 53:

1049 1884 1130 1917 aliis
1159 1883 1263 1917 Decii
1288 1883 1498 1927 reducesque
1526 1882 1672 1916 Camilli

1002 1932 1267 1974 Monstrentur3
1309 1937 1345 1965 tu
1382 1931 1475 1965 disce
1509 1936 1669 1977 patrem,

1224 1986 1437 2024 quantusque
1472 1980 1671 2025 uiprantem

1003 2028 1179 2062 Fluctibus
1214 2028 1367 2062 occiduis
1402 2030 1560 2073 fessoque
1594 2028 1668 2073 Hy-

1221 2077 1366 2121 perione
1396 2075 1525 2110 Thulen

1003 2124 1155 2159 Intrarit
1177 2125 1348 2158 mandata
1372 2136 1522 2169 yet-ens,
1552 2136 1667 2170 quan-

1224 2179 1342 2218 tusque
1364 2174 1516 2219 potentis

1001 2221 1099 2256 Mitte
1125 2222 1227 2256 urbes
1252 2221 1360 2255 Asiae
1388 2222 1508 2256 sortito
1534 2222 1667 2256 rexerit

1222 2281 1339 2313 anno,

1002 2318 1191 2364 Imperium
1216 2319 1386 2353 mulcente
1414 2324 1506 2364 logya.

950 2366 1051 2401 Adde
1066 2367 1225 2402 eiusdem
1240 2368 1405 2402 carminis
1417 2378 1451 2402 v.
1467 2365 1664 2403 143-149.

245 1867 289 1890 ac
312 1856 403 1890 velut
426 1858 547 1902 pacti,
582 1877 617 1883 —-
647 1859 766 1892 stetit:
809 1862 886 1891 tur-

169 1902 232 1937 bas
259 1904 356 1938 dedit
378 1904 594 1940 l'uteolanus
623 1906 724 1940 illato
751 1917 886 1951 prono-

169 1952 265 1986 mine
291 1953 380 1987 haec
406 1958 488 1987 ante
528 1965 561 1988 v.
597 1955 720 1989 seditio
750 1965 814 1999 pro
843 1961 885 1998 et,

171 2009 241 2043 quo
268 1999 421 2034 admisso
461 2013 505 2035 ac
538 2002 629 2036 velut
654 2009 751 2049 pacti-
786 2005 883 2037 acci-

169 2047 337 2090 piendum
363 2061 407 2083 ac
432 2049 523 2083 velut
543 2052 640 2095 pacti
666 2057 789 2093 essent,
817 2052 884 2085 ob-

168 2096 306 2130 nitente
336 2108 402 2131 usu
428 2097 642 2132 Corneliano
671 2104 706 2133 et
731 2099 883 2133 Latino:

168 2154 249 2178 nam
275 2153 385 2180 essent
410 2148 524 2180 omitti
552 2152 635 2181 tunc
651 2153 781 2192 potest,
805 2159 883 2181 cum

168 2194 330 2238 sequitur
369 2194 464 2229 aliud
493 2195 686 2230 membrum
713 2196 884 2230 orationis

169 2251 239 2285 quo
266 2241 415 2276 durities
443 2243 581 2288 ellipsis
607 2246 811 2290 mitigatur,
840 2245 883 2279 dc

168 2299 238 2334 quo
266 2290 397 2325 dictum
425 2293 468 2325 ad
494 2292 534 2327 O.
571 2294 600 2326 1.
664 2294 764 2327 Nunc
786 2295 885 2339 pacti

168 2343 222 2371 est
246 2339 462 2374 indicativus
489 2342 600 2386 (pacti
626 2344 741 2387 sunt)⁷
770 2343 883 2386 parti-
912 2338 915 2339 ⁷

167 2386 248 2420 cula
273 2393 305 2422 et
332 2389 366 2421 in
395 2390 572 2433 principio
598 2392 800 2424 sententiae
815 2401 883 2434 po-

166 2435 234 2468 sita
260 2445 330 2469 non
358 2437 471 2470 solum
501 2439 672 2483 iungendi
691 2438 754 2472 sed
776 2440 882 2473 ctiam

168 2482 369 2527 explicandi
399 2486 468 2519 vim
491 2488 538 2531 (ct
564 2489 630 2534 ita)
650 2486 769 2521 habet.
798 2487 883 2522 'sol-

166 2530 272 2566 lenda
298 2538 379 2566 sunt
406 2544 496 2578 quae
518 2535 553 2567 in
582 2534 651 2568 tine
677 2538 882 2570 annotatio-

166 2580 221 2614 nis
246 2580 290 2614 ad
319 2580 365 2615 VI
391 2582 437 2616 35
467 2581 509 2616 de
539 2582 592 2627 liis
624 2583 743 2617 verbis
771 2584 855 2618 dixi.

246 2650 374 2686 Vettius
405 2652 582 2687 Bolanus:
617 2653 745 2686 missus
783 2659 835 2688 est
862 2666 882 2688 a

168 2696 341 2743 Vitellio;
371 2700 458 2734 v.}1.
487 2701 518 2735 11
545 2701 591 2736 65
621 2707 655 2735 et
670 2702 728 2736 97.
818 2715 881 2736 ea-

166 2747 240 2780 dem
263 2749 395 2782 inertia
434 2770 479 2775 —
520 2749 596 2784 loco
635 2751 881 2785 auctoritatis:

165 2794 269 2830 aliter
295 2802 401 2840 poeta
435 2797 477 2831 ad
510 2798 720 2832 laudandum
748 2809 879 2843 pronus

163 2844 306 2878 tradidit
332 2845 375 2879 de
399 2846 536 2880 Bolano
568 2848 603 2880 in
645 2849 800 2882 carmine
837 2847 880 2881 ad

164 2891 274 2926 filium
303 2892 502 2938 Crispinum
534 2897 758 2940 composito,
797 2896 879 2930 Sta-

165 2940 234 2974 tius
266 2942 302 2975 in
328 2942 437 2977 Silvis
467 2944 495 2979 V
522 2945 556 2981 2.
620 2944 687 2980 llle
721 2944 880 2980 celebrat

1024 2414 1109 2459 Cap.
1142 2416 1196 2450 17.
1242 2415 1385 2450 Petilius
1413 2416 1584 2450 Ceriatis:
1621 2415 1666 2450 de

951 2463 1056 2498 rebus
1082 2463 1150 2497 viri
1177 2465 1329 2509 insignis
1359 2474 1393 2498 v.
1424 2464 1500 2499 Ind.
1531 2463 1616 2498 hist.

1020 2512 1227 2556 Briqantunt
1253 2513 1449 2546 civitatem.-
1479 2511 1573 2550 conf.
1604 2511 1665 2545 XII

950 2561 1008 2595 32.
1061 2559 1102 2593 H.
1129 2559 1178 2593 llI
1203 2559 1261 2595 45.
1326 2559 1551 2594 Ptolemaeus
1585 2559 1616 2593 11
1643 2561 1666 2594 3

951 2609 985 2649 §.
1019 2608 1080 2643 16:
1117 2602 1190 2644 ὑπὸ
1222 2610 1296 2656 μὲν
1328 2605 1414 2647 τοὺς
1448 2608 1667 2657 Σελγοοὺας

950 2659 1014 2691 καὶ
1065 2652 1153 2697 τοὺς
1190 2655 1423 2701 Ὠταὸηνούς
1477 2657 1668 2701 διήκοντες

951 2707 1013 2752 ἐφ’
1039 2704 1201 2750 ἑκάτερα
1238 2703 1283 2741 τὰ
1321 2702 1470 2750 πελάγη
1495 2709 1665 2753 Βρίγαν-

950 2765 1019 2792 τες.
1071 2754 1124 2787 Ad
1153 2754 1277 2788 horum
1305 2755 1393 2788 lines
1419 2757 1512 2789 inter
1537 2754 1664 2788 'irino--

913 2833 917 2837 .
949 2801 1075 2835 bantes
1102 2801 1410 2847 Camulodunum3
1455 2813 1488 2837 v.
1516 2801 1578 2837 x11
1604 2803 1663 2846 32,

949 2849 1026 2884 xtv
1054 2852 1112 2885 31.

1022 2904 1054 2932 et
1080 2898 1232 2934 Cerialis
1271 2899 1407 2945 quidem
1445 2921 1491 2928 —
1525 2899 1663 2934 obruis-

948 2951 1010 2992 set,
1035 2965 1052 2983 *
1077 2964 1093 2985 ,ε
1117 2966 1134 2985 ,ε
1162 2949 1388 2995 sustinuitque
1410 2948 1534 2985 molem
1551 2947 1662 2984 Julius
