1768 3216
407 13 533 25 pau—‘⁷‘

718 211 1060 258 ANNOTATIONIS.

145 334 252 369 inerti
285 323 428 380 auimo,
462 345 534 370 non
567 339 741 373 marcenti
775 339 807 374 H
841 339 861 372 2

192 394 250 430 94.

148 456 361 500 inexpertus
402 466 480 490 cum
512 457 674 502 genitivo
708 462 743 491 et
769 457 871 492 abla-

148 519 149 522 ’
187 515 268 550 ‘tivo
297 515 340 552 16
369 517 403 551 5.
438 515 646 561 inexpertus
684 516 772 552 belli
810 517 866 552 la·-

184 571 260 609 ⁴bor
288 576 312 608 ll
341 575 362 610 2
388 575 423 610 4.

146 633 184 668 in
211 633 307 669 fama
332 635 362 670 H
391 635 414 669 3
442 636 496 670 13.

142 693 279 729 infame
305 705 348 729 ac
372 695 582 740 probrosum
608 695 637 730 G
668 697 722 731 14.
771 697 868 732 infa-

190 761 268 789 mes
295 764 447 799 corpore
474 754 502 789 G
530 756 585 789 12.

145 813 293 848 infamia
319 820 355 849 et
379 815 550 849 infamiae
574 815 598 849 4
623 815 680 850 33.

144 873 280 908 inferre
318 883 424 920 opem
456 874 581 909 Latine
622 885 693 909 non
734 875 864 910 dicitur

191 934 224 968 A
250 934 311 969 26.

150 992 351 1028 infinitivus
395 995 616 1028 coniunctivi
665 993 746 1028 loco
790 999 870 1039 post

192 1053 305 1088 verba
330 1052 455 1087 orandi
480 1057 516 1087 et
534 1053 702 1087 monendi
732 1054 776 1088 13
807 1054 863 1088 13.

195 1112 260 1147 inf.
302 1111 495 1147 historicus
538 1117 618 1157 post
657 1112 868 1157 particulam

193 1172 379 1206 relativam
421 1174 442 1206 2
466 1173 526 1207 31.
570 1177 760 1216 usurpatur
801 1182 864 1216 pro

152 1247 156 1250 ·
193 1232 420 1278 imperfecto,
462 1242 534 1266 non
576 1242 639 1277 pro
676 1237 866 1277 praesente

193 1292 223 1327 G
247 1293 282 1327 7.
308 1303 383 1327 rem
410 1303 454 1326 ex
481 1291 552 1326 alia
579 1303 618 1326 re
637 1302 865 1338 consequen-

194 1357 265 1387 tem
302 1352 474 1387 describit
506 1352 532 1386 H
574 1355 599 1387 4
640 1354 694 1387 12.
736 1352 801 1386 inf.
832 1357 867 1386 et

197 1412 449 1446 coniunctivus
475 1413 511 1445 in
542 1413 730 1446 sententiis
756 1412 870 1445 inter-

192 1472 355 1518 rogantis
380 1471 543 1505 oratione
580 1467 756 1505 indirecta
787 1470 866 1505 ela-

197 1533 243 1566 tis
272 1532 300 1566 H
327 1531 352 1565 4
378 1529 403 1566 4
427 1536 463 1565 et
489 1532 545 1566 76.

146 1591 278 1626 infitias
316 1592 369 1626 ire
420 1590 630 1636 particulam
671 1595 864 1637 negantem

194 1661 266 1686 nou
289 1652 441 1697 requirit
472 1654 513 1687 15
539 1652 572 1687 2.

146 1713 330 1758 ingemere
357 1712 453 1757 agris
483 1711 511 1745 G
536 1711 594 1745 46.

148 1773 331 1819 ingenium
363 1771 405 1806 ¹6
433 1771 490 1806 20.
520 1772 549 1804 H
576 1770 599 1804 3
625 1770 684 1806 27.
720 1770 867 1816 ingenia

196 1834 220 1867 i.
249 1843 281 1866 e.
306 1831 469 1865 homines
498 1830 678 1877 ingeniosi
705 1830 731 1863 H
760 1831 782 1864 5
811 1831 865 1864 13.

148 1894 278 1938 ingens
302 1891 430 1936 opibus
458 1893 484 1925 H
515 1893 538 1926 2
565 1891 625 1926 81.
655 1901 771 1925 rerum
795 1891 821 1924 H
847 1889 871 1922 4

195 1951 254 1987 66.

146 2011 287 2045 inhiare
312 2011 355 2045 12
377 2010 435 2046 59.

146 2071 325 2106 inhonora
356 2071 460 2115 signa
485 2071 513 2104 H
542 2070 566 2105 4
590 2069 647 2104 62.

147 2131 361 2165 inhumanus
385 2131 410 2164 i.
438 2141 468 2164 e.
489 2130 628 2164 alienus
655 2128 698 2163 ab
714 2129 868 2163 humano

194 2200 302 2226 sensu
330 2191 359 2225 ll
387 2193 409 2227 2
434 2191 493 2226 70.

146 2251 355 2296 iniquitates
381 2250 405 2283 i.
421 2261 454 2284 e.
473 2260 565 2294 quae
591 2250 714 2294 inique
741 2251 867 2292 postu-

195 2310 312 2345 lantur
338 2308 366 2343 Η
392 2310 415 2344 2
441 2309 498 2344 84.

148 2371 290 2406 initium
328 2380 392 2415 pro
432 2378 538 2403 causa
576 2366 635 2402 vel
678 2366 869 2400 occasione

199 2434 245 2467 14
272 2431 326 2465 17.

149 2490 352 2526 inlaborare
380 2488 541 2523 domibus
568 2487 596 2522 G
621 2487 679 2521 46.

150 2551 300 2586 inlicere
328 2549 371 2584 ad
395 2547 636 2594 imprudentes
662 2545 815 2580 refertur
835 2545 863 2578 H

202 2613 218 2645 1
247 2611 306 2646 53.

152 2671 321 2706 inlustres
349 2670 487 2714 equites
514 2670 535 2703 2
557 2667 614 2702 59.

152 2732 189 2765 in
217 2730 370 2765 medium
397 2726 585 2762 consulere
613 2726 638 2759 H
667 2724 690 2758 2
717 2725 751 2759 5.

155 2790 472 2836 inpraesentiarum
510 2789 674 2829 corrupta
701 2783 874 2828 scriptura

202 2851 226 2884 4
256 2850 313 2885 59.

154 2910 191 2945 in
217 2910 404 2955 procinctu
431 2909 462 2943 fl
490 2907 513 2941 3
538 2906 573 2942 2.

1558 219 1631 260 888

912 339 1096 384 inquisitio
1147 349 1263 374 annua
1305 339 1342 373 in
1374 333 1628 386 'quaestorium

961 398 1124 433 Suillium
1151 399 1195 434 ab
1221 396 1487 434 accusatoribus
1512 397 1631 445 impe-

968 463 1058 493 trata
1087 458 1131 493 13
1158 459 1217 494 43.

916 519 1119 563 inrumpere
1143 517 1187 553 ad
1211 520 1381 555 Moesiam
1406 520 1436 555 Η
1466 523 1483 556 1
1511 521 1569 556 79.

914 579 1055 628 insequi
1081 583 1118 612 et
1142 580 1244 625 sequi
1269 580 1298 614 0
1327 580 1381 615 10.

917 639 1093 673 inservire
1119 638 1148 674 Ο
1177 639 1232 674 10.

918 698 1073 733 insidere
1106 709 1170 743 pro
1203 699 1362 733 insedere
1396 700 1411 732 1
1443 699 1501 734 30.
1537 699 1630 734 insi-

966 757 1050 793 de‘re
1078 758 1239 793 Rhenum
1269 759 1295 792 H
1325 759 1349 792 4
1372 759 1431 794 43.

916 819 1067 864 insignis
1093 823 1128 852 et
1154 819 1343 864 insignitus
1368 819 1392 853 4
1417 819 1474 853 51.

912 878 1064 923 insignis
1092 878 1262 912 nobilitas
1297 882 1356 912 aut
1398 887 1527 924 magna
1565 887 1631 922 pa-

960 941 1051 970 trum
1076 938 1202 972 merita
1226 937 1396 982 principis
1419 937 1631 983 dignitatem

968 999 1074 1030 etiam
1105 991 1383 1031 adolescentulis
1415 997 1631 1043 adsignant:

966 1057 1096 1089 ceteris
1120 1055 1378 1089 robustioribus
1398 1067 1440 1090 ac
1464 1057 1532 1089 iam
1555 1058 1632 1100 pri-

965 1114 1043 1148 dem
1071 1114 1228 1159 probatis
1257 1114 1508 1160 adgregant-ur.
1559 1114 1634 1149 Nec

965 1173 1073 1207 rubor
1096 1175 1190 1208 inter
1215 1175 1363 1208 comites
1390 1175 1501 1219 aspici
1527 1173 1555 1208 G
1578 1175 1633 1208 13.

916 1233 1057 1266 lnsochi
1084 1233 1174 1267 falsa
1199 1235 1357 1267 nituntur
1371 1235 1543 1278 scriptura
1570 1244 1632 1278 pro

964 1293 1118 1326 Moschis
1146 1293 1190 1327 13
1214 1294 1272 1328 37.

915 1353 951 1386 in
975 1351 1117 1386 sordida
1137 1353 1303 1387 mercede
1317 1354 1501 1398 negotium
1520 1362 1632 1398 quae-

966 1421 1047 1446 rere
1073 1410 1097 1446 4
1120 1412 1178 1446 62.

915 1472 1104 1505 instinctus
1144 1473 1171 1504 Η
1199 1472 1221 1505 2
1246 1471 1306 1506 46.
1347 1472 1428 1505 inst.
1455 1475 1490 1504 et
1516 1470 1632 1514 impe-

963 1535 1018 1564 tus
1048 1532 1076 1564 H
1110 1531 1124 1564 1
1152 1531 1210 1566 57.

914 1590 1054 1624 insulae
1081 1589 1104 1624 6
1128 1589 1187 1624 45.

913 1652 948 1684 in
983 1659 1151 1683 summam
1189 1650 1285 1693 pacis
1333 1648 1422 1683 nihil
1458 1649 1630 1694 proficere

966 1710 1009 1744 13
1035 1710 1093 1744 38.

915 1769 1100 1803 intendere
1126 1773 1160 1802 et
1188 1767 1380 1802 incendere
1410 1768 1453 1802 14
1477 1767 1535 1802 45.

917 1829 1073 1863 intentus
1113 1837 1190 1862 cum
1230 1827 1351 1862 dativo
1394 1832 1429 1861 et
1476 1824 1631 1861 ablativo

967 1889 991 1923 4
1015 1890 1074 1935 48.

915 1948 1114 1982 Interamna
1144 1951 1181 1981 et
1213 1946 1463 1982 Interamnium
1489 1945 1631 1980 diversa

962 2013 1043 2041 sunt
1069 2007 1199 2052 oppida
1226 2008 1253 2040 Η
1281 2008 1302 2040 2
1329 2006 1388 2041 64.

919 2068 1109 2111 intercepti
1136 2071 1172 2100 et
1197 2065 1383 2109 intersepti
1409 2065 1440 2098 Α
1467 2065 1499 2098 5.

919 2128 1134 2171 intercipere
1169 2127 1193 2159 i.
1220 2137 1251 2159 e.
1281 2129 1363 2159 ante
1389 2124 1543 2158 hostium
1570 2123 1634 2157 ad-

965 2191 1111 2221 ventum
1137 2195 1315 2229 occupare
1348 2186 1388 2219 15
1414 2185 1447 2218 3.

919 2246 1077 2279 intercisi
1103 2245 1180 2278 dies
1210 2244 1251 2277 13
1274 2242 1334 2278 41.

919 2305 1127 2339 interiectus
1152 2303 1331 2337 exercitus
1356 2301 1514 2336 Raetiam
1540 2302 1633 2335 intra

967 2364 1148 2409 lunasque
1175 2363 1286 2407 Alpes
1313 2361 1453 2396 emend.
1492 2360 1519 2395 ll
1549 2361 1571 2395 3
1595 2360 1631 2394 8.

916 2425 1065 2458 interior
1092 2421 1250 2467 potentia
1283 2423 1309 2455 H
1335 2423 1350 2454 1
1379 2421 1413 2455 2.

915 2481 1128 2518 intestabilis
1165 2482 1256 2516 idem
1284 2481 1361 2516 fere
1401 2479 1496 2525 quod
1528 2479 1631 2512 dete-

964 2541 1101 2576 stabilis
1128 2541 1150 2576 6
1176 2539 1234 2575 51.

919 2600 1168 2636 intolerantior
1194 2601 1228 2635 vi
1256 2599 1397 2644 passiva
1422 2598 1444 2631 3
1470 2596 1529 2630 45.

918 2664 1012 2696 intra
1035 2671 1158 2695 manus
1187 2659 1318 2693 habere
1346 2657 1373 2692 0
1403 2657 1437 2691 2.

922 2723 956 2755 in
983 2722 1097 2754 vicem
1126 2719 1153 2753 G
1177 2718 1235 2753 26.

925 2782 961 2814 in
988 2781 1089 2813 vicos
1115 2780 1332 2821 occupantur
1366 2774 1462 2820 agri,
1498 2776 1534 2806 et
1566 2780 1637 2805 non

969 2841 1004 2873 in
1033 2839 1124 2873 vicis
1149 2841 1210 2871 aut
1235 2837 1270 2870 in
1296 2836 1396 2869 vices
1422 2833 1450 2867 G
1473 2830 1532 2866 26.

923 2899 1085 2936 invidere
1112 2908 1191 2934 cum
1217 2896 1373 2932 ablativo
1404 2894 1421 2927 1
1450 2891 1507 2928 22.
