1768 3216
578 226 714 262 LlBER
740 226 783 262 11.
838 227 925 262 Cn.
958 230 1109 264 12-14.

0 201 124 277 ,τῑῗῖίῖ
135 211 189 261 ²3.
217 224 277 262 6⁹-.
1534 233 1602 266 113

0 338 2 341 ’
39 399 42 404 ¹
100 338 307 407 didissent
338 356 473 399 eoque
503 357 579 399 per
610 345 818 388 cruciatus
860 346 1173 403 interrogarent
1213 348 1283 389 ubi
1311 347 1437 390 filium
1470 359 1605 391 occu-

97 417 218 472 leret,
251 417 675 463 uterum'ostendens
706 421 837 464 latere
869 422 926 464 ibi
957 423 1190 477 respondit,
1224 436 1304 466 nec
1334 424 1428 466 ullis
1449 424 1605 466 deinde

98 495 332 537 terroribus
372 500 442 538 aut
489 501 624 538 morte
674 497 952 539 constantiam
999 499 1118 539 vocis
1168 499 1370 554 egregiae
1419 500 1602 542 mutavit.

30 566 321 614 141mminere
355 571 601 624 provinciae
641 571 930 624 Narbonensi,
974 572 1017 612 in
1055 573 1184 614 verba
1225 573 1380 615 Vitellii
1412 574 1603 627 adactae,

99 642 276 686 classem
300 643 487 687 Othonis
519 645 671 699 trepidi
692 646 825 687 nuntii
847 646 974 688 Fabio
993 646 1157 688 Valenti
1177 647 1368 689 attulere.
1415 649 1637 692 Aderants

97 715 225 776 legati
256 719 516 762 coloniarum
548 720 746 762 auxilium
777 725 959 763 orantes.
1020 721 1133 764 Duas
1150 722 1412 777 Tungrorum
1446 724 1606 774 cohor-

97 799 197 848 tes,
229 799 422 850 quattuor
461 796 643 849 equitum
682 800 865 848 turmas,
907 796 1147 838 universam
1187 797 1456 840 Trevirorum
1499 799 1605 841 alam

65 867 69 870 ’
97 881 191 911 cum
220 870 323 911 Iulio
357 871 544 912 Classico
574 871 790 925 praefecto
823 871 956 921 misit3
997 883 1020 912 e
1051 872 1200 925 quibus
1235 885 1332 926 pars
1365 874 1406 914 in
1441 874 1606 915 colonia

96 944 375 988 Foroiuliensi
404 950 583 999 retenta,
616 958 670 987 ne
705 946 896 987 omnibus
930 947 1063 1000 copiis
1085 947 1127 988 in
1149 951 1350 988 terrestre
1374 948 1453 989 iter
1468 948 1605 990 versis

95 1033 230 1062 vacuo
273 1021 378 1063 mari
419 1007 567 1064 classis
609 1022 882 1063 acceleraret.
943 1022 1178 1064 Duodecim
1218 1024 1399 1077 equitum
1445 1028 1606 1066 turmae
1622 1039 1659 1068 ιο

75 1086 137 1137 'et
167 1096 265 1138 lecti
296 1109 320 1137 e
351 1097 594 1139 cohortibus
627 1097 831 1139 adversus
864 1097 1025 1139 hostem
1060 1098 1150 1139 iere
1162 1111 1173 1149 3
1218 1099 1366 1152 quibus
1410 1099 1604 1141 adiuncta

582 1231 619 1238 «νη

96 1247 281 1289 nondum
312 1247 388 1290 sub
420 1247 569 1303 signis.
610 1248 699 1290 Nec
731 1261 848 1290 mora
879 1249 1058 1302 proelio,
1092 1248 1165 1290 sed
1201 1249 1293 1290 acie
1326 1249 1380 1290 ita
1403 1249 1606 1291 instructa

95 1326 139 1363 ut
167 1335 264 1377 pars
297 1323 574 1365 classicorum
606 1323 744 1365 mixtis
776 1324 954 1379 paganis
985 1325 1024 1364 in
1059 1311 1196 1365 colles⁴
1222 1324 1327 1365 mari
1347 1325 1604 1379 propinquos

97 1403 344 1454 exurgeret,
389 1403 584 1453 quantum
616 1399 725 1440 inter
756 1399 886 1441 colles
919 1412 967 1441 ac
1002 1399 1097 1441 litus
1130 1399 1252 1453 aequi
1283 1399 1391 1453 loci,
1433 1405 1658 1455 praeto—1⁵

95 1471 238 1516 rianus
270 1473 390 1515 miles
421 1473 631 1528 expleret,
668 1466 710 1514 i'n
741 1474 831 1527 ipso
862 1475 967 1515 mari
997 1478 1041 1515 ut
1073 1474 1236 1516 adnexa
1268 1473 1416 1517 classis
1457 1480 1497 1516 et
1527 1488 1651 1530 pu-

95 1560 206 1603 gnae
235 1553 378 1603 parata
410 1561 617 1591 conversa
650 1553 690 1591 et
719 1549 872 1590 minaci
905 1549 1043 1591 fronte
1074 1549 1441 1604 praetenderetur:
1473 1551 1609 1592 Vitel-
1730 1591 1732 1595 ,
1757 1591 1760 1602 2

94 1623 216 1677 liani,
250 1623 397 1678 quibus
429 1624 566 1664 minor
602 1623 788 1677 peditum
827 1623 917 1676 vis,
970 1623 1012 1663 in
1054 1624 1193 1677 equite
1237 1624 1388 1676 robur,
1430 1617 1768 1700 Alpinos&

526 1722 547 1738 .

1228 1778 1263 1812 4.
1301 1776 1459 1811 auddctd
1487 1789 1504 1811 e
1529 1777 1608 1812 Ma:

493 1827 527 1861 5.
555 1825 683 1871 trepidi
707 1826 823 1858 nuntii
849 1826 956 1859 Fabio
995 1825 1130 1859 Valenti
1149 1824 1225 1858 Ma:
1250 1825 1346 1870 sabio
1373 1825 1510 1860 valenti
1535 1832 1609 1861 tre-

442 1875 475 1909 7.
507 1875 674 1908 universa
699 1875 787 1907 mire
813 1876 972 1908 uirorum
997 1873 1072 1908 Ma:
1097 1875 1300 1908 universam
1328 1875 1542 1909 neutrorum
1569 1875 1607 1910 G.

423 1925 476 1959 12.
506 1924 703 1969 quinqentis
728 1921 803 1957 Ma:
830 1923 1011 1969 quingenti
1037 1922 1076 1957 G.
1157 1922 1211 1958 14.
1233 1923 1377 1969 paqim's
1403 1922 1467 1957 Ma.

235 1779 270 1812 2.
298 1777 347 1811 ibi
371 1777 586 1822 interposuit
609 1776 736 1810 editor.

98 1826 263 1860 adactam
289 1836 368 1871 corr
393 1826 432 1861 G.

94 1875 171 1920 pias·
193 1876 318 1909 nuncii
341 1874 379 1909 G.

100 1924 155 1959 10.
183 1923 263 1958 adc.
295 1921 359 1958 Ma.

831 1778 865 1811 3.
895 1777 1033 1822 eyreqie
1062 1775 1127 1810 Ma.

1641 1512 1675 1543 ’ἧ
1698 1523 1712 1538 ο
1734 1525 1749 1537 ’.ν

100 2074 151 2117 (c.
183 2072 226 2106 15
251 2074 381 2116 extr.),
408 2073 459 2106 ita
485 2073 591 2107 etiam
612 2071 817 2106 Albintimi-

99 2121 183 2155 lium
219 2125 362 2165 praeter
398 2120 538 2154 Albium
579 2120 816 2163 Intemetium,

101 2174 137 2203 et
163 2169 215 2203 sie
241 2169 414 2204 Antonini
438 2169 662 2204 itinerarium
690 2181 724 2214 p.
747 2169 818 2205 296

103 2217 159 2252 ed.
190 2217 437 2264 Wesseling.,
478 2224 516 2251 ut
550 2219 689 2252 monuit
717 2218 818 2252 Wal-

98 2266 233 2300 therus.
321 2267 403 2301 Alia
451 2267 571 2302 attulit
611 2267 819 2301 Furlanetto

100 2315 193 2359 apud
232 2314 489 2349 Forcellinium
529 2327 557 2350 s.
590 2326 624 2353 V,
663 2315 820 2349 Albinti-

104 2363 286 2397 miliensis.

175 2417 314 2446 uterum
339 2411 523 2445 ostendens
550 2411 662 2445 latere
688 2412 742 2445 ibi
761 2424 822 2445 re-

100 2460 258 2506 spondit:
285 2465 323 2493 ut
350 2461 466 2494 irrisio
487 2461 709 2504 instantium,
732 2471 823 2506 qua-

103 2508 172 2542 lem
207 2509 341 2543 semina
380 2509 630 2553 respondendo
668 2511 822 2555 peregit,

107 2557 337 2600 efficeretur,
364 2568 434 2591 non
463 2559 548 2591 satis
577 2563 651 2592 erat
677 2564 714 2591 ut
739 2563 823 2592 ute-

106 2616 182 2639 rum
206 2606 413 2642 ostenderet
439 2611 474 2640 et
501 2607 511 2640 l
540 2613 614 2640 tere
631 2605 744 2640 filium
764 2607 823 2639 di-

107 2659 217 2696 ceret,
247 2654 309 2688 sed
338 2655 372 2687 in
402 2618 644 2734 uterflaterc
669 2666 823 2700 respon-

107 2701 259 2735 dendum
288 2707 374 2735 erat.
404 2703 479 2736 Ree
497 2714 516 2735 c
533 2705 644 2748 igitur
657 2704 823 2737 Heinsius

109 2754 144 2782 et
168 2749 355 2784 Ernestius
393 2750 600 2784 adverbium
639 2751 825 2786 desidera-

107 2803 250 2840 verunt,
279 2797 370 2832 alter
399 2798 468 2841 hic,
497 2798 588 2832 alter
613 2799 662 2832 ibi
686 2806 766 2843 post
790 2811 824 2834 v.

109 2852 245 2880 uterum
282 2847 463 2881 ostendens
493 2848 703 2881 inserturus.
758 2849 826 2883 Scd

106 2895 158 2929 ibi
190 2900 270 2939 post
300 2895 410 2930 latere
446 2896 537 2938 fuit,
574 2895 777 2939 absorptum
805 2908 826 2930 a

109 2943 351 2988 praecedente
369 2944 487 2979 vocali
503 2944 744 2989 (LATEREBI
763 2955 825 2989 pro

109 2992 287 3027 LATERE
311 2992 410 3039 1131),
447 2993 528 3027 dum
556 2993 582 3027 B
611 3003 673 3037 pro
701 2993 732 3027 R
758 2993 825 3027 lia-

226 3079 351 3109 Tacitus
373 3079 425 3107 111.

880 2071 993 2106 betur
1015 2077 1050 2106 et
1079 2071 1226 2105 lateret-i
1252 2081 1315 2115 pro
1355 2072 1467 2106 latere
1500 2082 1610 2116 prave

888 2126 1029 2154 auctum
1060 2131 1139 2155 esse
1167 2119 1335 2154 creditur.

964 2168 1049 2213 Cap.
1075 2169 1129 2204 14.
1156 2170 1194 2202 in
1221 2169 1329 2203 verba
1363 2167 1492 2203 Vitellii
1518 2168 1610 2202 ada-

890 2225 989 2252 ctae:
1016 2217 1085 2251 hoc
1111 2217 1244 2251 addunt
1270 2218 1387 2251 nuntii
1418 2222 1455 2250 ut
1482 2219 1611 2251 iustam

891 2266 1142 2310 trepidationis
1170 2276 1258 2300 suae
1280 2276 1422 2300 causam
1450 2276 1530 2299 esse
1558 2267 1611 2299 si-

892 2315 1118 2362 gnificarent.
1150 2333 1153 2335 >
1227 2314 1407 2360 quingenti
1433 2314 1614 2347 Pannonii

892 2364 1046 2397 nondum
1073 2363 1134 2397 sub
1159 2363 1291 2408 signis:
1319 2362 1454 2396 milites
1466 2362 1612 2396 Panno-

892 2414 1031 2446 niorum
1059 2417 1141 2445 ante
1169 2413 1365 2456 conscripti
1394 2415 1429 2444 et
1446 2412 1545 2445 missi
1569 2410 1614 2445 ad

895 2463 1074 2495 exercitus
1091 2459 1292 2495 Germanici
1321 2459 1528 2502 auxiliares,
1549 2458 1614 2494 sed

893 2510 1049 2543 nondum
1076 2511 1113 2542 in
1142 2508 1307 2544 cohortes
1338 2509 1456 2542 divisi.
1495 2509 1554 2542 Sic
1568 2508 1611 2542 H.

893 2558 907 2591 l
932 2558 999 2593 68:
1029 2559 1199 2592 Raeticae
1226 2557 1307 2591 alae
1335 2557 1560 2601 cohortesque
1582 2561 1614 2590 et

892 2609 1046 2652 ipsorum
1074 2608 1268 2641 Raetorum
1293 2607 1463 2639 iuventus.

967 2655 1134 2700 Alpinos.-
1162 2655 1284 2699 Alpini
1299 2654 1467 2699 Ligurum
1485 2651 1614 2684 cohors

896 2709 1066 2746 vocatur,
1100 2708 1202 2737 vetus
1231 2703 1396 2737 coloniae
1431 2698 1614 2733 Foroiuli-

897 2754 993 2786 ensis
1021 2752 1207 2794 auxilium,
1236 2751 1341 2795 paulo
1371 2754 1453 2782 ante
1478 2757 1616 2780 memo-

896 2806 983 2834 rata.
1015 2800 1099 2834 Nam
1128 2810 1191 2843 per
1218 2801 1330 2842 ipsam
1347 2797 1526 2841 Liguriam
1548 2794 1616 2828 ΑΙ-

899 2860 960 2892 pes
989 2858 1102 2892 usque
1137 2847 1180 2880 ad
1207 2848 1326 2880 vicina
1361 2845 1506 2878 Genuae
1535 2848 1617 2877 ten-

896 2897 993 2929 dunt.
1022 2896 1146 2929 Strabo
1175 2895 1221 2928 lv
1244 2895 1266 2929 6
1296 2896 1327 2928 1.
1375 2893 1459 2926 Tum
1488 2891 1618 2925 cohor-

896 2951 945 2979 tes
971 2945 1130 2978 brcviter
1152 2943 1240 2976 dixit
1256 2943 1393 2977 electos
1419 2952 1437 2975 e
1454 2940 1618 2974 cohorti-

896 2993 961 3027 bus
1003 2991 1248 3038 Tungrorum,
1297 2990 1422 3026 eadem
1474 2989 1617 3024 dicendi

1386 3061 1414 3102 8
