1768 3216
147 235 185 260 a.
208 234 245 260 u.
274 224 356 262 793.
408 235 429 260 a
454 224 495 260 C.
520 225 580 261 40.
805 222 892 260 Gn.
918 223 1027 260 3-4.
1589 223 1640 257 ἃ

146 342 228 399 ptis
261 353 287 383 e
311 341 460 384 media,
479 341 565 384 vita
595 345 656 383 tot
697 340 843 392 annis,
877 340 1024 394 quibus
1054 340 1228 383 iuvenes
1269 339 1322 382 ad
1365 333 1638 392 senectutem,

146 427 271 459 senes
301 428 432 470 prope
462 416 516 458 ad
546 416 661 470 ipsos
689 420 863 458 exactae
893 415 1039 457 aetatis
1081 414 1283 456 terminos
1321 426 1397 468 per
1431 413 1640 456 silentium

146 491 350 538 venimus.
423 490 516 539 Non
553 494 691 532 tamen
726 490 886 545 pigebit
923 490 991 531 vel
1034 489 1247 531 incondita
1295 501 1346 530 ac
1392 487 1488 530 rudi
1533 500 1640 531 voce

145 565 388 611 memoriam
418 565 572 619 prioris
602 565 814 608 servitutis
845 577 894 606 ac
925 564 1205 606 testimonium
1244 563 1521 618 praesentium
1559 563 1642 606 bo-

145 650 294 685 norum
335 640 641 694 composuisse.
723 639 801 682 Hic
846 639 1012 680 interim
1065 638 1172 681 liber
1223 638 1375 679 honori
1411 637 1669 692 Agricolae⁵

145 714 400 759 suecriumei
431 714 687 766 destinatus,
728 713 994 768 professione
1032 713 1200 775 pietatis
1233 716 1303 754 aut
1330 711 1521 754 laudatus
1563 711 1642 753 erit

150 789 221 831 aut
247 792 486 832 excusatus.

104 865 134 905 4
281 856 448 898 Gnaeus
486 855 612 897 lulius
649 855 877 910 Agricola,
918 859 1062 896 vetere
1102 858 1143 897 et
1179 854 1342 896 inlustri
1376 854 1645 896 Foroiulien-

143 929 455 973 sium.colonia
493 934 634 982 ortus,
673 933 892 982 utrumque
931 941 1054 969 avum
1092 933 1408 982 procuratorem
1447 929 1640 971 Caesaris

301 1055 338 1089 4.
376 1051 566 1099 servitutis]
594 1053 781 1087 senectutis
807 1053 887 1086 rA:
930 1052 1087 1086 correxit
1111 1051 1265 1096 Lipsius.
1329 1051 1500 1087 Ursinus:
1531 1053 1582 1086 Ὗ.
1609 1064 1642 1087 c.

142 1101 252 1136 habet
271 1102 406 1148 prioris
428 1102 629 1135 seruitutis'.
705 1100 741 1135 8.

146 1161 268 1185 sarum
291 1148 512 1184 Puteolanus
538 1154 575 1183 et
599 1151 639 1185 Γ.

142 1279 247 1310 ms,
282 1269 307 1302 i.
334 1277 366 1301 e.
401 1267 506 1311 pauci
539 1270 620 1310 post
658 1265 855 1299 adamatam

142 1316 307 1351 inertiam
346 1316 542 1349 extinctum
582 1314 721 1348 diutino
761 1319 855 1348 tem-

142 1365 240 1409 poris
266 1362 457 1397 intervallo
495 1363 603 1396 animi
630 1363 793 1408 vigorem
817 1363 855 1395 in

141 1413 298 1458 priorem
322 1412 453 1446 mentis
474 1412 583 1445 vitam
604 1412 762 1445 excitare
785 1420 854 1454 po-

141 1464 300 1496 metunt.

225 1508 432 1543 memoriam
453 1508 586 1553 prioris
611 1507 786 1541 servitutis
811 1517 857 1540 ac

143 1557 373 1592 testimonium
409 1556 648 1602 praesentium
689 1555 856 1588 bonorum

143 1606 372 1651 composuisse
396 1616 408 1637 .-
457 1605 645 1646 annuntiat
681 1603 856 1636 Historias

142 1663 226 1687 mox
253 1653 429 1694 edendam
458 1652 526 1686 hae
546 1652 766 1696 compositae
786 1653 856 1684 iam

144 1707 269 1744 eraut,
306 1700 370 1736 sed
410 1699 455 1733 ad
490 1700 646 1734 edendas
685 1698 856 1732 nonnulla

142 1750 341 1791 accedere,
367 1748 438 1782 alia
463 1749 639 1782 immutari
666 1747 856 1785 debebant.

143 1797 248 1832 Gonr.
275 1797 453 1831 Prooemii
487 1807 564 1840 cap.
590 1796 614 1831 8
639 1801 674 1830 et
699 1795 734 1831 9.
791 1795 856 1828 Hi-

142 1847 277 1880 storiae
311 1844 517 1879 memoriam
563 1845 693 1888 prioris
738 1844 857 1877 servi-

143 1895 230 1928 tutis
255 1893 292 1927 in
326 1894 372 1926 iis
404 1893 629 1936 potissimum
662 1891 762 1934 libris
791 1890 858 1936 (tx

144 1941 274 1988 -x11)
292 1939 501 1986 prodebant,
518 1940 648 1984 quibus
661 1951 719 1973 res
729 1939 858 1973 Domi-

142 1991 230 2029 tiani
257 1988 421 2023 Caesaris
450 1989 635 2032 expositae
663 1992 763 2022 erant
791 1987 856 2033 (cf.

142 2037 320 2080 Prooemii
358 2047 435 2080 cap.
467 2038 511 2070 14
536 2036 600 2070 sub
627 2036 780 2080 finem);
822 2036 856 2068 in

142 2086 271 2132 quibus
290 2082 456 2131 legendis
474 2084 555 2118 dum
578 2084 777 2118 beatissimi
795 2095 858 2118 sc-

143 2133 215 2168 culi
242 2135 312 2168 iam
338 2132 533 2166 obtinentis
551 2132 708 2166 felicitas
729 2137 856 2176 sponte

142 2187 226 2217 ante
251 2182 406 2216 animum
434 2186 594 2214 versatur
627 2182 671 2214 iis
696 2181 756 2225 qui
784 2185 855 2214 tum

140 2230 332 2272 vivebant,
373 2228 466 2263 idem
498 2239 588 2272 opus
614 2229 855 2272 praesentium

141 2279 315 2312 bonorum
361 2276 567 2309 continebat
598 2277 853 2310 testimonium.

142 2326 212 2360 Sed
239 2325 329 2359 haec
356 2324 466 2358 verba
490 2334 567 2357 cum
599 2335 620 2357 a
645 2323 765 2357 multis
791 2334 857 2356 ae-

143 2373 302 2419 qualium
338 2373 387 2405 ita
414 2376 562 2415 accepta
588 2376 730 2412 essent,
765 2375 857 2404 tam-

143 2432 246 2468 quam
280 2419 421 2454 Tacitus
458 2424 538 2463 post
571 2430 628 2452 res
663 2419 856 2452 Domitiani

145 2469 381 2514 principatum
413 2466 553 2502 Nervae
596 2472 635 2502 et
670 2467 855 2510 imperium

142 2517 282 2552 Traiani
317 2516 527 2551 continuare
571 2514 708 2557 vellet,
756 2516 786 2548 is
821 2518 859 2547 ut

143 2567 262 2611 pravis
289 2564 519 2608 opinionibus
550 2568 778 2604 occurreret,
821 2563 857 2595 in

145 2613 369 2658 praefatione
386 2612 621 2645 Historiarum
647 2611 680 2655 (Ι
712 2614 750 2656 1)
778 2614 859 2654 post

143 2661 343 2704 descriptos
368 2660 487 2703 operis
512 2660 567 2692 sui
595 2659 766 2692 terminos
791 2658 857 2691 ad-

143 2708 279 2743 iunxit:
306 2707 427 2752 quodsi
442 2707 516 2739 vita
530 2706 732 2752 suppeditet,
750 2706 857 2750 prin-

145 2758 297 2802 cipatum
334 2754 405 2788 divi
434 2754 572 2788 Nervae
611 2759 643 2787 et
674 2754 857 2799 imperium

148 2804 311 2845 Traiani,
350 2802 546 2835 uberiorem
578 2802 855 2845 securioremque

143 2852 340 2892 materiam,
368 2851 537 2883 senectuti
559 2850 707 2894 seposui.

214 2899 273 2933 hic
297 2899 438 2932 interim
460 2897 550 2931 liber
578 2919 622 2926 —
659 2903 720 2931 aut
746 2909 855 2932 ercu-

143 2953 264 2983 satus:
299 2945 516 2982 inconditam
550 2956 675 2980 vocem
715 2950 750 2980 et
792 2955 854 2979 ru-

391 3074 426 3100 ς

777 1100 843 1134 Cn.
869 1101 913 1142 Δ,
941 1099 1057 1135 Gneus
1080 1102 1119 1135 Γ.
1195 1100 1231 1136 9.

1270 1100 1437 1135 Caesaris
1461 1102 1495 1135 Δ
1509 1112 1519 1135 :
1548 1101 1644 1135 Cac-

925 1264 1006 1298 dem
1033 1265 1068 1298 in
1095 1265 1165 1299 hoc
1191 1265 1283 1299 libro
1320 1269 1359 1298 ut
1387 1275 1503 1310 aeque
1530 1276 1642 1300 excu-

924 1317 979 1346 set
1004 1323 1110 1358 quam
1146 1314 1183 1346 in
1220 1313 1387 1347 Historiis
1415 1323 1498 1347 mox
1535 1314 1642 1348 evul-

925 1360 1051 1406 gandis
1076 1371 1148 1394 non
1176 1371 1264 1405 opus
1300 1372 1379 1395 esse
1409 1361 1526 1395 dicit:
1561 1362 1641 1396 suf-

925 1410 1034 1443 ficere
1059 1410 1154 1443 enim
1186 1409 1446 1454 professionem
1478 1411 1638 1454 pietatis,

925 1462 962 1491 ut
997 1457 1082 1492 huic
1120 1462 1181 1491 aut
1221 1458 1300 1492 laus
1328 1457 1543 1492 concilietur
1581 1463 1642 1493 aut

926 1507 1123 1540 excusatio.
1173 1506 1272 1541 Voce
1297 1507 1439 1540 interim
1461 1507 1643 1553 significat

926 1554 1101 1588 Historias
1115 1555 1322 1599 propediem
1342 1559 1527 1589 secuturas
1547 1566 1639 1589 esse.

1003 1601 1088 1646 Cap.
1125 1603 1161 1637 4.
1197 1604 1337 1637 Gnaeus
1358 1602 1468 1636 lulius
1484 1603 1638 1649 Agrico..

927 1649 965 1683 la
979 1662 991 1682 .·
1018 1650 1065 1684 de
1080 1650 1191 1684 tribus
1205 1651 1408 1685 nominibus
1422 1662 1517 1685 nunc
1529 1662 1638 1696 prae-

927 1703 981 1732 ter
995 1699 1293 1733 consuetudinem
1312 1699 1376 1733 sed
1395 1709 1465 1733 non
1479 1700 1559 1734 sine
1576 1710 1639 1734 ra-

926 1748 1025 1781 tione
1053 1747 1215 1781 admissis
1246 1747 1292 1781 cf.
1329 1752 1451 1782 annot.
1484 1748 1528 1781 ad
1559 1747 1641 1782 xm

927 1796 986 1830 30.
1018 1795 1128 1828 Taciti
1162 1795 1206 1830 de
1239 1796 1382 1829 colonia
1406 1795 1639 1830 Foroiulien-

926 1844 1018 1876 sium
1045 1843 1115 1877 loci
1142 1845 1178 1877 in
1205 1843 1279 1877 Iud.
1308 1843 1391 1877 hist.
1430 1843 1638 1889 quaerendi.

927 1890 1063 1924 Plinius
1088 1890 1207 1926 1115:
1264 1892 1390 1925 Forum
1417 1891 1501 1926 Iulii
1526 1892 1639 1926 Octa-

927 1950 1098 1973 vanorum
1133 1940 1298 1983 colonia,
1342 1951 1430 1984 quae
1472 1941 1638 1975 Pacensis

927 1987 1125 2032 appellatur
1151 1994 1183 2022 et
1210 1988 1383 2022 Classica.
1410 1988 1537 2023 Strabo
1556 1983 1638 2023 lvi

927 2037 963 2078 §.
991 2035 1015 2070 9
1041 2041 1077 2069 et
1105 2036 1161 2071 10.

995 2090 1264 2128 procuratorem
1286 2084 1474 2119 Caesaris:
1503 2085 1641 2119 Caesa-

926 2133 977 2165 ris
1003 2141 1133 2166 nomen
1159 2135 1329 2167 universe
1354 2132 1488 2167 dictum
1514 2137 1569 2167 est
1604 2136 1641 2166 et

927 2179 1125 2223 indefinite,
1154 2186 1191 2214 ut
1216 2186 1430 2226 procurator
1466 2181 1633 2214 Caesaris

928 2228 1021 2262 idem
1047 2229 1093 2262 sit
1120 2230 1180 2274 qui
1193 2235 1407 2274 procurator
1424 2229 1638 2262 Caesareus.

927 2276 985 2309 Sic
1017 2277 1052 2308 in
1087 2277 1195 2310 simili
1237 2276 1319 2310 loco
1343 2277 1539 2321 principis,
1568 2285 1640 2308 non

923 2324 1132 2368 principum,
1160 2324 1284 2357 scribit
1310 2323 1386 2356 XVI
1414 2324 1484 2358 17:
1511 2323 1639 2367 adqui-

928 2371 1059 2403 rendae
1082 2372 1255 2416 pecum‘ae
1281 2371 1418 2404 brevius
1444 2371 1512 2405 iter
1557 2382 1639 2404 cre-

927 2418 1028 2452 debat
1060 2430 1125 2462 per
1164 2419 1434 2464 procurationes
1481 2419 1638 2452 admini-

926 2466 1083 2499 strandis
1115 2467 1289 2512 principis
1327 2466 1487 2511 neqotiis.
1539 2466 1640 2508 Qua-

927 2519 1077 2558 propter
1108 2516 1220 2548 ascivi
1259 2515 1407 2548 sormam
1446 2515 1490 2549 ab
1524 2514 1638 2548 altero

931 2562 1180 2596 Vaticanorum
1208 2562 1363 2596 oblatam
1391 2572 1454 2606 pro
1490 2564 1636 2608 vulgata

928 2610 1144 2652 Caesarum,
1188 2621 1279 2655 quae
1314 2610 1532 2644 assimilandi
1574 2611 1634 2642 in-

925 2658 1110 2692 clinationi
1137 2660 1312 2704 originem
1337 2658 1478 2691 videtur
1492 2657 1637 2691 debere.

992 2718 1079 2751 quae
1097 2707 1262 2750 equestris
1277 2705 1442 2739 nobilitas
1457 2710 1528 2740 est:
1553 2715 1633 2738 cum

925 2754 1008 2788 mali
1027 2755 1206 2798 principes
1222 2759 1258 2787 et
1271 2753 1456 2795 incuriosi,
1473 2756 1510 2785 ut
1525 2751 1636 2786 Clau-

925 2802 1016 2844 dius,
1043 2802 1283 2846 procuratoris
1310 2810 1436 2833 munus
1464 2801 1569 2834 etiam
1587 2799 1635 2833 li-

924 2849 1034 2883 ber-tis
1049 2849 1291 2894 delegassent,
1312 2847 1453 2882 Tacitus
1469 2847 1633 2882 consulto

924 2897 1124 2939 admonuit,
1160 2901 1347 2941 utrumque
1383 2906 1489 2930 avum
1521 2895 1634 2941 Agri-

924 2944 1027 2979 colae
1054 2945 1211 2990 equitem
1237 2944 1432 2980 Romanum
1458 2943 1584 2981 ruisse.
