1768 3216
7 1534 10 1541 ,
25 1492 38 1542 -ὲ

145 241 217 275 293
745 226 1057 264 HISTORIARVM

1430 242 1463 267 a.
1490 241 1526 267 u.
1551 230 1641 271 822.

147 354 377 407 nibusque3
411 361 512 404 quos
542 347 611 389 ubi
640 346 786 401 spoliis
830 350 871 388 et
905 346 1113 401 sanguine
1152 345 1440 400 expleverint,
1480 347 1643 401 mutari,
1711 368 1713 370 v

150 428 391 482 exquirique
419 434 551 464 novos
582 422 698 463 sinus
729 425 768 463 et
797 421 915 463 varia
945 420 1178 475 praedandi
1208 420 1425 463 vocabula.
1486 421 1647 466 Instare

147 503 374 550 delectum,
421 508 500 551 quo
530 497 651 538 liberi
682 497 733 538 ab
764 495 1031 551 parentibus,
1071 496 1222 538 fratres
1254 509 1277 538 a
1309 495 1506 538 fratribus
1535 496 1649 539 velut

145 585 376 627 supremum
409 571 658 613 dividantur.

718 571 933 625 Nunquam
964 570 1099 625 magis
1131 570 1339 612 adflictam
1369 583 1458 613 rem
1489 571 1646 615 Roma-

113 660 251 700 snam,
285 660 362 688 nec
393 646 504 688 aliud
538 646 578 686 in
610 645 798 688 hibernis
831 658 952 700 quam
982 645 1182 699 praedam
1214 649 1254 686 et
1283 657 1422 688 senes.
1467 645 1651 689 Attolle-

142 726 234 764 rent
264 714 415 763 tantum
439 720 599 772 oculos,
631 725 672 761 et
693 719 832 762 inania
851 720 1067 775 legionum
1087 719 1255 762 nomina
1278 732 1332 761 ne
1353 725 1645 774 pavescerent.

140 797 194 838 At
223 796 302 838 sibi
333 795 461 836 robur
490 794 671 848 peditum
706 795 987 849 equitumque,
1025 794 1365 849 consanguineos
1398 794 1646 849 GermanoS‚

144 870 295 912 Gallias
340 869 448 910 idem
494 869 714 922 cupientis.

789 870 850 912 Ne
897 869 1093 912 Romanis
1141 869 1309 923 quidem
1355 869 1562 925 ingratum
1605 870 1647 913 id

142 944 322 996 bellum,
368 943 485 984 cuius
529 931 766 1006 ambiguam
805 943 1012 986 fortunam
1055 943 1314 997 Vespasiano
1347 943 1646 1004 imputaturus:

92 1018 343 1060 invictoriae
373 1011 577 1059 rationem
612 1029 696 1077 non
728 1018 863 1060 reddi.
927 1019 1078 1073 Magno
1114 1030 1206 1060 cum
1238 1018 1422 1060 adsensu
1466 1018 1646 1071 auditus,
1662 1022 1718 1062 15

141 1093 320 1135 barbaro
348 1093 427 1133 ritu
458 1097 499 1134 et
527 1093 672 1146 patriis
703 1092 1043 1135 execrationibus
1074 1094 1298 1134 universos
1325 1093 1469 1148 adigit.

1528 1093 1646 1136 Missi

142 1168 193 1210 ad
206 1168 498 1210 Canninefates
532 1168 601 1222 qui
634 1168 811 1210 consilia
842 1168 1069 1222 sociarent.
1115 1168 1174 1209 Ea
1206 1179 1311 1222 gens
1342 1172 1502 1221 partem
1525 1168 1647 1210 insu-

139 1242 204 1283 lae
232 1242 342 1294 colit,
375 1243 540 1297 origine
571 1243 712 1298 lingua
744 1243 894 1284 virtute
921 1255 996 1296 par
1012 1238 1179 1284 Batavis
1190 1255 1203 1293 3
1231 1254 1406 1284 numero
1424 1254 1647 1296 >superan-

141 1320 217 1357 tur.
277 1316 372 1358 Mox
399 1317 575 1358 occultis
611 1318 766 1359 nuntiis
794 1317 964 1371 pellexit
994 1316 1231 1358 Britannica
1262 1316 1431 1369 auxilia,
1462 1316 1649 1360 Batavo-

90 1402 230 1433 151·um
263 1390 459 1432 cohortes
491 1392 641 1433 missas
673 1391 714 1432 in
747 1391 1038 1443 Germaniam,
1081 1395 1126 1432 ut
1154 1403 1279 1444 supra
1310 1391 1566 1444 rettulimus,
1594 1404 1647 1434 ac

141 1469 223 1506 tuni
254 1466 509 1520 Mogontiaci
541 1470 730 1521 agentes·
791 1466 892 1508 Erat
922 1466 965 1507 in
997 1465 1341 1508 Canninefatibus
1371 1466 1551 1526 sto-lidae
1570 1479 1649 1508 au-

141 1540 288 1581 daciae
315 1540 500 1593 Brinno,
546 1542 734 1584 claritate
774 1541 972 1583 natalium
1017 1541 1186 1596 insigni.

1248 1541 1368 1584 Pater
1401 1541 1492 1584 eius
1523 1541 1648 1584 multa

140 1613 305 1655 hostilia
356 1627 480 1657 ausus
532 1616 783 1659 Gaianarum
836 1616 1149 1670 expeditionum
1200 1615 1423 1658 ludibrium
1480 1617 1647 1671 impune

272 1746 305 1780 3.
333 1745 376 1779 ab
404 1746 538 1780 editor:
568 1746 619 1781 Ma
647 1759 705 1793 ap,
733 1748 759 1782 G
787 1753 823 1781 et
849 1748 960 1794 vulgo
988 1759 1022 1780 a.

591 1797 624 1830 7.
653 1799 704 1843 at]
734 1796 802 1831 litt.
831 1803 843 1830 t
869 1796 944 1842 legi
980 1797 1041 1830 vix
1075 1800 1194 1840 potest
1220 1797 1255 1830 in
1281 1795 1348 1830 Ma.

872 1845 907 1879 8.
936 1845 1106 1890 cupientis
1133 1844 1259 1878 ultimo
1288 1845 1301 1878 ι’
1323 1854 1502 1889 superser.
1532 1855 1550 1878 e
1578 1843 1643 1879 Ma.

449 1894 502 1926 ll.
531 1893 618 1926 ritus
645 1891 716 1926 Ma:
745 1892 773 1926 G
799 1894 880 1928 ritu.

137 1794 172 1828 5.
200 1800 235 1827 at
262 1793 423 1828 tollerent
450 1795 513 1829 Ma.

135 1841 209 1884 Ma,
236 1844 404 1875 omittunt
429 1844 488 1877 BG
514 1849 549 1877 ct
575 1844 812 1878 Oxonienses.

136 1890 169 1924 9.
199 1891 270 1935 inp.
300 1890 364 1924 Ma.

1479 1745 1556 1793 affl.
1585 1746 1644 1782 Or.

1450 1795 1645 1831 Germanos

1083 1746 1116 1781 4.
1146 1747 1311 1793 supinum
1338 1745 1402 1781 Ma.

949 1895 1003 1927 12.
1032 1893 1254 1937 caninesates
1271 1891 1336 1936 ΜΒ,
1367 1893 1432 1927 scd
1461 1892 1595 1938 duplex
1619 1904 1645 1926 n

136 1938 282 1982 praebet
298 1939 477 1972 lllediceus
504 1942 683 1985 antiquior
711 1942 802 1975 Ann.
831 1942 855 1976 4
883 1942 929 1976 73
958 1946 993 1975 et
1021 1940 1071 1974 llla
1098 1941 1191 1974 infra
1215 1941 1421 1986 aliquoties.
1476 1941 1645 1976 consiliat

138 1984 202 2019 illa.
283 1987 336 2020 14.
367 1985 511 2031 pellexit
538 1988 632 2030 GM'd,
661 1999 731 2022 non
756 1989 919 2035 pertexit.
973 1989 1067 2022 britt.
1097 1988 1161 2023 Ma.

794 2038 848 2072 17.
877 2038 1012 2072 Brinno
1041 2036 1112 2071 Ma:
1141 2036 1169 2070 G
1196 2037 1308 2071 brino.

137 2043 209 2067 non
238 2034 468 2080 Maqontiaci.
543 2036 732 2071 cantantia.

139 2155 347 2191 Germaniae
387 2156 570 2192 inferioris
619 2169 698 2192 cuin
749 2161 849 2206 gravi

137 2204 317 2238 comitatu.
730 2229 734 2230 ν

209 2253 305 2286 cuius
340 2253 537 2298 avnbiquam
569 2258 750 2300 fortunam
785 2258 851 2292 Ve-

135 2302 300 2346 spasiano
329 2303 586 2347 imputatio-os:
627 2306 656 2339 si
683 2305 852 2340 Romanis

136 2349 340 2394 legionibus
368 2351 536 2385 resistere
574 2353 642 2397 ipsi
676 2365 746 2388 non
783 2365 850 2399 po-

136 2399 279 2440 tuerint,
307 2398 376 2433 hoc
405 2399 561 2434 dicturos
582 2412 621 2436 se
648 2413 741 2446 esse,
769 2403 851 2438 hel-

136 2445 209 2478 lum
239 2456 301 2489 pro
330 2447 548 2491 Vespasiano
588 2451 758 2485 adversus
787 2453 851 2485 Vi-

136 2493 275 2527 tellium
302 2500 433 2528 motum
461 2507 553 2530 esse.
585 2497 638 2533 Cf.
666 2499 707 2533 H.
734 2500 763 2533 V
790 2501 849 2535 26.

211 2541 295 2586 Gap.
329 2543 382 2578 15.
418 2545 599 2579 universos
625 2547 763 2592 adiqit:
789 2560 852 2582 sa-

137 2592 309 2624 cramenti
341 2602 469 2626 nomen
497 2593 555 2627 vel
590 2594 688 2628 notio
716 2606 760 2629 ex
787 2597 852 2630 ad-

137 2640 266 2673 iunctis
289 2640 525 2687 intelligitur3
558 2642 604 2677 cf.
633 2643 677 2677 ad
698 2644 738 2678 Η.
756 2643 770 2677 1
791 2645 848 2680 55.

209 2698 267 2721 ea*
290 2700 375 2733 =qens
402 2695 542 2735 partem
575 2691 713 2726 insulae
747 2693 849 2726 colit.-

138 2746 180 2768 ea
198 2747 277 2780 pars
292 2737 372 2780 fuit,
398 2749 489 2782 quae
510 2739 545 2772 in
563 2739 716 2775 frontem
734 2740 851 2776 Ocea-

138 2794 207 2826 no,
253 2796 272 2818 a
298 2785 422 2819 dextro
451 2786 563 2822 latere
590 2789 717 2823 Rheno
744 2800 851 2834 prae-

139 2832 343 2867 texebatur:
371 2845 447 2868 nam
476 2838 626 2880 proximi
655 2837 757 2872 fuere
770 2838 851 2872 Fri-

138 2880 199 2912 siis
237 2882 500 2918 transrhenanis
542 2890 577 2919 et
619 2887 657 2920 in
693 2891 852 2922 extrema

137 2928 275 2964 insulae
311 2936 420 2974 parte.
474 2932 708 2969 Nominantur
745 2937 852 2970 etiam

138 2974 186 3009 IV
213 2978 269 3020 73,
298 2978 342 3015 XI
368 2979 425 3025 18,
452 2991 472 3016 a
502 2982 644 3020 Velleio
670 2983 702 3020 11
730 2985 810 3022 105.

1219 1989 1273 2024 16.
1305 1990 1524 2036 Moqontiaci
1547 1988 1643 2033 GMa,

1392 2038 1447 2073 18.
1476 2039 1550 2084 inp.
1576 2037 1642 2073 Ma.

991 2165 1028 2193 ut
1064 2171 1173 2205 supra
1209 2159 1401 2195 rettulimus
1418 2172 1430 2195 .·
1474 2172 1507 2196 v.
1542 2163 1584 2197 H.
1612 2162 1645 2198 11

921 2208 979 2243 69.
1118 2209 1340 2243 Gaianarum
1383 2211 1643 2256 expeditionum

921 2256 1110 2291 ludibrium
1134 2268 1147 2290 .·
1186 2257 1301 2291 Germ.
1341 2258 1400 2293 37.
1452 2259 1538 2306 Agr.
1587 2261 1640 2295 13.

922 2305 1113 2338 Suetonius
1141 2305 1255 2352 Calig.
1282 2307 1439 2342 43-46.
1468 2307 1536 2342 Dio
1565 2307 1642 2342 Ltv

994 2403 1143 2436 duarum
1157 2403 1352 2438 cohortium
1367 2403 1529 2447 hiberna,
1553 2416 1642 2450 pro-

919 2451 1017 2484 oeirna
1042 2457 1225 2496 occupatu,
1238 2453 1426 2497 inrumpit:
1454 2453 1538 2497 quia
1555 2463 1642 2497 pro..

921 2499 1015 2532 xima
1041 2504 1142 2532 erant
1169 2499 1319 2533 hiberna
1346 2499 1431 2541 illa,
1468 2503 1643 2547 occupari

921 2551 1086 2590 poterant
1127 2552 1317 2592 antequam
1351 2547 1524 2582 auxilium
1564 2550 1641 2584 fer-

922 2599 1031 2628 retur.
1071 2595 1202 2640 lrrupit
1247 2601 1365 2631 autem
1399 2595 1534 2630 Brinno
1569 2608 1639 2632 non

923 2643 1037 2677 classe
1065 2646 1196 2689 (naves
1229 2650 1312 2679 ante
1344 2645 1493 2679 alteram
1520 2646 1640 2681 victo-

921 2693 1008 2725 riam
1035 2692 1279 2727 defectoribus
1308 2693 1478 2737 deerant3
1505 2704 1539 2729 v.
1560 2706 1638 2740 cap.

926 2741 986 2786 17)
1015 2741 1078 2775 sed
1103 2746 1197 2777 terra
1233 2747 1267 2776 et
1301 2754 1346 2776 ex
1371 2742 1516 2777 sedibus
1544 2742 1640 2778 Can-

922 2790 1117 2824 ninefatum
1133 2818 1142 2834 ‚
1170 2802 1288 2836 neque
1316 2793 1461 2825 navium
1486 2791 1562 2826 ulla
1587 2793 1641 2827 si-

923 2838 1107 2884 gnificatio
1134 2840 1270 2874 subest.
1299 2840 1423 2885 ltaque
1442 2850 1511 2874 vox
1523 2839 1640 2875 Ocea-

921 2897 990 2928 no,
1017 2898 1108 2933 quae
1139 2888 1250 2934 vulgo
1278 2893 1361 2922 ante
1387 2889 1551 2935 irrumpit
1574 2888 1641 2924 ad-

922 2934 1035 2978 ditur,
1083 2942 1144 2970 aut
1188 2937 1471 2984 διιιογραφίας
1519 2947 1641 2972 errore

922 2989 1004 3018 nata
1039 2995 1083 3019 ex
1122 2991 1318 3032 occupatu,
1358 2990 1419 3020 aut
1452 2995 1639 3030 perperam
