1768 3216
139 215 228 255 αθ.
255 218 315 255 69.
654 215 789 252 LIBER
813 214 841 253 Ι.
894 214 984 252 Car.
1012 214 1172 251 37—39.
1609 213 1658 246 45

142 336 309 380 a'ctum.'
366 335 547 389 Aperire
579 334 735 378 deinde
767 335 1136 378 armamentarium
1167 333 1301 375 iussit.
1362 332 1493 386 Rapta
1521 331 1658 373 statim

144 425 284 466 arma,
328 412 422 454 sine
453 423 572 453 more
613 415 653 452 et
684 411 834 453 ordine
866 411 1063 463 militiae,
1095 413 1139 451 ut
1167 407 1462 464 praetorianus
1494 410 1563 448 aut
1592 406 1660 447 le-

144 488 363 544 gionarius
374 486 618 542 insignibus
640 487 727 528 suis
751 486 1103 541 distingueretur:
1136 485 1365 526 miscentur
1387 482 1659 525 auxiliaribus

144 563 280 620 galeis
310 563 540 616 scutisque,
572 562 685 604 nullo
718 562 980 604 tribunorum
1013 561 1361 602 centurionumve
1393 558 1657 610 adhortante,

145 637 227 681 sibi
256 638 443 692 'quisque
485 637 570 679 dux
613 641 654 678 et
693 637 936 693 instigator3
982 641 1022 677 et
1066 635 1336 690 praecipuum
1382 634 1693 689 pessimorum⁵

145 713 476 766 incitamentum,
510 712 621 767 quod
653 712 754 754 boni
787 712 1046 754 maerebant.

75 790 135 830 :39
274 788 360 830 lam
401 780 627 830 exterritus
671 788 765 830 Piso
807 788 975 830 fremitu
1015 787 1328 829 crebrescentis
1369 786 1590 828 seditionis
1623 789 1664 826 ct

146 863 322 906 vocibus
373 863 416 905 in
464 864 612 906 urbem
660 875 794 918 usque
844 863 1167 915 resonantibus,
1221 873 1442 917 egressum
1495 861 1663 902 interim

148 938 322 982 Galbam
352 942 395 980 et
425 938 518 980 foro
552 938 955 993 adpropinquantem
987 937 1212 980 adsecutus
1245 941 1335 978 erat
1346 950 1358 988 3
1398 937 1478 978 iam
1510 935 1664 977 Marius

149 1014 297 1058 Celsus
328 1013 439 1056 haud
469 1014 580 1056 laeta
612 1013 843 1067 rettulerat,
877 1025 971 1055 cum
1004 1013 1075 1055 alii
1106 1013 1148 1054 in
1178 1012 1378 1055 Palatium
1409 1012 1566 1064 redire,
1595 1010 1665 1053 alii
1682 1024 1719 1054 io

150 1089 396 1144 Capitolium
425 1094 588 1144 petere,
619 1089 810 1144 plerique
840 1089 989 1132 Rostra
1022 1088 1268 1144 occupanda
1298 1092 1538 1140 censerent,
1569 1087 1667 1141 plu-

151 1178 222 1208 res
254 1170 412 1208 tantum
443 1165 664 1207 sententiis
696 1166 874 1208 aliorum
907 1164 1264 1218 contradicerent,
1295 1168 1471 1228 utque
1455 1163 1595 1205 evenit
1626 1163 1667 1204 in

152 1241 343 1311 consiliis
374 1240 638 1294 infelicibus,
680 1241 834 1295 optima
871 1241 1118 1283 viderentur
1158 1252 1333 1295 quorum
1363 1244 1526 1294 tempus
1558 1238 1669 1281 effu-
1701 1234 1716 1303 ’χι

151 1321 288 1372 gerat.
348 1316 551 1372 Agitasse
581 1317 693 1359 Laco
726 1306 1065 1371 ἰςἯειΐἨέῐῧῖ
1074 1316 1128 1358 de
1158 1315 1399 1358 occidendo
1430 1315 1521 1356 Tito
1543 1314 1667 1356 Vinio
1713 1307 1739 1361 ¹,

153 1392 328 1446 dicitur,
370 1392 462 1435 sive
508 1397 553 1434 ut
596 1404 733 1447 poena
775 1392 865 1434 eius
907 1392 1071 1434 animos
1114 1391 1287 1433 militum
1319 1390 1549 1443 mulceret,
1593 1399 1722 1432 seuts

153 1467 370 1510 conscium
402 1466 580 1510 Othonis
612 1467 828 1521 credebat,
861 1467 912 1510 ad
944 1471 1201 1522 postremum
1231 1467 1299 1509 vel
1338 1466 1452 1509 odio.
1514 1465 1670 1507 Haesi-

289 1605 324 1641 6.
357 1617 445 1642 mer.
473 1604 540 1640 Μ3.
643 1605 678 1642 9.
720 1617 821 1652 appr.
853 1606 912 1641 Or.
993 1607 1049 1641 11.

153 1660 191 1690 ut
217 1666 306 1700 quae
334 1654 399 1690 Μ3.
479 1656 536 1690 13.
564 1666 710 1700 quorum
742 1654 794 1690 G:
821 1654 876 1689 Μ3
901 1666 1048 1690 morum.

156 1709 287 1739 scenam
313 1702 418 1739 Gma,
447 1705 606 1738 correxit
631 1703 838 1738 Rhenanus.

1078 1611 1214 1653 peteret
1244 1603 1318 1640 Ma:
1347 1604 1376 1638 G
1398 1609 1530 1650 petere.
1613 1603 1670 1636 12.

1138 1656 1193 1690 15.
1218 1665 1340 1701 paena
1367 1651 1434 1687 Μ3.
1522 1650 1576 1685 16.
1602 1662 1671 1697 po-

158 1833 274 1868 cubiis
300 1832 511 1868 destinatus.
560 1833 782 1868 Praetoriani
810 1832 878 1868 lia-

949 1832 1101 1868 dicando
1142 1832 1306 1879 genitivo
1350 1840 1422 1864 non
1468 1834 1550 1875 apte
1602 1830 1671 1864 huc

157 1888 230 1918 stas
256 1882 465 1926 habebant,
505 1882 568 1917 sed
599 1884 706 1917 armis
742 1882 786 1917 ad
820 1887 878 1916 te-

950 1883 1077 1917 citavit
1104 1881 1275 1917 Orellius.

159 1931 316 1979 gendum
352 1941 482 1976 corpus
513 1931 725 1977 plerumque
751 1932 878 1965 muniti

159 1991 231 2015 non
260 1985 372 2016 erant.
400 1981 476 2014 Hoc
503 1982 651 2026 respicit
678 1979 786 2023 Otho,
819 1981 878 2026 qui

159 2029 355 2076 alloquitur
395 2029 579 2074 legionem
616 2030 804 2064 classicam
845 2034 880 2063 et

160 2080 407 2124 praetorianos
435 2090 480 2113 ex
506 2079 781 2113 armamentario
802 2083 880 2113 sta-

159 2129 222 2162 tim
249 2127 374 2174 galeas
400 2133 574 2173 scutaque
598 2133 776 2172 rapturos

233 2194 308 2239 quis
330 2193 418 2228 milii
429 2194 618 2240 plurimum
635 2195 779 2240 imputet
794 2195 882 2240 (wer

159 2243 229 2278 mir
265 2254 324 2276 am
362 2244 507 2277 meisten
541 2244 580 2276 in
610 2243 803 2288 Rechmmy
839 2254 882 2276 zu

161 2291 310 2336 brinqen
335 2291 438 2336 han.-
466 2291 501 2326 h.
523 2303 554 2326 e.
585 2293 644 2337 qui
673 2302 783 2336 opera
804 2302 881 2333 sua,

163 2340 318 2382 studiis,
362 2339 487 2374 labore
514 2350 578 2384 pro
606 2351 663 2374 me
690 2340 882 2385 plurimum

164 2388 392 2423 contenderit
441 2400 483 2423 ac
523 2388 672 2434 proinde
711 2399 883 2423 summam

164 2438 316 2484 gratiam
351 2442 388 2471 et
423 2439 579 2472 maxima
612 2438 770 2482 praemia
806 2439 883 2471 iure

164 2497 185 2521 a
212 2497 269 2521 me
295 2486 546 2531 postulaverit.
589 2486 768 2532 Imputare
797 2497 884 2531 per-

163 2534 248 2570 inde
279 2537 436 2581 positum
475 2547 506 2571 c.
546 2536 593 2571 55
631 2541 666 2570 et
693 2537 736 2571 71
776 2541 811 2570 et
838 2535 880 2569 Η.

165 2583 198 2619 11
223 2584 294 2627 60,
323 2584 373 2619 ΙΙΙ
390 2583 450 2620 86.

262 2650 381 2683 nullus
416 2651 636 2684 cunctationi
677 2650 775 2684 locus
809 2655 883 2684 est:

165 2699 202 2733 in
215 2697 270 2733 Ma
286 2700 522 2732 cunctationis
541 2699 760 2733 assimilandi
777 2699 885 2733 aber-

165 2748 306 2781 ratione
353 2748 526 2791 scriptum
577 2752 643 2782 est.
697 2748 884 2783 Genitivus

168 2805 247 2830 cum
273 2797 344 2830 loci
369 2797 514 2830 nomine
542 2796 686 2830 iunctus
718 2802 818 2831 recte
845 2808 884 2830 se

168 2843 289 2888 habet,
317 2845 377 2879 ubi
405 2845 503 2879 locus
523 2850 578 2879 est
601 2855 664 2889 pro
687 2847 885 2887 occasione,

170 2897 208 2925 ut
233 2893 268 2926 in
287 2893 378 2927 Livii
399 2893 518 2928 verbis
549 2893 656 2929 11146
683 2899 720 2928 et
741 2895 788 2929 50
814 2894 887 2941 (lo-

170 2952 247 2974 cum
272 2942 454 2978 seditionis
490 2954 672 2988 quaerere.
724 2942 777 2977 Ab
802 2944 888 2988 ipsis

170 2989 290 3026 dacum
314 2990 428 3027 locum
451 2992 662 3041 seditionis),
691 3002 783 3038 quae
803 2993 887 3027 vin-

1019 1954 1057 1982 ιιι
1080 1949 1335 1994 praetorianus
1360 1967 1406 1973 -
1430 1946 1668 1991 distinguere-

951 2003 1026 2031 tur:
1052 1996 1209 2043 negandi
1239 1998 1294 2031 vis
1321 2006 1414 2041 quae
1441 1996 1535 2029 inest
1563 2005 1672 2039 prae-

949 2047 1123 2091 positioni
1158 2046 1233 2080 sine
1281 2046 1439 2090 pertinet
1481 2045 1589 2078 etiarn
1631 2043 1675 2077 ad

950 2094 1063 2130 verba
1087 2100 1125 2129 ut
1151 2117 1195 2121 —
1224 2095 1510 2139 distingueretur.
1554 2092 1675 2127 Theo-

951 2144 1051 2179 disce
1080 2149 1270 2178 convertas
1297 2144 1398 2177 keine
1418 2142 1542 2185 Zucht,
1571 2143 1673 2175 keine

953 2193 1286 2238 Dienst-Ordnuny,
1314 2203 1351 2226 so
1371 2192 1451 2225 dass
1465 2203 1547 2224 man
1560 2191 1675 2224 Prae-

952 2243 1114 2276 toriancr
1140 2242 1225 2275 oder
1244 2241 1472 2286 Leyionarcn
1497 2239 1592 2273 nach
1618 2240 1676 2273 ili-

952 2302 1018 2325 ren
1052 2291 1270 2324 besonderen
1305 2289 1439 2335 Waffen
1476 2288 1570 2322 katte
1605 2300 1677 2322 un-

954 2339 1175 2374 terscheiden
1215 2339 1367 2372 konnen.
1433 2337 1581 2372 Scilicet
1620 2336 1677 2371 le-

954 2389 1111 2435 gionarii
1139 2398 1210 2422 non
1240 2398 1304 2421 sua
1327 2385 1405 2432 pila
1433 2397 1579 2430 omnes,
1609 2396 1678 2420 ne..

954 2449 1025 2483 que
1052 2448 1174 2471 rursus
1202 2436 1422 2482 praetoriani
1447 2446 1529 2469 suas
1558 2435 1677 2469 hastas

954 2497 1091 2530 omnes,
1117 2486 1181 2520 sed
1202 2485 1396 2532 legionarii
1421 2485 1552 2527 hastas,
1569 2495 1678 2529 prae-

955 2535 1084 2570 toriani
1112 2535 1185 2580 pila
1202 2534 1402 2579 rapiebant.
1439 2533 1537 2567 Haec
1563 2535 1599 2567 in
1618 2544 1678 2567 ar-

954 2586 1021 2618 mis
1046 2584 1090 2619 ad
1120 2585 1291 2628 impetum
1312 2582 1515 2617 faciendum
1534 2588 1679 2626 pertur-

954 2634 1066 2677 batio,
1093 2633 1163 2667 alia
1193 2634 1228 2666 in
1257 2633 1364 2666 armis
1390 2632 1432 2665 ad
1461 2641 1590 2675 corpus
1618 2635 1679 2663 tu-

955 2682 1107 2716 endum:
1146 2683 1279 2727 quippe
1309 2680 1501 2726 legionarii
1530 2683 1680 2723 praeto..

955 2733 1119 2777 rianique
1147 2730 1270 2775 galeas
1310 2734 1485 2772 scutaque
1520 2727 1678 2761 auxilia..

956 2780 1054 2814 ribus
1093 2780 1207 2822 copiis
1245 2780 1279 2811 in
1310 2777 1583 2810 armamentario
1618 2787 1679 2810 re-

957 2833 1098 2863 servata
1124 2828 1255 2872 passim
1283 2824 1515 2869 arripiebant.
1562 2825 1680 2858 Auxi-

958 2877 1106 2911 liaribus
1133 2876 1275 2909 dativus
1303 2879 1377 2916 est,
1405 2871 1518 2919 9aleis
1544 2875 1678 2908 scutis-

959 2938 1022 2972 que
1049 2925 1241 2958 ablativus.

1032 2987 1117 3034 cap.
1150 2988 1210 3024 39.
1250 2994 1353 3034 utque
1385 2990 1500 3024 evenit
1525 2989 1565 3024 in
1590 2998 1679 3024 con-
