<?xml version="1.0" encoding="UTF-8"?>
<!DOCTYPE html PUBLIC "-//W3C//DTD XHTML 1.0 Transitional//EN"
    "http://www.w3.org/TR/xhtml1/DTD/xhtml1-transitional.dtd">
<html xmlns="http://www.w3.org/1999/xhtml" xml:lang="en" lang="en">
 <head>
  <title>
</title>
<meta http-equiv="Content-Type" content="text/html;charset=utf-8" />
  <meta name='ocr-system' content='tesseract 3.04.00' />
  <meta name='ocr-capabilities' content='ocr_page ocr_carea ocr_par ocr_line ocrx_word'/>
</head>
<body>
  <div class='ocr_page' id='page_1' title='image "./operaadcodicesan03taciuoft/operaadcodicesan03taciuoft_0356.png"; bbox 0 0 1768 3216; ppageno 0'>
   <div class='ocr_carea' id='block_1_1' title="bbox 212 239 1090 301">
    <p class='ocr_par' dir='ltr' id='par_1_1' title="bbox 212 239 1090 301">
     <span class='ocr_line' id='line_1_1' title="bbox 212 239 1090 301; baseline -0.001 -24"><span class='ocrx_word' id='word_1_1' title='bbox 212 243 284 279; x_wconf 73' lang='lat'><strong>84⁶</strong></span> <span class='ocrx_word' id='word_1_2' title='bbox 306 294 312 301; x_wconf 93' lang='lat'>.</span> <span class='ocrx_word' id='word_1_3' title='bbox 786 239 1090 277; x_wconf 73' lang='lat' dir='ltr'><strong>nlsTomARvm</strong></span> 
     </span>
    </p>
   </div>
   <div class='ocr_carea' id='block_1_2' title="bbox 0 308 235 357">
    <p class='ocr_par' dir='ltr' id='par_1_2' title="bbox 0 308 235 357">
     <span class='ocr_line' id='line_1_2' title="bbox 0 308 235 357; baseline 0.004 -8"><span class='ocrx_word' id='word_1_4' title='bbox 0 311 39 349; x_wconf 54' lang='lat' dir='ltr'><strong>&#39;²:ae</strong></span> <span class='ocrx_word' id='word_1_5' title='bbox 53 330 87 357; x_wconf 67' lang='grc' dir='ltr'><strong>;,ε</strong></span> <span class='ocrx_word' id='word_1_6' title='bbox 102 326 122 351; x_wconf 63' lang='lat'><em>2</em></span> <span class='ocrx_word' id='word_1_7' title='bbox 142 327 189 350; x_wconf 55' lang='lat' dir='ltr'><strong>en</strong></span> <span class='ocrx_word' id='word_1_8' title='bbox 214 308 235 336; x_wconf 59' lang='grc' dir='ltr'><em>Γ</em></span> 
     </span>
    </p>
   </div>
   <div class='ocr_carea' id='block_1_3' title="bbox 22 359 1768 1844">
    <p class='ocr_par' dir='ltr' id='par_1_3' title="bbox 153 359 1703 1153">
     <span class='ocr_line' id='line_1_3' title="bbox 212 359 1699 425; baseline -0.002 -20"><span class='ocrx_word' id='word_1_9' title='bbox 212 367 253 405; x_wconf 89' lang='lat' dir='ltr'><strong>et</strong></span> <span class='ocrx_word' id='word_1_10' title='bbox 278 362 388 404; x_wconf 85' lang='lat' dir='ltr'><strong>velut</strong></span> <span class='ocrx_word' id='word_1_11' title='bbox 415 362 566 415; x_wconf 86' lang='lat' dir='ltr'><strong>longae</strong></span> <span class='ocrx_word' id='word_1_12' title='bbox 597 360 799 425; x_wconf 56' lang='lat' dir='ltr'><strong>exefflige</strong></span> <span class='ocrx_word' id='word_1_13' title='bbox 807 373 819 411; x_wconf 82' lang='lat'><em>3</em></span> <span class='ocrx_word' id='word_1_14' title='bbox 851 360 935 402; x_wconf 87' lang='lat' dir='ltr'><strong>dux</strong></span> <span class='ocrx_word' id='word_1_15' title='bbox 964 360 1159 402; x_wconf 87' lang='lat' dir='ltr'><strong>Claudius</strong></span> <span class='ocrx_word' id='word_1_16' title='bbox 1190 359 1366 402; x_wconf 83' lang='lat' dir='ltr'><strong>Sanctus</strong></span> <span class='ocrx_word' id='word_1_17' title='bbox 1383 359 1540 405; x_wconf 75' lang='lat' dir='ltr'><strong>effosso</strong></span> <span class='ocrx_word' id='word_1_18' title='bbox 1561 359 1699 413; x_wconf 88' lang='lat' dir='ltr'><strong>oculo,</strong></span> 
     </span>
     <span class='ocr_line' id='line_1_4' title="bbox 211 434 1701 490; baseline 0.001 -13"><span class='ocrx_word' id='word_1_19' title='bbox 211 437 323 478; x_wconf 89' lang='lat' dir='ltr'><strong>dirus</strong></span> <span class='ocrx_word' id='word_1_20' title='bbox 355 448 451 486; x_wconf 90' lang='lat' dir='ltr'><strong>ore,</strong></span> <span class='ocrx_word' id='word_1_21' title='bbox 483 434 653 489; x_wconf 88' lang='lat' dir='ltr'><strong>ingenio</strong></span> <span class='ocrx_word' id='word_1_22' title='bbox 686 434 878 476; x_wconf 86' lang='lat' dir='ltr'><strong>debilior.</strong></span> <span class='ocrx_word' id='word_1_23' title='bbox 939 434 1180 488; x_wconf 86' lang='lat' dir='ltr'><strong>Duplicatur</strong></span> <span class='ocrx_word' id='word_1_24' title='bbox 1209 434 1437 490; x_wconf 79' lang='lat' dir='ltr'><strong>flagitium,</strong></span> <span class='ocrx_word' id='word_1_25' title='bbox 1483 438 1701 489; x_wconf 61' lang='lat' dir='ltr'><strong>postquam</strong></span> 
     </span>
     <span class='ocr_line' id='line_1_5' title="bbox 210 496 1703 565; baseline 0.001 -14"><span class='ocrx_word' id='word_1_26' title='bbox 210 510 384 551; x_wconf 88' lang='lat' dir='ltr'><strong>desertis</strong></span> <span class='ocrx_word' id='word_1_27' title='bbox 415 509 703 551; x_wconf 87' lang='lat' dir='ltr'><strong>Bonnensibus</strong></span> <span class='ocrx_word' id='word_1_28' title='bbox 751 509 900 551; x_wconf 86' lang='lat' dir='ltr'><strong>castris</strong></span> <span class='ocrx_word' id='word_1_29' title='bbox 940 510 1071 552; x_wconf 85' lang='lat' dir='ltr'><strong>altera</strong></span> <span class='ocrx_word' id='word_1_30' title='bbox 1115 522 1162 552; x_wconf 90' lang='lat' dir='ltr'><strong>se</strong></span> <span class='ocrx_word' id='word_1_31' title='bbox 1200 496 1314 565; x_wconf 79' lang='lat' dir='ltr'><strong>legio</strong></span> <span class='ocrx_word' id='word_1_32' title='bbox 1356 509 1592 552; x_wconf 63' lang='lat' dir='ltr'><strong>miscuerat.</strong></span> <span class='ocrx_word' id='word_1_33' title='bbox 1651 509 1703 552; x_wconf 73' lang='lat' dir='ltr'><strong>Et</strong></span> 
     </span>
     <span class='ocr_line' id='line_1_6' title="bbox 209 583 1702 640; baseline 0.002 -16"><span class='ocrx_word' id='word_1_34' title='bbox 209 583 371 640; x_wconf 86' lang='lat' dir='ltr'><strong>vulgata</strong></span> <span class='ocrx_word' id='word_1_35' title='bbox 402 588 611 638; x_wconf 86' lang='lat' dir='ltr'><strong>captarum</strong></span> <span class='ocrx_word' id='word_1_36' title='bbox 642 583 854 639; x_wconf 88' lang='lat' dir='ltr'><strong>legionum</strong></span> <span class='ocrx_word' id='word_1_37' title='bbox 885 585 993 627; x_wconf 82' lang='lat' dir='ltr'><strong>fama</strong></span> <span class='ocrx_word' id='word_1_38' title='bbox 1027 585 1189 638; x_wconf 89' lang='lat' dir='ltr'><strong>cuncti,</strong></span> <span class='ocrx_word' id='word_1_39' title='bbox 1232 585 1302 639; x_wconf 86' lang='lat' dir='ltr'><strong>qui</strong></span> <span class='ocrx_word' id='word_1_40' title='bbox 1329 584 1452 639; x_wconf 90' lang='lat' dir='ltr'><strong>paulo</strong></span> <span class='ocrx_word' id='word_1_41' title='bbox 1484 588 1580 627; x_wconf 69' lang='lat' dir='ltr'><strong>ante</strong></span> <span class='ocrx_word' id='word_1_42' title='bbox 1611 584 1702 627; x_wconf 81' lang='lat' dir='ltr'><strong>Ro·-</strong></span> 
     </span>
     <span class='ocr_line' id='line_1_7' title="bbox 175 659 1700 715; baseline 0.002 -16"><span class='ocrx_word' id='word_1_43' title='bbox 175 669 417 700; x_wconf 80' lang='lat' dir='ltr'><strong>⁵manorum</strong></span> <span class='ocrx_word' id='word_1_44' title='bbox 450 670 602 701; x_wconf 87' lang='lat' dir='ltr'><strong>nomen</strong></span> <span class='ocrx_word' id='word_1_45' title='bbox 633 660 887 713; x_wconf 82' lang='lat' dir='ltr'><strong>horrebant,</strong></span> <span class='ocrx_word' id='word_1_46' title='bbox 928 664 1225 714; x_wconf 82' lang='lat' dir='ltr'><strong>procurrentes</strong></span> <span class='ocrx_word' id='word_1_47' title='bbox 1267 673 1321 702; x_wconf 90' lang='lat' dir='ltr'><strong>ex</strong></span> <span class='ocrx_word' id='word_1_48' title='bbox 1353 659 1467 715; x_wconf 79' lang='lat' dir='ltr'><strong>agris</strong></span> <span class='ocrx_word' id='word_1_49' title='bbox 1497 659 1700 715; x_wconf 73' lang='lat' dir='ltr'><strong>tectisque</strong></span> 
     </span>
     <span class='ocr_line' id='line_1_8' title="bbox 185 733 1700 789; baseline 0.001 -14"><span class='ocrx_word' id='word_1_50' title='bbox 185 738 246 775; x_wconf 70' lang='lat' dir='ltr'><strong>,et</strong></span> <span class='ocrx_word' id='word_1_51' title='bbox 274 733 455 787; x_wconf 86' lang='lat' dir='ltr'><strong>undique</strong></span> <span class='ocrx_word' id='word_1_52' title='bbox 486 733 607 775; x_wconf 84' lang='lat' dir='ltr'><strong>effusi</strong></span> <span class='ocrx_word' id='word_1_53' title='bbox 636 734 804 777; x_wconf 90' lang='lat' dir='ltr'><strong>insolito</strong></span> <span class='ocrx_word' id='word_1_54' title='bbox 836 735 1075 789; x_wconf 88' lang='lat' dir='ltr'><strong>spectaculo</strong></span> <span class='ocrx_word' id='word_1_55' title='bbox 1104 735 1275 777; x_wconf 90' lang='lat' dir='ltr'><strong>nimium</strong></span> <span class='ocrx_word' id='word_1_56' title='bbox 1306 735 1561 777; x_wconf 79' lang='lat' dir='ltr'><strong>fruebantur.</strong></span> <span class='ocrx_word' id='word_1_57' title='bbox 1607 733 1700 777; x_wconf 79' lang='lat' dir='ltr'><strong>Non</strong></span> 
     </span>
     <span class='ocr_line' id='line_1_9' title="bbox 205 808 1701 867; baseline 0.002 -18"><span class='ocrx_word' id='word_1_58' title='bbox 205 808 294 849; x_wconf 90' lang='lat' dir='ltr'><strong>tulit</strong></span> <span class='ocrx_word' id='word_1_59' title='bbox 324 809 387 851; x_wconf 83' lang='lat' dir='ltr'><strong>ala</strong></span> <span class='ocrx_word' id='word_1_60' title='bbox 418 809 628 851; x_wconf 88' lang='lat' dir='ltr'><strong>Picentina</strong></span> <span class='ocrx_word' id='word_1_61' title='bbox 660 810 856 865; x_wconf 86' lang='lat' dir='ltr'><strong>gaudium</strong></span> <span class='ocrx_word' id='word_1_62' title='bbox 888 810 1122 852; x_wconf 85' lang='lat' dir='ltr'><strong>insultantis</strong></span> <span class='ocrx_word' id='word_1_63' title='bbox 1142 811 1271 867; x_wconf 85' lang='lat' dir='ltr'><strong>vulgi,</strong></span> <span class='ocrx_word' id='word_1_64' title='bbox 1303 811 1539 866; x_wconf 76' lang='lat' dir='ltr'><strong>spretisque</strong></span> <span class='ocrx_word' id='word_1_65' title='bbox 1558 810 1701 854; x_wconf 83' lang='lat' dir='ltr'><strong>Sancti</strong></span> 
     </span>
     <span class='ocr_line' id='line_1_10' title="bbox 202 884 1701 941; baseline 0.002 -16"><span class='ocrx_word' id='word_1_66' title='bbox 202 884 418 939; x_wconf 83' lang='lat' dir='ltr'><strong>promissis</strong></span> <span class='ocrx_word' id='word_1_67' title='bbox 451 888 520 926; x_wconf 87' lang='lat' dir='ltr'><strong>aut</strong></span> <span class='ocrx_word' id='word_1_68' title='bbox 547 885 670 927; x_wconf 90' lang='lat' dir='ltr'><strong>minis</strong></span> <span class='ocrx_word' id='word_1_69' title='bbox 692 885 1002 941; x_wconf 83' lang='lat' dir='ltr'><strong>Mogontiacum</strong></span> <span class='ocrx_word' id='word_1_70' title='bbox 1034 887 1207 938; x_wconf 84' lang='lat' dir='ltr'><strong>abeunt3</strong></span> <span class='ocrx_word' id='word_1_71' title='bbox 1247 899 1299 929; x_wconf 85' lang='lat' dir='ltr'><strong>ac</strong></span> <span class='ocrx_word' id='word_1_72' title='bbox 1335 886 1443 928; x_wconf 85' lang='lat' dir='ltr'><strong>forte</strong></span> <span class='ocrx_word' id='word_1_73' title='bbox 1473 885 1602 928; x_wconf 86' lang='lat' dir='ltr'><strong>obvio</strong></span> <span class='ocrx_word' id='word_1_74' title='bbox 1630 886 1701 928; x_wconf 73' lang='lat' dir='ltr'><strong>in-</strong></span> 
     </span>
     <span class='ocr_line' id='line_1_11' title="bbox 202 959 1700 1021; baseline 0.001 -21"><span class='ocrx_word' id='word_1_75' title='bbox 202 959 428 1001; x_wconf 86' lang='lat' dir='ltr'><strong>terfectore</strong></span> <span class='ocrx_word' id='word_1_76' title='bbox 460 959 644 1002; x_wconf 83' lang='lat' dir='ltr'><strong>Voculae</strong></span> <span class='ocrx_word' id='word_1_77' title='bbox 672 961 894 1016; x_wconf 83' lang='lat' dir='ltr'><strong>Longino,</strong></span> <span class='ocrx_word' id='word_1_78' title='bbox 944 962 1148 1006; x_wconf 90' lang='lat' dir='ltr'><strong>coniectis</strong></span> <span class='ocrx_word' id='word_1_79' title='bbox 1183 962 1225 1003; x_wconf 85' lang='lat' dir='ltr'><strong>in</strong></span> <span class='ocrx_word' id='word_1_80' title='bbox 1267 973 1359 1004; x_wconf 89' lang='lat' dir='ltr'><strong>eum</strong></span> <span class='ocrx_word' id='word_1_81' title='bbox 1401 960 1496 1003; x_wconf 85' lang='lat' dir='ltr'><strong>telis</strong></span> <span class='ocrx_word' id='word_1_82' title='bbox 1535 960 1700 1021; x_wconf 50' lang='lat' dir='ltr'><strong>iulii-{¹¹¹¹</strong></span> 
     </span>
     <span class='ocr_line' id='line_1_12' title="bbox 153 1033 1698 1093; baseline 0.005 -22"><span class='ocrx_word' id='word_1_83' title='bbox 153 1042 192 1072; x_wconf 78' lang='grc' dir='ltr'><strong>ιο</strong></span> <span class='ocrx_word' id='word_1_84' title='bbox 204 1033 464 1077; x_wconf 84' lang='lat' dir='ltr'><strong>exolvendae</strong></span> <span class='ocrx_word' id='word_1_85' title='bbox 495 1034 537 1076; x_wconf 91' lang='lat' dir='ltr'><strong>in</strong></span> <span class='ocrx_word' id='word_1_86' title='bbox 566 1038 779 1091; x_wconf 88' lang='lat' dir='ltr'><strong>posterum</strong></span> <span class='ocrx_word' id='word_1_87' title='bbox 814 1035 958 1090; x_wconf 86' lang='lat' dir='ltr'><strong>culpae</strong></span> <span class='ocrx_word' id='word_1_88' title='bbox 990 1036 1146 1078; x_wconf 79' lang='lat' dir='ltr'><strong>secere.</strong></span> <span class='ocrx_word' id='word_1_89' title='bbox 1192 1037 1402 1093; x_wconf 87' lang='lat' dir='ltr'><strong>Legiones</strong></span> <span class='ocrx_word' id='word_1_90' title='bbox 1422 1035 1526 1080; x_wconf 84' lang='lat' dir='ltr'><strong>nibil</strong></span> <span class='ocrx_word' id='word_1_91' title='bbox 1545 1039 1698 1079; x_wconf 81' lang='lat' dir='ltr'><strong>mutato</strong></span> 
     </span>
     <span class='ocr_line' id='line_1_13' title="bbox 202 1097 1233 1153; baseline 0.004 -4"><span class='ocrx_word' id='word_1_92' title='bbox 202 1100 359 1150; x_wconf 83' lang='lat' dir='ltr'><strong>itinere</strong></span> <span class='ocrx_word' id='word_1_93' title='bbox 380 1097 475 1151; x_wconf 83' lang='lat' dir='ltr'><strong>ante</strong></span> <span class='ocrx_word' id='word_1_94' title='bbox 505 1110 672 1152; x_wconf 84' lang='lat' dir='ltr'><strong>moenia</strong></span> <span class='ocrx_word' id='word_1_95' title='bbox 702 1111 968 1153; x_wconf 88' lang='lat' dir='ltr'><strong>Trevirorum</strong></span> <span class='ocrx_word' id='word_1_96' title='bbox 1000 1111 1233 1153; x_wconf 89' lang='lat' dir='ltr'><strong>considunt.</strong></span> 
     </span>
    </p>

    <p class='ocr_par' dir='ltr' id='par_1_4' title="bbox 198 1182 1768 1391">
     <span class='ocr_line' id='line_1_14' title="bbox 337 1182 1768 1243; baseline 0.003 -19"><span class='ocrx_word' id='word_1_97' title='bbox 337 1182 479 1226; x_wconf 90' lang='lat' dir='ltr'><strong>Civilis</strong></span> <span class='ocrx_word' id='word_1_98' title='bbox 511 1188 551 1225; x_wconf 90' lang='lat' dir='ltr'><strong>et</strong></span> <span class='ocrx_word' id='word_1_99' title='bbox 569 1184 797 1238; x_wconf 88' lang='lat' dir='ltr'><strong>Classicus,</strong></span> <span class='ocrx_word' id='word_1_100' title='bbox 831 1187 957 1229; x_wconf 86' lang='lat' dir='ltr'><strong>rebus</strong></span> <span class='ocrx_word' id='word_1_101' title='bbox 988 1185 1184 1229; x_wconf 89' lang='lat' dir='ltr'><strong>secundis</strong></span> <span class='ocrx_word' id='word_1_102' title='bbox 1215 1185 1379 1239; x_wconf 81' lang='lat' dir='ltr'><strong>sublati,</strong></span> <span class='ocrx_word' id='word_1_103' title='bbox 1410 1197 1462 1228; x_wconf 88' lang='lat' dir='ltr'><strong>an</strong></span> <span class='ocrx_word' id='word_1_104' title='bbox 1494 1185 1698 1228; x_wconf 84' lang='lat' dir='ltr'><strong>coloniam</strong></span> <span class='ocrx_word' id='word_1_105' title='bbox 1710 1203 1768 1243; x_wconf 75' lang='lat'><strong>63</strong></span> 
     </span>
     <span class='ocr_line' id='line_1_15' title="bbox 199 1259 1699 1316; baseline 0.001 -16"><span class='ocrx_word' id='word_1_106' title='bbox 199 1259 548 1313; x_wconf 72' lang='lat' dir='ltr'><strong>Agrippinensem</strong></span> <span class='ocrx_word' id='word_1_107' title='bbox 582 1260 857 1315; x_wconf 84' lang='lat' dir='ltr'><strong>diripiendam</strong></span> <span class='ocrx_word' id='word_1_108' title='bbox 889 1262 1142 1303; x_wconf 82' lang='lat' dir='ltr'><strong>exercitibus</strong></span> <span class='ocrx_word' id='word_1_109' title='bbox 1171 1262 1257 1304; x_wconf 90' lang='lat' dir='ltr'><strong>suis</strong></span> <span class='ocrx_word' id='word_1_110' title='bbox 1297 1261 1586 1316; x_wconf 76' lang='lat' dir='ltr'><strong>permitterent</strong></span> <span class='ocrx_word' id='word_1_111' title='bbox 1617 1260 1699 1302; x_wconf 80' lang='lat' dir='ltr'><strong>du-</strong></span> 
     </span>
     <span class='ocr_line' id='line_1_16' title="bbox 198 1334 1695 1391; baseline 0.002 -16"><span class='ocrx_word' id='word_1_112' title='bbox 198 1334 397 1376; x_wconf 85' lang='lat' dir='ltr'><strong>bitavere.</strong></span> <span class='ocrx_word' id='word_1_113' title='bbox 458 1335 639 1377; x_wconf 84' lang='lat' dir='ltr'><strong>Saevitia</strong></span> <span class='ocrx_word' id='word_1_114' title='bbox 675 1336 834 1391; x_wconf 85' lang='lat' dir='ltr'><strong>ingenii</strong></span> <span class='ocrx_word' id='word_1_115' title='bbox 883 1341 923 1378; x_wconf 88' lang='lat' dir='ltr'><strong>et</strong></span> <span class='ocrx_word' id='word_1_116' title='bbox 952 1337 1145 1391; x_wconf 84' lang='lat' dir='ltr'><strong>cupidine</strong></span> <span class='ocrx_word' id='word_1_117' title='bbox 1187 1337 1370 1391; x_wconf 79' lang='lat' dir='ltr'><strong>praedae</strong></span> <span class='ocrx_word' id='word_1_118' title='bbox 1400 1336 1453 1380; x_wconf 80' lang='lat' dir='ltr'><strong>ad</strong></span> <span class='ocrx_word' id='word_1_119' title='bbox 1485 1336 1695 1380; x_wconf 76' lang='lat' dir='ltr'><strong>excidium</strong></span> 
     </span>
    </p>

    <p class='ocr_par' dir='ltr' id='par_1_5' title="bbox 22 1406 1701 1844">
     <span class='ocr_line' id='line_1_17' title="bbox 22 1406 1696 1472; baseline 0.004 -24"><span class='ocrx_word' id='word_1_120' title='bbox 22 1406 378 1471; x_wconf 15' lang='lat' dir='ltr'><strong>jyW„‚taivcivitatis</strong></span> <span class='ocrx_word' id='word_1_121' title='bbox 411 1410 691 1453; x_wconf 84' lang='lat' dir='ltr'><strong>trahebantur.</strong></span> <span class='ocrx_word' id='word_1_122' title='bbox 754 1411 954 1454; x_wconf 87' lang='lat' dir='ltr'><strong>Obstabat</strong></span> <span class='ocrx_word' id='word_1_123' title='bbox 975 1412 1082 1454; x_wconf 89' lang='lat' dir='ltr'><strong>ratio</strong></span> <span class='ocrx_word' id='word_1_124' title='bbox 1113 1411 1227 1472; x_wconf 86' lang='lat' dir='ltr'><strong>belli,</strong></span> <span class='ocrx_word' id='word_1_125' title='bbox 1255 1416 1296 1453; x_wconf 84' lang='lat' dir='ltr'><strong>et</strong></span> <span class='ocrx_word' id='word_1_126' title='bbox 1311 1424 1465 1454; x_wconf 88' lang='lat' dir='ltr'><strong>novum</strong></span> <span class='ocrx_word' id='word_1_127' title='bbox 1482 1411 1696 1467; x_wconf 84' lang='lat' dir='ltr'><strong>imperium</strong></span> 
     </span>
     <span class='ocr_line' id='line_1_18' title="bbox 28 1470 1699 1536; baseline 0.004 -13"><span class='ocrx_word' id='word_1_128' title='bbox 28 1522 42 1536; x_wconf 40' lang='grc'><strong>,,</strong></span> <span class='ocrx_word' id='word_1_129' title='bbox 166 1470 490 1526; x_wconf 63' lang='grc' dir='ltr'><strong>ἰ’ἰηοὴοεηῐίὺιιε</strong></span> <span class='ocrx_word' id='word_1_130' title='bbox 520 1486 632 1528; x_wconf 88' lang='lat' dir='ltr'><strong>utilis</strong></span> <span class='ocrx_word' id='word_1_131' title='bbox 661 1486 909 1528; x_wconf 86' lang='lat' dir='ltr'><strong>clementiae</strong></span> <span class='ocrx_word' id='word_1_132' title='bbox 942 1470 1072 1529; x_wconf 58' lang='lat' dir='ltr'><strong>sama?</strong></span> <span class='ocrx_word' id='word_1_133' title='bbox 1124 1487 1296 1529; x_wconf 87' lang='lat' dir='ltr'><strong>Civilem</strong></span> <span class='ocrx_word' id='word_1_134' title='bbox 1338 1487 1462 1530; x_wconf 74' lang='lat' dir='ltr'><strong>etiam</strong></span> <span class='ocrx_word' id='word_1_135' title='bbox 1503 1487 1699 1530; x_wconf 79' lang='lat' dir='ltr'><strong>beneficii</strong></span> 
     </span>
     <span class='ocr_line' id='line_1_19' title="bbox 198 1560 1699 1616; baseline 0.003 -17"><span class='ocrx_word' id='word_1_136' title='bbox 198 1560 398 1601; x_wconf 85' lang='lat' dir='ltr'><strong>memoria</strong></span> <span class='ocrx_word' id='word_1_137' title='bbox 431 1560 558 1613; x_wconf 88' lang='lat' dir='ltr'><strong>flexit,</strong></span> <span class='ocrx_word' id='word_1_138' title='bbox 592 1561 702 1615; x_wconf 91' lang='lat' dir='ltr'><strong>quod</strong></span> <span class='ocrx_word' id='word_1_139' title='bbox 733 1562 861 1603; x_wconf 90' lang='lat' dir='ltr'><strong>filium</strong></span> <span class='ocrx_word' id='word_1_140' title='bbox 894 1561 983 1603; x_wconf 86' lang='lat' dir='ltr'><strong>eius</strong></span> <span class='ocrx_word' id='word_1_141' title='bbox 1013 1562 1147 1616; x_wconf 86' lang='lat' dir='ltr'><strong>primo</strong></span> <span class='ocrx_word' id='word_1_142' title='bbox 1174 1573 1315 1603; x_wconf 88' lang='lat' dir='ltr'><strong>rerum</strong></span> <span class='ocrx_word' id='word_1_143' title='bbox 1338 1565 1449 1604; x_wconf 88' lang='lat' dir='ltr'><strong>motu</strong></span> <span class='ocrx_word' id='word_1_144' title='bbox 1466 1562 1510 1604; x_wconf 88' lang='lat' dir='ltr'><strong>in</strong></span> <span class='ocrx_word' id='word_1_145' title='bbox 1533 1561 1699 1605; x_wconf 80' lang='lat' dir='ltr'><strong>colonia</strong></span> 
     </span>
     <span class='ocr_line' id='line_1_20' title="bbox 197 1632 1701 1690; baseline 0.004 -17"><span class='ocrx_word' id='word_1_146' title='bbox 197 1632 494 1688; x_wconf 85' lang='lat' dir='ltr'><strong>Agrippinensi</strong></span> <span class='ocrx_word' id='word_1_147' title='bbox 523 1636 828 1690; x_wconf 86' lang='lat' dir='ltr'><strong>deprehensum</strong></span> <span class='ocrx_word' id='word_1_148' title='bbox 855 1638 1058 1679; x_wconf 88' lang='lat' dir='ltr'><strong>honorate</strong></span> <span class='ocrx_word' id='word_1_149' title='bbox 1079 1636 1404 1679; x_wconf 86' lang='lat' dir='ltr'><strong>eustodiverant.</strong></span> <span class='ocrx_word' id='word_1_150' title='bbox 1449 1637 1532 1680; x_wconf 84' lang='lat' dir='ltr'><strong>Sed</strong></span> <span class='ocrx_word' id='word_1_151' title='bbox 1559 1641 1701 1679; x_wconf 80' lang='lat' dir='ltr'><strong>trans-</strong></span> 
     </span>
     <span class='ocr_line' id='line_1_21' title="bbox 197 1707 1699 1766; baseline 0.003 -18"><span class='ocrx_word' id='word_1_152' title='bbox 197 1707 395 1750; x_wconf 86' lang='lat' dir='ltr'><strong>rhenanis</strong></span> <span class='ocrx_word' id='word_1_153' title='bbox 434 1708 627 1764; x_wconf 85' lang='lat' dir='ltr'><strong>gentibus</strong></span> <span class='ocrx_word' id='word_1_154' title='bbox 668 1709 803 1753; x_wconf 90' lang='lat' dir='ltr'><strong>invisa</strong></span> <span class='ocrx_word' id='word_1_155' title='bbox 846 1713 993 1754; x_wconf 90' lang='lat' dir='ltr'><strong>civitas</strong></span> <span class='ocrx_word' id='word_1_156' title='bbox 1038 1713 1246 1766; x_wconf 89' lang='lat' dir='ltr'><strong>opulentia</strong></span> <span class='ocrx_word' id='word_1_157' title='bbox 1293 1715 1521 1766; x_wconf 81' lang='lat' dir='ltr'><strong>auctuque;</strong></span> <span class='ocrx_word' id='word_1_158' title='bbox 1563 1723 1699 1766; x_wconf 81' lang='lat' dir='ltr'><strong>neque</strong></span> 
     </span>
     <span class='ocr_line' id='line_1_22' title="bbox 147 1782 1700 1844; baseline 0.002 -18"><span class='ocrx_word' id='word_1_159' title='bbox 147 1782 322 1826; x_wconf 64' lang='lat' dir='ltr'><strong>matium</strong></span> <span class='ocrx_word' id='word_1_160' title='bbox 351 1783 474 1827; x_wconf 88' lang='lat' dir='ltr'><strong>finem</strong></span> <span class='ocrx_word' id='word_1_161' title='bbox 506 1785 605 1827; x_wconf 92' lang='lat' dir='ltr'><strong>belli</strong></span> <span class='ocrx_word' id='word_1_162' title='bbox 631 1786 830 1831; x_wconf 82' lang='lat' dir='ltr'><strong>rebantur</strong></span> <span class='ocrx_word' id='word_1_163' title='bbox 859 1799 979 1844; x_wconf 89' lang='lat' dir='ltr'><strong>quam</strong></span> <span class='ocrx_word' id='word_1_164' title='bbox 1011 1787 1048 1829; x_wconf 92' lang='lat' dir='ltr'><strong>si</strong></span> <span class='ocrx_word' id='word_1_165' title='bbox 1079 1788 1290 1844; x_wconf 82' lang='lat' dir='ltr'><strong>promisca</strong></span> <span class='ocrx_word' id='word_1_166' title='bbox 1320 1799 1371 1830; x_wconf 82' lang='lat' dir='ltr'><strong>ea</strong></span> <span class='ocrx_word' id='word_1_167' title='bbox 1405 1787 1529 1830; x_wconf 83' lang='lat' dir='ltr'><strong>sedes</strong></span> <span class='ocrx_word' id='word_1_168' title='bbox 1560 1786 1700 1829; x_wconf 89' lang='lat' dir='ltr'><strong>omni-</strong></span> 
     </span>
    </p>
   </div>
   <div class='ocr_carea' id='block_1_4' title="bbox 1492 241 1700 280">
    <p class='ocr_par' dir='ltr' id='par_1_6' title="bbox 1492 241 1700 280">
     <span class='ocr_line' id='line_1_23' title="bbox 1492 241 1700 280; baseline -0.005 -1"><span class='ocrx_word' id='word_1_169' title='bbox 1492 253 1525 279; x_wconf 81' lang='lat' dir='ltr'><strong>a.</strong></span> <span class='ocrx_word' id='word_1_170' title='bbox 1551 248 1588 280; x_wconf 74' lang='lat' dir='ltr'><strong>u.</strong></span> <span class='ocrx_word' id='word_1_171' title='bbox 1613 241 1700 279; x_wconf 72' lang='lat'><strong>823.</strong></span> 
     </span>
    </p>
   </div>
   <div class='ocr_carea' id='block_1_5' title="bbox 198 1873 1698 2233">
    <p class='ocr_par' dir='ltr' id='par_1_7' title="bbox 198 1873 1698 2233">
     <span class='ocr_line' id='line_1_24' title="bbox 880 1873 1617 1981; baseline 0.003 -52"><span class='ocrx_word' id='word_1_172' title='bbox 880 1884 1100 1932; x_wconf 40' lang='lat' dir='ltr'><strong>(aiv-anna</strong></span> <span class='ocrx_word' id='word_1_173' title='bbox 1157 1882 1194 1929; x_wconf 50' lang='lat' dir='ltr'><strong>{a</strong></span> <span class='ocrx_word' id='word_1_174' title='bbox 1230 1883 1313 1928; x_wconf 45' lang='grc' dir='ltr'><strong>αἱ(</strong></span> <span class='ocrx_word' id='word_1_175' title='bbox 1360 1873 1617 1981; x_wconf 31' lang='grc' dir='ltr'><strong>ἳίβνῗκᾹΜ-ίι</strong></span> 
     </span>
     <span class='ocr_line' id='line_1_25' title="bbox 338 1941 1698 1987; baseline 0.002 -13"><span class='ocrx_word' id='word_1_176' title='bbox 338 1943 368 1975; x_wconf 92' lang='grc'><strong>1.</strong></span> <span class='ocrx_word' id='word_1_177' title='bbox 395 1941 508 1976; x_wconf 85' lang='lat' dir='ltr'><strong>fuisse</strong></span> <span class='ocrx_word' id='word_1_178' title='bbox 533 1947 619 1987; x_wconf 85' lang='lat' dir='ltr'><strong>puto</strong></span> <span class='ocrx_word' id='word_1_179' title='bbox 648 1943 816 1978; x_wconf 79' lang='lat' dir='ltr'><strong>Claudius</strong></span> <span class='ocrx_word' id='word_1_180' title='bbox 843 1944 994 1987; x_wconf 81' lang='lat' dir='ltr'><strong>Sancus,</strong></span> <span class='ocrx_word' id='word_1_181' title='bbox 1020 1945 1139 1978; x_wconf 87' lang='lat' dir='ltr'><strong>statim</strong></span> <span class='ocrx_word' id='word_1_182' title='bbox 1167 1944 1291 1980; x_wconf 79' lang='lat' dir='ltr'><strong>Sanci.</strong></span> <span class='ocrx_word' id='word_1_183' title='bbox 1400 1970 1408 1979; x_wconf 90' lang='lat'><strong>.</strong></span> <span class='ocrx_word' id='word_1_184' title='bbox 1435 1943 1564 1986; x_wconf 73' lang='lat' dir='ltr'><strong>sancti,</strong></span> <span class='ocrx_word' id='word_1_185' title='bbox 1586 1942 1655 1978; x_wconf 88' lang='lat' dir='ltr'><strong>litt.</strong></span> <span class='ocrx_word' id='word_1_186' title='bbox 1684 1944 1698 1977; x_wconf 76' lang='lat' dir='ltr'><strong>i</strong></span> 
     </span>
     <span class='ocr_line' id='line_1_26' title="bbox 199 1989 1694 2037; baseline 0.005 -15"><span class='ocrx_word' id='word_1_187' title='bbox 199 1998 376 2034; x_wconf 82' lang='lat' dir='ltr'><strong>superscr.</strong></span> <span class='ocrx_word' id='word_1_188' title='bbox 406 2001 423 2023; x_wconf 80' lang='lat' dir='ltr'><strong>e</strong></span> <span class='ocrx_word' id='word_1_189' title='bbox 450 1989 512 2024; x_wconf 68' lang='lat' dir='ltr'><strong>Ma.</strong></span> <span class='ocrx_word' id='word_1_190' title='bbox 588 1991 623 2025; x_wconf 90' lang='grc'><strong>8.</strong></span> <span class='ocrx_word' id='word_1_191' title='bbox 654 1992 748 2037; x_wconf 73' lang='lat' dir='ltr'><strong>Moy.</strong></span> <span class='ocrx_word' id='word_1_192' title='bbox 777 1991 843 2035; x_wconf 69' lang='lat' dir='ltr'><strong>Ma,</strong></span> <span class='ocrx_word' id='word_1_193' title='bbox 869 2002 941 2027; x_wconf 91' lang='lat' dir='ltr'><strong>non</strong></span> <span class='ocrx_word' id='word_1_194' title='bbox 970 1993 1066 2037; x_wconf 69' lang='lat' dir='ltr'><strong>May.</strong></span> <span class='ocrx_word' id='word_1_195' title='bbox 1136 1993 1190 2027; x_wconf 86' lang='lat'><strong>11.</strong></span> <span class='ocrx_word' id='word_1_196' title='bbox 1223 1993 1367 2026; x_wconf 77' lang='lat' dir='ltr'><strong>maenia</strong></span> <span class='ocrx_word' id='word_1_197' title='bbox 1393 1989 1694 2029; x_wconf 64' lang='lat' dir='ltr'><strong>trevirorumltifl.</strong></span> 
     </span>
     <span class='ocr_line' id='line_1_27' title="bbox 201 2038 1694 2086; baseline 0.004 -16"><span class='ocrx_word' id='word_1_198' title='bbox 201 2038 257 2071; x_wconf 87' lang='lat'><strong>13.</strong></span> <span class='ocrx_word' id='word_1_199' title='bbox 289 2038 544 2082; x_wconf 65' lang='lat' dir='ltr'><strong>agrippiensem</strong></span> <span class='ocrx_word' id='word_1_200' title='bbox 569 2038 647 2072; x_wconf 71' lang='lat' dir='ltr'><strong>Ma:</strong></span> <span class='ocrx_word' id='word_1_201' title='bbox 675 2045 873 2074; x_wconf 84' lang='lat' dir='ltr'><strong>correctum</strong></span> <span class='ocrx_word' id='word_1_202' title='bbox 900 2041 994 2074; x_wconf 85' lang='lat' dir='ltr'><strong>inest</strong></span> <span class='ocrx_word' id='word_1_203' title='bbox 1020 2041 1060 2084; x_wconf 91' lang='lat' dir='ltr'><strong>G,</strong></span> <span class='ocrx_word' id='word_1_204' title='bbox 1087 2041 1171 2074; x_wconf 84' lang='lat' dir='ltr'><strong>item</strong></span> <span class='ocrx_word' id='word_1_205' title='bbox 1199 2040 1306 2086; x_wconf 86' lang='lat' dir='ltr'><strong>paulo</strong></span> <span class='ocrx_word' id='word_1_206' title='bbox 1333 2045 1426 2085; x_wconf 85' lang='lat' dir='ltr'><strong>post.</strong></span> <span class='ocrx_word' id='word_1_207' title='bbox 1543 2041 1596 2077; x_wconf 81' lang='lat'><strong>14.</strong></span> <span class='ocrx_word' id='word_1_208' title='bbox 1623 2051 1694 2077; x_wconf 73' lang='lat' dir='ltr'><strong>sav.</strong></span> 
     </span>
     <span class='ocr_line' id='line_1_28' title="bbox 199 2083 1695 2134; baseline 0.004 -17"><span class='ocrx_word' id='word_1_209' title='bbox 199 2083 263 2118; x_wconf 69' lang='lat' dir='ltr'><strong>Ma.</strong></span> <span class='ocrx_word' id='word_1_210' title='bbox 363 2086 498 2130; x_wconf 74' lang='lat' dir='ltr'><strong>inyenii</strong></span> <span class='ocrx_word' id='word_1_211' title='bbox 534 2087 699 2131; x_wconf 89' lang='lat' dir='ltr'><strong>Lipsius:</strong></span> <span class='ocrx_word' id='word_1_212' title='bbox 731 2090 867 2133; x_wconf 71' lang='lat' dir='ltr'><strong>inqenti</strong></span> <span class='ocrx_word' id='word_1_213' title='bbox 901 2087 973 2132; x_wconf 69' lang='lat' dir='ltr'><strong>Ma,</strong></span> <span class='ocrx_word' id='word_1_214' title='bbox 1008 2090 1167 2134; x_wconf 70' lang='lat' dir='ltr'><strong>inqenita</strong></span> <span class='ocrx_word' id='word_1_215' title='bbox 1193 2089 1300 2123; x_wconf 85' lang='lat' dir='ltr'><strong>tacite</strong></span> <span class='ocrx_word' id='word_1_216' title='bbox 1329 2089 1536 2123; x_wconf 80' lang='lat' dir='ltr'><strong>Rhenanus.</strong></span> <span class='ocrx_word' id='word_1_217' title='bbox 1640 2088 1695 2123; x_wconf 80' lang='lat'><strong>18.</strong></span> 
     </span>
     <span class='ocr_line' id='line_1_29' title="bbox 199 2132 1698 2182; baseline 0.004 -17"><span class='ocrx_word' id='word_1_218' title='bbox 199 2132 454 2179; x_wconf 69' lang='lat' dir='ltr'><strong>ayrippiniensi</strong></span> <span class='ocrx_word' id='word_1_219' title='bbox 478 2134 542 2170; x_wconf 67' lang='lat' dir='ltr'><strong>Ma.</strong></span> <span class='ocrx_word' id='word_1_220' title='bbox 644 2136 861 2182; x_wconf 57' lang='lat' dir='ltr'><strong>deffihensum</strong></span> <span class='ocrx_word' id='word_1_221' title='bbox 903 2136 967 2171; x_wconf 69' lang='lat' dir='ltr'><strong>Ma.</strong></span> <span class='ocrx_word' id='word_1_222' title='bbox 1068 2138 1240 2172; x_wconf 75' lang='lat' dir='ltr'><strong>honorate</strong></span> <span class='ocrx_word' id='word_1_223' title='bbox 1266 2137 1527 2174; x_wconf 74' lang='lat' dir='ltr'><strong>custodiuerant</strong></span> <span class='ocrx_word' id='word_1_224' title='bbox 1558 2134 1605 2172; x_wconf 82' lang='lat' dir='ltr'><strong>G:</strong></span> <span class='ocrx_word' id='word_1_225' title='bbox 1623 2173 1627 2176; x_wconf 65' lang='grc'>,</span> <span class='ocrx_word' id='word_1_226' title='bbox 1644 2134 1698 2171; x_wconf 73' lang='lat' dir='ltr'><strong>Ma</strong></span> 
     </span>
     <span class='ocr_line' id='line_1_30' title="bbox 198 2181 1695 2233; baseline 0.001 -16"><span class='ocrx_word' id='word_1_227' title='bbox 198 2181 374 2218; x_wconf 76' lang='lat' dir='ltr'><strong>honorata</strong></span> <span class='ocrx_word' id='word_1_228' title='bbox 408 2184 584 2218; x_wconf 82' lang='lat' dir='ltr'><strong>custodiae</strong></span> <span class='ocrx_word' id='word_1_229' title='bbox 619 2191 741 2228; x_wconf 83' lang='lat' dir='ltr'><strong>erant,</strong></span> <span class='ocrx_word' id='word_1_230' title='bbox 783 2185 1000 2220; x_wconf 87' lang='lat' dir='ltr'><strong>Puteolanus</strong></span> <span class='ocrx_word' id='word_1_231' title='bbox 1034 2191 1070 2220; x_wconf 88' lang='lat' dir='ltr'><strong>et</strong></span> <span class='ocrx_word' id='word_1_232' title='bbox 1103 2187 1212 2233; x_wconf 85' lang='lat' dir='ltr'><strong>vulgo</strong></span> <span class='ocrx_word' id='word_1_233' title='bbox 1241 2186 1413 2221; x_wconf 78' lang='lat' dir='ltr'><strong>honorate</strong></span> <span class='ocrx_word' id='word_1_234' title='bbox 1444 2182 1695 2220; x_wconf 77' lang='lat' dir='ltr'><strong>custodierant.</strong></span> 
     </span>
    </p>
   </div>
   <div class='ocr_carea' id='block_1_6' title="bbox 196 2320 913 3042">
    <p class='ocr_par' dir='ltr' id='par_1_8' title="bbox 196 2320 911 2452">
     <span class='ocr_line' id='line_1_31' title="bbox 196 2320 909 2369; baseline 0 -14"><span class='ocrx_word' id='word_1_235' title='bbox 196 2321 262 2355; x_wconf 84' lang='lat' dir='ltr'><strong>bus</strong></span> <span class='ocrx_word' id='word_1_236' title='bbox 288 2320 361 2354; x_wconf 88' lang='lat' dir='ltr'><strong>suis</strong></span> <span class='ocrx_word' id='word_1_237' title='bbox 374 2321 611 2367; x_wconf 77' lang='lat' dir='ltr'><strong>(imaginibus</strong></span> <span class='ocrx_word' id='word_1_238' title='bbox 636 2322 909 2369; x_wconf 84' lang='lat' dir='ltr'><strong>imperatorum)</strong></span> 
     </span>
     <span class='ocr_line' id='line_1_32' title="bbox 197 2369 911 2416; baseline -0.001 -14"><span class='ocrx_word' id='word_1_239' title='bbox 197 2369 332 2402; x_wconf 86' lang='lat' dir='ltr'><strong>orbata.</strong></span> <span class='ocrx_word' id='word_1_240' title='bbox 362 2369 561 2404; x_wconf 77' lang='lat' dir='ltr'><strong>Inhonorus</strong></span> <span class='ocrx_word' id='word_1_241' title='bbox 587 2375 782 2416; x_wconf 83' lang='lat' dir='ltr'><strong>argenteae</strong></span> <span class='ocrx_word' id='word_1_242' title='bbox 808 2375 911 2404; x_wconf 85' lang='lat' dir='ltr'><strong>aeta-</strong></span> 
     </span>
     <span class='ocr_line' id='line_1_33' title="bbox 198 2419 493 2452; baseline 0.007 -2"><span class='ocrx_word' id='word_1_243' title='bbox 198 2419 243 2452; x_wconf 82' lang='lat' dir='ltr'><strong>tis</strong></span> <span class='ocrx_word' id='word_1_244' title='bbox 269 2427 400 2451; x_wconf 86' lang='lat' dir='ltr'><strong>nomen</strong></span> <span class='ocrx_word' id='word_1_245' title='bbox 427 2423 493 2452; x_wconf 87' lang='lat' dir='ltr'><strong>est.</strong></span> 
     </span>
    </p>

    <p class='ocr_par' dir='ltr' id='par_1_9' title="bbox 198 2465 912 2791">
     <span class='ocr_line' id='line_1_34' title="bbox 271 2465 912 2501; baseline -0.002 -1"><span class='ocrx_word' id='word_1_246' title='bbox 271 2465 439 2501; x_wconf 70' lang='lat' dir='ltr'><strong>Claudius</strong></span> <span class='ocrx_word' id='word_1_247' title='bbox 465 2467 640 2500; x_wconf 81' lang='lat' dir='ltr'><strong>Sanctus:</strong></span> <span class='ocrx_word' id='word_1_248' title='bbox 669 2466 739 2499; x_wconf 87' lang='lat' dir='ltr'><strong>dux</strong></span> <span class='ocrx_word' id='word_1_249' title='bbox 767 2468 912 2500; x_wconf 87' lang='lat' dir='ltr'><strong>nomina</strong></span> 
     </span>
     <span class='ocr_line' id='line_1_35' title="bbox 198 2514 911 2556; baseline -0.003 -7"><span class='ocrx_word' id='word_1_250' title='bbox 198 2515 359 2549; x_wconf 82' lang='lat' dir='ltr'><strong>Romana</strong></span> <span class='ocrx_word' id='word_1_251' title='bbox 384 2514 504 2556; x_wconf 85' lang='lat' dir='ltr'><strong>habet,</strong></span> <span class='ocrx_word' id='word_1_252' title='bbox 532 2515 596 2548; x_wconf 88' lang='lat' dir='ltr'><strong>sed</strong></span> <span class='ocrx_word' id='word_1_253' title='bbox 611 2515 760 2548; x_wconf 86' lang='lat' dir='ltr'><strong>Sanctus</strong></span> <span class='ocrx_word' id='word_1_254' title='bbox 787 2517 823 2548; x_wconf 91' lang='lat' dir='ltr'><strong>in</strong></span> <span class='ocrx_word' id='word_1_255' title='bbox 837 2515 911 2548; x_wconf 82' lang='lat' dir='ltr'><strong>Ro-</strong></span> 
     </span>
     <span class='ocr_line' id='line_1_36' title="bbox 198 2562 910 2597; baseline -0.001 -1"><span class='ocrx_word' id='word_1_256' title='bbox 198 2572 383 2596; x_wconf 85' lang='lat' dir='ltr'><strong>manorum</strong></span> <span class='ocrx_word' id='word_1_257' title='bbox 418 2562 622 2597; x_wconf 88' lang='lat' dir='ltr'><strong>nominibus</strong></span> <span class='ocrx_word' id='word_1_258' title='bbox 673 2563 792 2597; x_wconf 84' lang='lat' dir='ltr'><strong>inesse</strong></span> <span class='ocrx_word' id='word_1_259' title='bbox 838 2572 910 2595; x_wconf 90' lang='lat' dir='ltr'><strong>non</strong></span> 
     </span>
     <span class='ocr_line' id='line_1_37' title="bbox 199 2611 910 2646; baseline -0.003 0"><span class='ocrx_word' id='word_1_260' title='bbox 199 2611 352 2646; x_wconf 86' lang='lat' dir='ltr'><strong>videtur.</strong></span> <span class='ocrx_word' id='word_1_261' title='bbox 408 2611 576 2646; x_wconf 84' lang='lat' dir='ltr'><strong>Fortasse</strong></span> <span class='ocrx_word' id='word_1_262' title='bbox 603 2611 742 2644; x_wconf 83' lang='lat' dir='ltr'><strong>Sancus</strong></span> <span class='ocrx_word' id='word_1_263' title='bbox 773 2622 791 2644; x_wconf 89' lang='lat' dir='ltr'><strong>a</strong></span> <span class='ocrx_word' id='word_1_264' title='bbox 818 2611 910 2644; x_wconf 88' lang='lat' dir='ltr'><strong>scri-</strong></span> 
     </span>
     <span class='ocr_line' id='line_1_38' title="bbox 198 2659 911 2694; baseline -0.003 0"><span class='ocrx_word' id='word_1_265' title='bbox 198 2660 254 2694; x_wconf 89' lang='lat' dir='ltr'><strong>bis</strong></span> <span class='ocrx_word' id='word_1_266' title='bbox 294 2659 332 2692; x_wconf 90' lang='lat' dir='ltr'><strong>in</strong></span> <span class='ocrx_word' id='word_1_267' title='bbox 366 2659 514 2693; x_wconf 86' lang='lat' dir='ltr'><strong>formam</strong></span> <span class='ocrx_word' id='word_1_268' title='bbox 549 2659 604 2694; x_wconf 86' lang='lat' dir='ltr'><strong>his</strong></span> <span class='ocrx_word' id='word_1_269' title='bbox 631 2663 750 2692; x_wconf 87' lang='lat' dir='ltr'><strong>notam</strong></span> <span class='ocrx_word' id='word_1_270' title='bbox 786 2669 911 2693; x_wconf 89' lang='lat' dir='ltr'><strong>corru-</strong></span> 
     </span>
     <span class='ocr_line' id='line_1_39' title="bbox 198 2707 908 2752; baseline 0 -12"><span class='ocrx_word' id='word_1_271' title='bbox 198 2713 280 2752; x_wconf 84' lang='lat' dir='ltr'><strong>ptus</strong></span> <span class='ocrx_word' id='word_1_272' title='bbox 308 2713 375 2742; x_wconf 47' lang='lat' dir='ltr'><strong>est*</strong></span> <span class='ocrx_word' id='word_1_273' title='bbox 427 2707 480 2742; x_wconf 92' lang='lat' dir='ltr'><strong>De</strong></span> <span class='ocrx_word' id='word_1_274' title='bbox 507 2708 619 2742; x_wconf 70' lang='lat' dir='ltr'><strong>Sanni</strong></span> <span class='ocrx_word' id='word_1_275' title='bbox 644 2708 788 2742; x_wconf 88' lang='lat' dir='ltr'><strong>nomine</strong></span> <span class='ocrx_word' id='word_1_276' title='bbox 815 2707 908 2741; x_wconf 84' lang='lat' dir='ltr'><strong>conf.</strong></span> 
     </span>
     <span class='ocr_line' id='line_1_40' title="bbox 201 2756 594 2791; baseline 0.003 -1"><span class='ocrx_word' id='word_1_277' title='bbox 201 2756 411 2790; x_wconf 87' lang='lat' dir='ltr'><strong>Forcellinii</strong></span> <span class='ocrx_word' id='word_1_278' title='bbox 438 2756 594 2791; x_wconf 85' lang='lat' dir='ltr'><strong>lexicon.</strong></span> 
     </span>
    </p>

    <p class='ocr_par' dir='ltr' id='par_1_10' title="bbox 202 2804 913 3042">
     <span class='ocr_line' id='line_1_41' title="bbox 274 2804 911 2850; baseline 0.002 -13"><span class='ocrx_word' id='word_1_279' title='bbox 274 2805 415 2850; x_wconf 61' lang='lat' dir='ltr'><strong>inqendo</strong></span> <span class='ocrx_word' id='word_1_280' title='bbox 442 2804 610 2839; x_wconf 71' lang='lat' dir='ltr'><strong>debilior.-</strong></span> <span class='ocrx_word' id='word_1_281' title='bbox 646 2805 760 2850; x_wconf 84' lang='lat' dir='ltr'><strong>magis</strong></span> <span class='ocrx_word' id='word_1_282' title='bbox 788 2809 911 2849; x_wconf 86' lang='lat' dir='ltr'><strong>eaptus</strong></span> 
     </span>
     <span class='ocr_line' id='line_1_42' title="bbox 203 2854 912 2898; baseline 0 -12"><span class='ocrx_word' id='word_1_283' title='bbox 203 2854 375 2898; x_wconf 86' lang='lat' dir='ltr'><strong>ingenio;</strong></span> <span class='ocrx_word' id='word_1_284' title='bbox 424 2854 526 2888; x_wconf 91' lang='lat' dir='ltr'><strong>cuius</strong></span> <span class='ocrx_word' id='word_1_285' title='bbox 569 2854 620 2887; x_wconf 85' lang='lat' dir='ltr'><strong>rei</strong></span> <span class='ocrx_word' id='word_1_286' title='bbox 659 2863 825 2898; x_wconf 77' lang='lat' dir='ltr'><strong>inagnum</strong></span> <span class='ocrx_word' id='word_1_287' title='bbox 860 2854 912 2887; x_wconf 86' lang='lat' dir='ltr'><strong>si-</strong></span> 
     </span>
     <span class='ocr_line' id='line_1_43' title="bbox 203 2901 913 2945; baseline 0.001 -12"><span class='ocrx_word' id='word_1_288' title='bbox 203 2911 310 2944; x_wconf 80' lang='lat' dir='ltr'><strong>gnum</strong></span> <span class='ocrx_word' id='word_1_289' title='bbox 339 2901 434 2945; x_wconf 88' lang='lat' dir='ltr'><strong>quod</strong></span> <span class='ocrx_word' id='word_1_290' title='bbox 467 2902 510 2935; x_wconf 88' lang='lat' dir='ltr'><strong>ab</strong></span> <span class='ocrx_word' id='word_1_291' title='bbox 543 2912 613 2934; x_wconf 84' lang='lat' dir='ltr'><strong>una</strong></span> <span class='ocrx_word' id='word_1_292' title='bbox 645 2901 701 2934; x_wconf 85' lang='lat' dir='ltr'><strong>ala</strong></span> <span class='ocrx_word' id='word_1_293' title='bbox 728 2901 913 2935; x_wconf 80' lang='lat' dir='ltr'><strong>Picentina</strong></span> 
     </span>
     <span class='ocr_line' id='line_1_44' title="bbox 202 2949 912 2993; baseline 0.004 -12"><span class='ocrx_word' id='word_1_294' title='bbox 202 2950 320 2992; x_wconf 85' lang='lat' dir='ltr'><strong>sperni</strong></span> <span class='ocrx_word' id='word_1_295' title='bbox 343 2959 382 2982; x_wconf 86' lang='lat' dir='ltr'><strong>se</strong></span> <span class='ocrx_word' id='word_1_296' title='bbox 409 2960 532 2993; x_wconf 82' lang='lat' dir='ltr'><strong>passus</strong></span> <span class='ocrx_word' id='word_1_297' title='bbox 560 2954 614 2983; x_wconf 82' lang='lat' dir='ltr'><strong>est</strong></span> <span class='ocrx_word' id='word_1_298' title='bbox 639 2959 706 2984; x_wconf 89' lang='lat' dir='ltr'><strong>nee</strong></span> <span class='ocrx_word' id='word_1_299' title='bbox 728 2949 821 2984; x_wconf 87' lang='lat' dir='ltr'><strong>ultra</strong></span> <span class='ocrx_word' id='word_1_300' title='bbox 842 2951 912 2984; x_wconf 90' lang='lat' dir='ltr'><strong>mi-</strong></span> 
     </span>
     <span class='ocr_line' id='line_1_45' title="bbox 203 2997 910 3042; baseline 0.006 -13"><span class='ocrx_word' id='word_1_301' title='bbox 203 3006 266 3030; x_wconf 84' lang='lat' dir='ltr'><strong>nas</strong></span> <span class='ocrx_word' id='word_1_302' title='bbox 301 3001 361 3030; x_wconf 87' lang='lat' dir='ltr'><strong>aut</strong></span> <span class='ocrx_word' id='word_1_303' title='bbox 395 2997 565 3040; x_wconf 80' lang='lat' dir='ltr'><strong>promissa</strong></span> <span class='ocrx_word' id='word_1_304' title='bbox 601 2998 789 3042; x_wconf 86' lang='lat' dir='ltr'><strong>processit.</strong></span> <span class='ocrx_word' id='word_1_305' title='bbox 836 2997 910 3034; x_wconf 83' lang='lat' dir='ltr'><strong>Ala</strong></span> 
     </span>
    </p>
   </div>
   <div class='ocr_carea' id='block_1_7' title="bbox 980 2322 1698 3034">
    <p class='ocr_par' dir='ltr' id='par_1_11' title="bbox 980 2322 1698 3034">
     <span class='ocr_line' id='line_1_46' title="bbox 981 2322 1695 2367; baseline 0 -11"><span class='ocrx_word' id='word_1_306' title='bbox 981 2322 1167 2356; x_wconf 83' lang='lat' dir='ltr'><strong>Picentina</strong></span> <span class='ocrx_word' id='word_1_307' title='bbox 1202 2323 1406 2357; x_wconf 84' lang='lat' dir='ltr'><strong>nominatur</strong></span> <span class='ocrx_word' id='word_1_308' title='bbox 1437 2326 1626 2367; x_wconf 71' lang='lat' dir='ltr'><strong>praeterea</strong></span> <span class='ocrx_word' id='word_1_309' title='bbox 1659 2323 1695 2357; x_wconf 86' lang='lat' dir='ltr'><strong>in</strong></span> 
     </span>
     <span class='ocr_line' id='line_1_47' title="bbox 982 2371 1698 2415; baseline 0.003 -11"><span class='ocrx_word' id='word_1_310' title='bbox 982 2371 1126 2415; x_wconf 83' lang='lat' dir='ltr'><strong>lapide,</strong></span> <span class='ocrx_word' id='word_1_311' title='bbox 1172 2372 1232 2415; x_wconf 86' lang='lat' dir='ltr'><strong>qui</strong></span> <span class='ocrx_word' id='word_1_312' title='bbox 1260 2372 1429 2406; x_wconf 79' lang='lat' dir='ltr'><strong>inventus</strong></span> <span class='ocrx_word' id='word_1_313' title='bbox 1455 2371 1492 2406; x_wconf 90' lang='lat' dir='ltr'><strong>in</strong></span> <span class='ocrx_word' id='word_1_314' title='bbox 1519 2371 1580 2409; x_wconf 73' lang='lat' dir='ltr'><strong>via</strong></span> <span class='ocrx_word' id='word_1_315' title='bbox 1602 2372 1698 2407; x_wconf 78' lang='lat' dir='ltr'><strong>inter</strong></span> 
     </span>
     <span class='ocr_line' id='line_1_48' title="bbox 981 2419 1698 2465; baseline 0 -12"><span class='ocrx_word' id='word_1_316' title='bbox 981 2419 1248 2465; x_wconf 84' lang='lat' dir='ltr'><strong>Mogontiacum</strong></span> <span class='ocrx_word' id='word_1_317' title='bbox 1289 2425 1325 2453; x_wconf 91' lang='lat' dir='ltr'><strong>et</strong></span> <span class='ocrx_word' id='word_1_318' title='bbox 1363 2420 1605 2463; x_wconf 61' lang='lat' dir='ltr'><strong>Vnimanum,</strong></span> <span class='ocrx_word' id='word_1_319' title='bbox 1659 2425 1698 2458; x_wconf 84' lang='lat' dir='ltr'><strong>ut</strong></span> 
     </span>
     <span class='ocr_line' id='line_1_49' title="bbox 981 2467 1697 2505; baseline -0.003 -4"><span class='ocrx_word' id='word_1_320' title='bbox 981 2468 1132 2501; x_wconf 86' lang='lat' dir='ltr'><strong>relatum</strong></span> <span class='ocrx_word' id='word_1_321' title='bbox 1176 2469 1212 2501; x_wconf 88' lang='lat' dir='ltr'><strong>in</strong></span> <span class='ocrx_word' id='word_1_322' title='bbox 1257 2467 1499 2502; x_wconf 85' lang='lat' dir='ltr'><strong>additamento</strong></span> <span class='ocrx_word' id='word_1_323' title='bbox 1542 2467 1586 2502; x_wconf 81' lang='lat' dir='ltr'><strong>ad</strong></span> <span class='ocrx_word' id='word_1_324' title='bbox 1617 2468 1697 2505; x_wconf 75' lang='lat' dir='ltr'><strong>dia-</strong></span> 
     </span>
     <span class='ocr_line' id='line_1_50' title="bbox 980 2514 1691 2561; baseline 0.006 -13"><span class='ocrx_word' id='word_1_325' title='bbox 980 2516 1071 2549; x_wconf 89' lang='lat' dir='ltr'><strong>rium</strong></span> <span class='ocrx_word' id='word_1_326' title='bbox 1102 2515 1258 2561; x_wconf 81' lang='lat' dir='ltr'><strong>Mogont.</strong></span> <span class='ocrx_word' id='word_1_327' title='bbox 1293 2516 1378 2549; x_wconf 86' lang='lat' dir='ltr'><strong>anni</strong></span> <span class='ocrx_word' id='word_1_328' title='bbox 1414 2514 1508 2552; x_wconf 78' lang='lat'>1834</span> <span class='ocrx_word' id='word_1_329' title='bbox 1544 2517 1579 2551; x_wconf 67' lang='grc' dir='ltr'><strong>τί.</strong></span> <span class='ocrx_word' id='word_1_330' title='bbox 1607 2516 1691 2552; x_wconf 73' lang='lat'><strong>262.</strong></span> 
     </span>
     <span class='ocr_line' id='line_1_51' title="bbox 981 2562 1696 2609; baseline 0.001 -12"><span class='ocrx_word' id='word_1_331' title='bbox 981 2564 1117 2597; x_wconf 87' lang='lat' dir='ltr'><strong>Monuit</strong></span> <span class='ocrx_word' id='word_1_332' title='bbox 1143 2563 1309 2597; x_wconf 89' lang='lat' dir='ltr'><strong>Baebius.</strong></span> <span class='ocrx_word' id='word_1_333' title='bbox 1376 2562 1495 2599; x_wconf 77' lang='lat' dir='ltr'><strong>altera</strong></span> <span class='ocrx_word' id='word_1_334' title='bbox 1519 2574 1556 2597; x_wconf 80' lang='lat' dir='ltr'><strong>se</strong></span> <span class='ocrx_word' id='word_1_335' title='bbox 1581 2564 1696 2609; x_wconf 55' lang='lat' dir='ltr'><strong>legio}</strong></span> 
     </span>
     <span class='ocr_line' id='line_1_52' title="bbox 981 2612 1622 2656; baseline 0.003 -12"><span class='ocrx_word' id='word_1_336' title='bbox 981 2613 1113 2656; x_wconf 89' lang='lat' dir='ltr'><strong>prima:</strong></span> <span class='ocrx_word' id='word_1_337' title='bbox 1146 2612 1193 2646; x_wconf 88' lang='lat' dir='ltr'><strong>cf.</strong></span> <span class='ocrx_word' id='word_1_338' title='bbox 1223 2623 1253 2645; x_wconf 82' lang='grc' dir='ltr'><strong>ο,</strong></span> <span class='ocrx_word' id='word_1_339' title='bbox 1289 2612 1332 2646; x_wconf 88' lang='grc'><strong>19</strong></span> <span class='ocrx_word' id='word_1_340' title='bbox 1363 2616 1399 2645; x_wconf 89' lang='lat' dir='ltr'><strong>et</strong></span> <span class='ocrx_word' id='word_1_341' title='bbox 1427 2613 1474 2648; x_wconf 84' lang='lat'><strong>20</strong></span> <span class='ocrx_word' id='word_1_342' title='bbox 1501 2616 1537 2646; x_wconf 78' lang='lat' dir='ltr'><strong>et</strong></span> <span class='ocrx_word' id='word_1_343' title='bbox 1563 2613 1622 2648; x_wconf 75' lang='lat'><strong>25.</strong></span> 
     </span>
     <span class='ocr_line' id='line_1_53' title="bbox 1055 2659 1697 2704; baseline 0.005 -11"><span class='ocrx_word' id='word_1_344' title='bbox 1055 2659 1140 2704; x_wconf 83' lang='lat' dir='ltr'><strong>Cap.</strong></span> <span class='ocrx_word' id='word_1_345' title='bbox 1165 2659 1224 2695; x_wconf 83' lang='lat'><strong>63.</strong></span> <span class='ocrx_word' id='word_1_346' title='bbox 1277 2660 1519 2694; x_wconf 67' lang='lat' dir='ltr'><strong>trahebantur.</strong></span> <span class='ocrx_word' id='word_1_347' title='bbox 1570 2660 1697 2696; x_wconf 73' lang='lat' dir='ltr'><strong>Obsta-</strong></span> 
     </span>
     <span class='ocr_line' id='line_1_54' title="bbox 983 2708 1698 2754; baseline 0.003 -13"><span class='ocrx_word' id='word_1_348' title='bbox 983 2709 1060 2742; x_wconf 79' lang='lat' dir='ltr'><strong>bat:</strong></span> <span class='ocrx_word' id='word_1_349' title='bbox 1085 2709 1220 2754; x_wconf 89' lang='lat' dir='ltr'><strong>insigni</strong></span> <span class='ocrx_word' id='word_1_350' title='bbox 1241 2709 1326 2743; x_wconf 85' lang='lat' dir='ltr'><strong>artis</strong></span> <span class='ocrx_word' id='word_1_351' title='bbox 1353 2708 1568 2744; x_wconf 83' lang='lat' dir='ltr'><strong>dexteritate</strong></span> <span class='ocrx_word' id='word_1_352' title='bbox 1587 2709 1698 2744; x_wconf 86' lang='lat' dir='ltr'><strong>verba</strong></span> 
     </span>
     <span class='ocr_line' id='line_1_55' title="bbox 983 2758 1697 2804; baseline 0.001 -14"><span class='ocrx_word' id='word_1_353' title='bbox 983 2758 1148 2801; x_wconf 81' lang='lat' dir='ltr'><strong>opposita</strong></span> <span class='ocrx_word' id='word_1_354' title='bbox 1185 2761 1220 2791; x_wconf 88' lang='lat' dir='ltr'><strong>et</strong></span> <span class='ocrx_word' id='word_1_355' title='bbox 1254 2758 1467 2791; x_wconf 84' lang='lat' dir='ltr'><strong>contrariam</strong></span> <span class='ocrx_word' id='word_1_356' title='bbox 1502 2758 1697 2804; x_wconf 71' lang='lat' dir='ltr'><strong>imaginem</strong></span> 
     </span>
     <span class='ocr_line' id='line_1_56' title="bbox 983 2805 1698 2853; baseline 0.003 -15"><span class='ocrx_word' id='word_1_357' title='bbox 983 2805 1191 2839; x_wconf 83' lang='lat' dir='ltr'><strong>exhibentia</strong></span> <span class='ocrx_word' id='word_1_358' title='bbox 1205 2807 1242 2839; x_wconf 88' lang='lat' dir='ltr'><strong>in</strong></span> <span class='ocrx_word' id='word_1_359' title='bbox 1259 2805 1329 2840; x_wconf 84' lang='lat' dir='ltr'><strong>fine</strong></span> <span class='ocrx_word' id='word_1_360' title='bbox 1348 2810 1383 2840; x_wconf 87' lang='lat' dir='ltr'><strong>et</strong></span> <span class='ocrx_word' id='word_1_361' title='bbox 1404 2806 1582 2850; x_wconf 75' lang='lat' dir='ltr'><strong>principio</strong></span> <span class='ocrx_word' id='word_1_362' title='bbox 1604 2805 1698 2853; x_wconf 72' lang='lat' dir='ltr'><strong>duo-</strong></span> 
     </span>
     <span class='ocr_line' id='line_1_57' title="bbox 982 2855 1624 2891; baseline 0 -4"><span class='ocrx_word' id='word_1_363' title='bbox 982 2864 1059 2887; x_wconf 85' lang='lat' dir='ltr'><strong>rum</strong></span> <span class='ocrx_word' id='word_1_364' title='bbox 1089 2855 1352 2888; x_wconf 81' lang='lat' dir='ltr'><strong>enuntiatorum</strong></span> <span class='ocrx_word' id='word_1_365' title='bbox 1382 2855 1503 2888; x_wconf 87' lang='lat' dir='ltr'><strong>iuncta</strong></span> <span class='ocrx_word' id='word_1_366' title='bbox 1528 2858 1624 2891; x_wconf 76' lang='lat' dir='ltr'><strong>sunt,</strong></span> 
     </span>
     <span class='ocr_line' id='line_1_58' title="bbox 1051 2902 1695 2936; baseline 0.002 -2"><span class='ocrx_word' id='word_1_367' title='bbox 1051 2902 1222 2936; x_wconf 81' lang='lat' dir='ltr'><strong>honorate</strong></span> <span class='ocrx_word' id='word_1_368' title='bbox 1248 2902 1534 2936; x_wconf 58' lang='lat' dir='ltr'><strong>custod-‘veranum</strong></span> <span class='ocrx_word' id='word_1_369' title='bbox 1559 2912 1631 2936; x_wconf 86' lang='lat' dir='ltr'><strong>non</strong></span> <span class='ocrx_word' id='word_1_370' title='bbox 1660 2903 1695 2936; x_wconf 91' lang='lat' dir='ltr'><strong>in</strong></span> 
     </span>
     <span class='ocr_line' id='line_1_59' title="bbox 983 2949 1698 2995; baseline -0.001 -11"><span class='ocrx_word' id='word_1_371' title='bbox 983 2960 1126 2984; x_wconf 84' lang='lat' dir='ltr'><strong>earcere</strong></span> <span class='ocrx_word' id='word_1_372' title='bbox 1157 2950 1220 2984; x_wconf 85' lang='lat' dir='ltr'><strong>sed</strong></span> <span class='ocrx_word' id='word_1_373' title='bbox 1257 2951 1294 2984; x_wconf 89' lang='lat' dir='ltr'><strong>in</strong></span> <span class='ocrx_word' id='word_1_374' title='bbox 1331 2949 1436 2987; x_wconf 84' lang='lat' dir='ltr'><strong>domo</strong></span> <span class='ocrx_word' id='word_1_375' title='bbox 1470 2950 1698 2995; x_wconf 72' lang='lat' dir='ltr'><strong>magistratus</strong></span> 
     </span>
     <span class='ocr_line' id='line_1_60' title="bbox 981 2997 1696 3034; baseline 0 -2"><span class='ocrx_word' id='word_1_376' title='bbox 981 3003 1041 3032; x_wconf 87' lang='lat' dir='ltr'><strong>aut</strong></span> <span class='ocrx_word' id='word_1_377' title='bbox 1067 2998 1134 3032; x_wconf 83' lang='lat' dir='ltr'><strong>viri</strong></span> <span class='ocrx_word' id='word_1_378' title='bbox 1162 2997 1305 3033; x_wconf 84' lang='lat' dir='ltr'><strong>nobilis.</strong></span> <span class='ocrx_word' id='word_1_379' title='bbox 1370 2997 1425 3031; x_wconf 83' lang='lat' dir='ltr'><strong>Ex</strong></span> <span class='ocrx_word' id='word_1_380' title='bbox 1453 2997 1603 3034; x_wconf 83' lang='lat' dir='ltr'><strong>Medicei</strong></span> <span class='ocrx_word' id='word_1_381' title='bbox 1629 3007 1696 3032; x_wconf 89' lang='lat' dir='ltr'><strong>ve-</strong></span> 
     </span>
    </p>
   </div>
  </div>
 </body>
</html>
