1768 3216
144 241 222 278 ‘18ss
709 239 771 275 DE
797 238 1081 277 ORATORIBVS

148 359 263 408 Quae
291 358 395 398 haec
426 369 583 399 summa
615 369 757 399 eorum
784 358 967 412 potentia
1000 358 1095 399 est‘?
1154 358 1323 400 Tantum
1353 367 1479 412 posse
1500 357 1638 400 liberti

147 431 295 473 solent.
354 431 419 471 Me
452 443 553 472 vero
582 430 737 483 dulces,
770 435 814 472 ut
842 431 1040 486 Virgilius
1070 432 1149 484 ait,
1184 433 1348 484 Musae,
1381 435 1582 474 remotum
1614 443 1637 472 a

145 503 494 546 sollicitudinibus
525 509 565 546 et
596 506 707 546 curis
739 510 780 546 et
811 505 1062 547 necessitate
1090 506 1276 559 quotidie
1307 505 1462 560 aliquid
1490 507 1635 548 contra

148 578 327 620 animum
360 579 566 632 faciendi,
613 581 653 620 in
696 579 763 621 illa
801 592 922 621 sacra
964 580 1140 634 illosque
1180 581 1316 622 fontes
1348 580 1510 630 serant;
1560 588 1640 620 nec

113 652 335 695 sinsanum
366 653 471 695 ultra
503 659 543 695 et
572 654 773 696 lubricum
806 655 939 697 forum
965 655 1196 710 Famamque
1216 655 1436 710 pallentem
1455 653 1639 709 trepidus

147 728 350 781 experiar.
412 729 506 770 Non
537 742 602 770 me
633 729 818 771 fremitus
850 729 1112 772 salutantium
1141 743 1220 772 nec
1245 730 1444 772 anhelans
1468 729 1640 771 libertus

144 802 319 854 excitet3
352 815 429 844 nec
459 804 640 844 incertus
674 804 795 845 futuri
828 809 1117 847 testamentum
1149 817 1224 859 pro
1246 805 1424 860 pignore
1445 804 1638 856 scribam,

141 887 220 916 nec
261 876 351 929 plus
394 877 567 920 habeam
610 890 731 931 quam
772 878 882 932 quod
927 880 1081 932 possim
1126 880 1191 920 cui
1224 879 1347 921 velim
1388 878 1639 932 relinquere,

144 950 394 1004 quandoque
422 951 556 993 fatalis
588 956 628 993 et
664 965 778 994 meus
811 952 901 994 dies
927 954 1064 994 veniet
1080 967 1091 1004 ;
1121 958 1358 1007 statuarque
1380 952 1533 994 tumulo
1556 962 1640 994 non

93 1029 321 1068 lomaestus
353 1029 393 1066 et
422 1030 563 1077 atrox,
597 1026 670 1067 sed
705 1026 847 1067 hilaris
881 1031 920 1067 et
951 1031 1203 1078 coronatus;
1250 1032 1290 1068 et
1317 1038 1392 1081 pro
1425 1025 1626 1068 memoria

143 1100 225 1142 mei
259 1112 338 1140 nec
370 1100 559 1141 consulat
584 1101 798 1154 quisquam
830 1113 908 1142 nec
935 1105 1069 1155 roget.

278 1174 454 1215 Vixdum
482 1174 644 1216 linierat
666 1175 897 1226 Maternus,
925 1175 1157 1216 concitatus
1192 1179 1232 1214 et
1263 1174 1374 1216 velut
1404 1173 1637 1227 instinctus,
1655 1175 1709 1215 14

240 1339 257 1353 0

237 1355 271 1373 ο.
299 1339 397 1373 sollc.
425 1339 461 1373 1‘.
538 1341 662 1374 cotidie
689 1340 727 1382 F,
754 1345 793 1373 ut
820 1341 896 1374 sere
922 1340 1039 1375 solet:
1076 1341 1100 1374 1’
1126 1339 1287 1386 quotidie.
1389 1340 1422 1374 4.
1451 1340 1566 1385 sontes
1592 1338 1639 1373 P:

141 1387 168 1422 F
195 1388 314 1433 sontis.
453 1388 485 1422 5.
513 1389 674 1434 pallante
701 1389 724 1422 P
752 1391 842 1434 (non
869 1388 1069 1434 palantem,
1099 1394 1137 1422 ut
1163 1391 1281 1422 narrat
1306 1386 1428 1432 Tross)
1457 1397 1635 1433 superscr.

141 1436 184 1470 ab
210 1436 255 1470 al.
283 1446 327 1468 m.
350 1436 482 1481 pullen.
593 1437 786 1483 pallantem
816 1438 923 1471 etiam
953 1437 991 1471 F.
1101 1437 1133 1472 9.
1163 1436 1367 1481 quandoque
1395 1437 1487 1470 enim
1513 1436 1638 1482 fatalis

140 1484 205 1518 FP.
364 1486 481 1519 veniat
507 1484 583 1527 FP,
623 1486 684 1519 sed
713 1487 748 1518 in
776 1486 799 1519 P
835 1486 974 1520 litterae
1003 1491 1033 1519 et
1060 1486 1323 1530 superscriptae
1344 1511 1353 1528 ,
1392 1485 1567 1519 incertum
1593 1494 1638 1519 an

144 1532 187 1566 ab
213 1532 283 1566 alia
310 1543 425 1567 manu.
501 1535 553 1568 ll.
582 1545 659 1567 mea
685 1534 751 1567 litt.
780 1546 802 1567 a
828 1533 871 1567 ab
898 1533 942 1568 al.
972 1545 1016 1567 nl.
1049 1544 1225 1578 superscr.
1253 1534 1267 1567 i
1292 1532 1338 1566 P:
1366 1533 1435 1567 mei
1461 1534 1573 1567 ceteri
1604 1538 1640 1567 et

142 1582 308 1628 antiquae
337 1581 525 1616 editiones.
656 1584 709 1617 12.
738 1582 921 1617 instinctus
950 1582 995 1615 P:
1022 1583 1167 1616 stinctus
1194 1582 1231 1617 F.

207 1729 260 1751 me
277 1730 356 1752 vero
373 1718 488 1751 dulces
505 1723 572 1752 cet.
588 1730 595 1752 :
623 1718 853 1752 declamantis

989 1721 1124 1763 samam
1164 1718 1378 1763 pallentem:
1414 1716 1450 1750 h.
1479 1727 1512 1751 e.
1548 1726 1640 1761 quae

141 1769 268 1811 poetae
296 1767 500 1800 instinctum
528 1766 853 1810 'l'acitus1mitatur,

924 1767 1059 1810 pallere
1088 1767 1176 1801 facit
1207 1777 1268 1800 eos
1295 1767 1356 1811 qui
1382 1766 1494 1810 ipsam
1521 1765 1639 1808 possi-

142 1814 355 1848 concitatam
397 1817 658 1859 perorationem
703 1816 735 1848 ei
782 1816 853 1849 lar-

142 1863 285 1908 giendo.
333 1863 473 1908 Virgilii
505 1864 614 1897 verba
640 1865 785 1907 respicit
813 1864 852 1898 G.

141 1910 172 1944 ll
198 1912 290 1946 475:
342 1924 392 1945 me
425 1923 506 1945 vero
548 1913 697 1957 primum
738 1911 853 1946 dulces

143 1965 225 1992 ante
251 1960 368 1992 omnia
396 1961 538 2003 Musae,
572 1971 718 2004 quarum
746 1972 852 1993 sacra

142 2009 219 2051 fero
246 2008 379 2051 inqenti
400 2019 586 2052 percussus
610 2019 749 2051 amore,
789 2020 853 2042 ac·-

144 2055 287 2100 cipiunt.

213 2103 251 2136 in
276 2102 340 2135 illa
363 2113 470 2135 sacra
489 2102 632 2146 illosque
660 2105 772 2146 sontes
797 2106 853 2147 fe-

144 2156 247 2184 rant:
288 2150 322 2184 h.
354 2162 384 2183 e.
422 2151 578 2195 imagine
613 2156 748 2184 remota
783 2151 854 2184 ‘me

109 2197 113 2201 ”
143 2209 266 2233 verum
295 2202 434 2243 poetam
454 2197 609 2232 faciant’.
638 2198 769 2232 Fontes
791 2209 854 2233 co-

144 2248 233 2293 gitat
259 2257 378 2280 sacros
407 2251 440 2280 et
467 2247 673 2280 instinctum
714 2248 855 2281 facien-

143 2300 218 2338 tes,
247 2295 346 2329 velut
372 2295 634 2338 llippocrenem
651 2321 661 2337 ,
693 2295 855 2329 Pirenem

144 2344 245 2378 alios.
277 2343 330 2377 Cf.
348 2343 458 2377 Persii
474 2343 644 2388 prologus
667 2354 700 2376 v.
721 2345 736 2377 1
756 2354 854 2388 sqq.:

146 2404 212 2426 nec
235 2393 330 2435 sonte
352 2391 454 2424 labra
469 2392 586 2436 prolui
604 2391 791 2433 caballino,
811 2413 855 2418 --

145 2440 437 2483 Heliconidusque
455 2440 689 2484 pallidumque
707 2439 856 2473 Pirenen

144 2488 217 2522 illis
243 2489 390 2529 remitw,
419 2499 562 2531 quorum
578 2489 747 2532 imayines
765 2488 856 2521 lam-

146 2536 227 2570 bunt
243 2535 392 2568 hederae
409 2547 586 2578 sequaces.
614 2536 696 2568 Hor.
715 2535 828 2569 Carm.
844 2536 854 2568 Ι

145 2584 234 2620 266:
256 2595 373 2628 oquae
387 2584 539 2628 fontibus
559 2584 856 2627 inteqrisyaudeS,

145 2633 404 2678 apricos-necle
418 2633 532 2676 flores,
546 2652 589 2657 ——
607 2631 760 2676 Pimplea
777 2631 857 2664 dul-

147 2681 207 2714 cis.
228 2679 329 2714 Adde
340 2680 522 2714 Strabonis
541 2679 588 2713 lx
605 2680 686 2714 225
713 2690 745 2722 p.
772 2680 855 2714 410.

146 2729 191 2763 M.
236 2729 350 2772 Haupt
394 2727 593 2773 (Philolog.
626 2727 638 2760 l
667 2738 700 2771 p.
728 2727 797 2761 587
825 2738 856 2760 a.

150 2775 259 2819 1846)
287 2787 350 2821 pro
377 2776 536 2810 fontibus
565 2777 677 2809 suasit
705 2775 854 2820 frondis,

147 2825 275 2870 quibus
301 2831 502 2858 nemora‘et
527 2824 623 2858 lucos
659 2822 854 2869 significari

148 2872 272 2907 credit.
300 2873 369 2907 Sed
395 2877 570 2918 repugnat
596 2872 743 2918 linguae
762 2881 859 2914 usus,

147 2925 187 2954 ut
212 2922 349 2954 monuit
366 2921 534 2961 Orellius,
562 2931 681 2966 neque
694 2931 789 2954 nuuc
814 2919 858 2954 de

148 2978 295 3006 secessu
319 2968 478 3016 loquitur
503 2969 694 3004 Maternus.

922 1815 1018 1858 dent,
1053 1820 1090 1848 ut
1117 1814 1305 1849 Marcellus
1336 1818 1371 1847 et
1392 1814 1550 1857 Crispus,
1578 1813 1639 1857 qui

923 1873 993 1896 non
1021 1863 1135 1897 solum
1165 1865 1354 1904 timentur,
1392 1861 1456 1895 sed
1493 1861 1561 1905 ipsi
1587 1862 1638 1894 ti-

922 1916 1030 1946 ment.
1087 1912 1164 1953 Quo
1207 1910 1412 1957 significatu
1450 1908 1640 1955 pallentem

921 1961 1063 2004 scripsit
1089 1960 1148 1993 hic
1175 1964 1296 1993 noster
1321 1957 1447 1993 eodem
1467 1956 1640 2004 pallidam

922 2008 1073 2042 Pirenen
1096 2007 1238 2041 Persius
1264 2007 1406 2042 admisit
1441 2007 1477 2040 in
1511 2005 1632 2040 verbis

922 2055 1026 2089 modo
1054 2056 1220 2090 laudatis.

978 2132 1216 2160 testamentum
1227 2135 1291 2170 pro
1304 2124 1452 2170 plynore
1465 2122 1616 2157 scribam
1627 2133 1639 2155 .·

923 2176 1059 2220 cogitat
1096 2176 1346 2208 testamentum
1387 2183 1408 2206 a
1447 2171 1561 2204 divite
1600 2174 1636 2204 et

924 2223 1149 2267 periclitante
1173 2221 1293 2263 scribi,
1321 2228 1391 2265 quo
1419 2218 1552 2253 Caesar
1577 2223 1638 2252 aut

925 2272 1001 2306 eius
1029 2272 1134 2305 amici
1161 2270 1246 2303 fiant
1273 2267 1437 2311 heredes,
1462 2272 1563 2301 uteo
1579 2268 1637 2310 pi-

924 2330 1036 2365 gnore
1056 2321 1180 2353 vivere
1196 2321 1333 2363 pergat.
1363 2315 1419 2351 Cf.
1446 2315 1640 2350 Suetonius

923 2369 959 2401 in
991 2367 1112 2402 Vitell.
1144 2369 1199 2402 14.
1266 2364 1374 2399 Aliud
1410 2369 1464 2398 est
1497 2368 1532 2398 et
1572 2363 1638 2396 sub

925 2415 1137 2450 Caesaribus
1162 2414 1305 2458 saepius
1321 2423 1386 2446 usu
1402 2412 1513 2454 veuit,
1541 2411 1639 2457 quod

925 2464 1086 2507 proxime
1112 2462 1334 2508 significatur
1358 2472 1424 2494 nee
1458 2459 1537 2505 plus
1571 2459 1640 2493 Ιια-

925 2514 1023 2545 beam
1052 2532 1091 2540 -
1122 2510 1319 2554 relinquere
1330 2521 1342 2551 ,-
1379 2519 1413 2542 v.
1441 2512 1561 2541 annot.
1594 2507 1637 2541 ad

1007 2629 1212 2674 quandoque
1239 2626 1362 2672 fatalis
1390 2632 1422 2660 et
1448 2637 1542 2660 meus
1568 2625 1640 2659 dies

924 2680 1059 2711 veniet.-
1088 2677 1160 2712 dies
1185 2677 1307 2722 fatalis
1336 2681 1368 2709 et
1391 2686 1486 2709 meus
1512 2674 1545 2707 ei
1571 2683 1640 2717 op-

926 2727 1096 2769 ponitur,
1135 2736 1239 2771 quem
1280 2724 1452 2769 principis
1486 2722 1639 2756 saevitia

928 2774 1106 2817 festinat,
1131 2783 1309 2819 quemque
1334 2770 1499 2805 nonnulli
1525 2773 1639 2805 testa-

926 2828 1044 2855 mento
1073 2832 1136 2866 pro
1164 2822 1316 2867 pignore
1351 2821 1484 2864 scripto
1519 2828 1640 2853 remo-

929 2872 998 2904 rari
1025 2870 1180 2904 student.
1216 2869 1300 2903 Nam
1328 2869 1388 2914 qui
1417 2867 1507 2902 mori
1534 2866 1640 2900 iube-

927 2922 996 2961 tur,
1025 2923 1107 2952 ante
1133 2917 1226 2952 diem
1252 2926 1354 2950 suum
1387 2920 1422 2950 et
1451 2914 1595 2950 fatalem
1620 2924 1641 2947 e

927 2967 1002 3002 vita
1029 2966 1133 3001 cedit.
1161 2964 1231 3003 Sed
1258 2975 1278 2999 a
1303 2964 1430 3000 scribis
1445 2962 1639 3009 dupliciter
