1768 3216
131 204 155 230 ι
180 194 222 239 G,
249 195 309 233 69.
659 195 794 231 LIBER
820 196 862 231 ΙΙ.
915 196 1004 232 Cn.
1030 197 1190 233 81—83.
1566 199 1638 233 17³

131 311 193 355 ad·
215 312 341 356 civile
370 314 525 356 bellum
553 314 794 370 legionibus
824 320 945 370 terga
977 315 1248 358 nudarentur.
1307 314 1440 357 Titum
1481 315 1639 357 instare

130 387 326 442 Iudaeae,
357 390 658 444 Vespasianum
690 390 882 432 obtinere
913 390 1094 432 claustra
1125 390 1505 446 Aegypti-placuit.
1537 389 1639 433 Suf-

129 463 258 507 ficere
296 464 547 507 videbantur
589 466 794 508 adversus
839 465 1048 507 Vitellium
1086 479 1185 520 pars
1228 466 1442 520 copiarum
1480 470 1522 508 et
1551 465 1651 508 dux·

128 538 344 582 Mucianus
385 544 425 582 et
471 540 719 595 Vespasiani
760 554 912 583 nomen
954 554 1004 583 ac
1045 541 1364 603 nihilssssduum
1402 542 1511 584 satis.
1570 540 1638 583 Ad

131 624 280 656 omnes
309 615 520 657 exercitus
550 615 796 671 legatosque
826 617 1008 670 scriptae
1040 602 1257 670 epistulae,
1288 607 1670 671 praeceptumques

129 691 176 730 ut
202 690 495 743 praetorianos
510 691 678 732 Vitellio
710 691 900 732 infensos
929 691 1235 745 reciperandae
1253 691 1428 732 militiae
1449 691 1638 745 praemio

60 764 366 807 83invitarent.
426 765 641 808 Mucianus
674 779 768 808 cum
800 766 994 820 expedita
1029 779 1167 818 manu,
1196 767 1362 808 socium
1390 767 1525 821 magis
1556 767 1641 808 im-

127 839 234 892 perii
264 851 387 893 quam
417 840 661 882 ministrum·
682 853 838 895 agens,
881 853 966 882 non
997 840 1111 882 lento
1143 841 1317 893 itinere,
1359 854 1413 883 ne
1445 842 1635 883 cunctari

127 912 359 967 videretur,
390 911 526 968 neque
557 919 696 957 tamen
729 918 976 970 properans,
1006 915 1192 970 gliscere
1222 916 1375 957 famam
1392 917 1483 970 ipso
1503 916 1638 970 spatio

128 986 318 1043 sinebat,
355 1000 515 1043 gnarus
545 989 735 1031 modicas
767 990 879 1031 vires
910 989 1016 1042 sibi,
1065 994 1105 1032 et
1135 990 1295 1032 maiora
1327 990 1445 1032 credi
1476 990 1530 1032 de
1561 990 1640 1032 ab-
1655 999 1695 1028 ιο

129 1062 331 1105 sentibus.
390 1063 473 1106 Sed
512 1063 627 1119 legio
669 1068 786 1105 sexta
831 1068 873 1104 et
917 1064 1119 1106 tredecim
1162 1065 1477 1117 vexillariorum
1524 1065 1638 1107 milia

1164 1114 1400 1129 ,mg-„⁴-„.

129 1136 291 1191 ingenti
340 1138 509 1193 agmine
557 1139 852 1195 sequebantur.
914 1139 1100 1182 Classem
1146 1153 1170 1181 e
1210 1140 1342 1182 Ponto
1389 1140 1634 1196 Byzantium

1155 1190 1314 1207 ,ffl‘w

130 1211 247 1267 adigi
275 1212 472 1266 iusserat,
505 1213 724 1268 ambiguus
756 1214 923 1256 consilii
954 1227 1050 1256 num
1084 1215 1240 1273 omissa
1268 1215 1427 1258 Moesia
1445 1216 1638 1271 Dyrrha-

130 1286 270 1329 chium
298 1287 441 1342 pedite
471 1292 595 1342 atque
636 1289 799 1343 equite,
844 1289 966 1331 simul
1003 1289 1143 1344 longis
1183 1290 1359 1332 navibus
1389 1303 1556 1333 versum
1592 1291 1634 1332 in
1692 1266 1768 1329 τὲ

1445 1342 1536 1353 ⁴0⁶-—

128 1360 287 1404 ltaliam
328 1375 442 1404 mare
482 1363 720 1416 clauderet,
758 1368 844 1406 tuta
878 1377 990 1418 pone
1030 1369 1193 1420 tergum
1233 1365 1396 1407 Achaia
1428 1337 1768 1441 ASiflque’ssgcs:

131 1447 235 1490 quas
266 1436 449 1479 inermes
482 1438 636 1497 exponi
663 1438 846 1491 Vitellio,
880 1439 922 1480 ni
953 1440 1178 1493 praesidiis
1199 1440 1482 1491 firmarentur3
1514 1445 1768 1501 atquetspwt

129 1510 263 1566 ipsum
292 1511 499 1555 Vitellium
531 1514 573 1554 in
604 1514 767 1555 incerto
800 1515 893 1556 sore
926 1527 1047 1568 quam
1081 1519 1241 1569 partem
1262 1515 1405 1557 Italiae
1433 1520 1636 1570 protege-
1661 1514 1750 1594 ,hp—,7

1659 1592 1765 1631 okw

241 1669 276 1702 1.
305 1668 414 1702 civili
442 1667 507 1702 Ma.
559 1671 593 1704 2.
622 1669 747 1702 iudeae
772 1668 839 1703 Ma.
890 1672 924 1704 4.
953 1669 1066 1703 nichil
1085 1669 1150 1703 Ma.
1204 1670 1237 1703 5.
1266 1669 1365 1714 eplae
1391 1680 1469 1702 cum
1499 1666 1645 1705 limma.

136 1715 173 1751 6.
195 1717 452 1762 reciperandae
472 1716 546 1750 Ma:
575 1717 602 1751 G
631 1729 750 1763 ηενρ.
833 1719 887 1753 10.
914 1719 981 1751 sibi
1004 1718 1078 1752 Ma:
1105 1718 1173 1751 sibi
1192 1730 1266 1751 esse
1295 1718 1323 1752 G
1344 1722 1379 1752 et
1406 1718 1655 1752 Oxonienses.'

139 1766 335 1799 assentilms
361 1767 494 1811 primae
521 1778 537 1799 s
564 1776 742 1809 superscr.
773 1767 792 1800 b
818 1765 884 1800 Ma.
930 1802 934 1808 ,
972 1767 1027 1802 13.
1057 1766 1275 1800 dirrachium
1303 1766 1368 1801 Ma.
1451 1766 1505 1801 14.
1533 1767 1645 1811 equite

136 1812 220 1848 Ma:
247 1815 359 1859 equite
380 1821 514 1861 peteret
542 1815 570 1849 G
597 1819 632 1848 et
661 1815 900 1850 Osonienses.
981 1817 1035 1850 15.
1065 1827 1218 1861 asynque
1246 1815 1312 1850 Ma.
1368 1815 1423 1850 16.
1457 1819 1558 1860 quasi
1585 1816 1643 1860 (in

136 1872 262 1897 versus
288 1862 379 1910 fine)
405 1864 557 1897 inermes
588 1862 657 1898 Ma.

136 1991 260 2027 danus
284 2013 327 2019 -
357 1992 491 2035 obtulit,
518 1992 583 2027 sed
607 1992 710 2026 illato
735 2003 782 2026 ne
808 2014 851 2020 -

136 2040 274 2086 quidem
300 2040 393 2075 hanc
419 2043 595 2075 sermonis
612 2047 749 2086 partem
768 2052 854 2085 prae

1009 2003 1054 2026 ac
1090 1991 1183 2025 nihil
1217 1992 1366 2026 arduum
1400 1992 1512 2037 sutis.-
1554 1991 1645 2026 haec
1685 2008 1700 2032 γ

924 2042 1025 2086 quasi
1063 2042 1100 2074 in
1136 2041 1425 2085 supplementum
1468 2040 1645 2074 accedunt
1694 2049 1698 2086 j

136 2089 250 2123 altera
264 2089 429 2133 intendit,
449 2095 488 2122 ut
504 2101 579 2124 rem
594 2101 722 2124 novam
740 2090 866 2129 fuisse*

135 2137 370 2184 significaret.
430 2138 530 2180 Quae
557 2140 594 2172 in
620 2140 854 2179 annotatione

135 2186 181 2220 ad
204 2187 364 2222 Annales
391 2186 439 2220 lv
455 2189 502 2222 35
529 2192 689 2222 extrema
718 2187 762 2221 de
788 2199 855 2221 nec

136 2255 183 2262 -
210 2235 346 2279 quidem
375 2235 431 2268 bis
457 2236 550 2280 apud
571 2236 728 2270 Tacitum
758 2235 855 2270 tole-

138 2282 250 2316 rando
275 2283 375 2325 dixi,
401 2294 495 2318 nunc
523 2284 683 2318 tollenda
708 2294 854 2326 censeo,

136 2336 325 2377 postquam
357 2331 427 2364 fido
468 2331 602 2367 Baiter}
648 2333 855 2366 testimonio

140 2379 269 2422 didici,
306 2381 342 2414 in
371 2379 424 2414 Ma
451 2380 472 2414 h
514 2380 540 2415 l.
576 2382 650 2427 legi
677 2393 740 2424 ne,
783 2391 854 2414 uon

140 2440 219 2463 nec.
246 2427 352 2463 Cous.
378 2429 421 2463 ad
448 2429 490 2463 Η.
517 2428 566 2463 IV
595 2430 654 2465 38.

205 2479 449 2523 provisumque
474 2489 519 2512 ne
543 2499 588 2504 —
614 2479 854 2513 nudarentur:

137 2524 194 2559 his
221 2526 342 2560 verbis
367 2526 592 2572 significatur
624 2538 696 2561 non
739 2527 854 2561 solum

137 2574 354 2618 paciscendo
393 2580 429 2608 et
461 2577 580 2609 missis
622 2576 755 2622 legatis
791 2575 856 2609 sed

136 2621 313 2656 militibus
332 2624 377 2674 jn
391 2623 492 2666 Syria
521 2629 556 2658 et
581 2625 624 2659 ad
652 2627 763 2668 ripam
779 2623 856 2657 Eu-

138 2668 287 2712 phratis,
315 2676 485 2714 quantum
501 2674 587 2705 satis
602 2679 690 2715 erat,
718 2672 856 2706 relictis

138 2717 395 2764 dispositisque
420 2725 647 2763 prospectum
676 2731 781 2762 esse,
808 2732 854 2755 nc

138 2764 256 2799 Parthi
271 2766 505 2812 Armeniique
531 2779 679 2802 vacuam
703 2770 854 2813 provin-

139 2815 229 2848 ciam
256 2820 487 2860 occuparent.
535 2816 633 2850 Haec
657 2817 703 2851 de
730 2818 854 2861 Syria:

138 2864 175 2896 in
218 2865 389 2908 proximis
426 2864 469 2898 ad
505 2863 669 2898 Iudaeam
702 2866 856 2910 scriptor

139 2912 306 2956 pervenit
323 2922 507 2958 exponens
528 2913 705 2959 quomodo
722 2915 756 2948 ei
778 2919 855 2950 ter-

139 2970 201 2995 rae
225 2961 407 3008 provisum
433 2962 491 2997 sit.

924 2089 967 2122 ad
987 2090 1193 2135 Vespasiani
1212 2101 1360 2133 nomen5
1386 2089 1478 2123 nihil
1496 2089 1645 2123 arduum

922 2139 1008 2182 satis
1034 2149 1098 2182 pro
1124 2148 1196 2172 uno
1233 2140 1379 2172 nomine
1413 2138 1640 2172 substantivo
1700 2181 1705 2187 ,

924 2186 1035 2220 valet.
1074 2186 1128 2220 De
1157 2198 1195 2220 re
1222 2187 1270 2221 cf.
1298 2187 1340 2221 H.
1369 2187 1384 2220 1
1415 2188 1470 2229 10,
1500 2186 1532 2220 lt
1559 2187 1618 2221 78.
1703 2190 1705 2201 ¹

998 2235 1083 2279 Cap.
1099 2235 1159 2270 83.
1199 2235 1289 2280 tegio
1315 2242 1437 2269 sexta:
1468 2234 1558 2268 haec
1585 2235 1645 2268 in-

926 2283 970 2316 de
996 2295 1016 2317 a
1042 2284 1173 2317 Tiberii
1202 2282 1366 2317 Caesaris
1408 2287 1570 2327 tempore
1605 2284 1643 2316 in

926 2332 1027 2375 Syria
1055 2332 1146 2374 fuit3
1185 2343 1220 2365 v.
1251 2331 1282 2365 11
1310 2332 1356 2367 79
1398 2337 1433 2365 et
1458 2331 1526 2374 81,
1562 2331 1645 2365 ΧΙΙΙ

924 2381 985 2423 40,
1012 2380 1075 2414 XV
1103 2381 1126 2415 6
1153 2386 1188 2414 et
1213 2381 1272 2415 26.
1300 2380 1343 2414 Η.
1369 2379 1415 2414 ΙΙΙ
1436 2379 1497 2415 46.
1531 2379 1643 2414 Prae-

926 2433 1025 2463 terea
1061 2434 1162 2463 sexta
1194 2429 1387 2474 Hispanica
1422 2438 1643 2464 commemo-

926 2483 1024 2511 ratur
1049 2477 1089 2511 Η.
1120 2478 1167 2512 111
1192 2478 1253 2521 44,
1280 2478 1327 2512 lv
1355 2477 1414 2512 68.
1435 2477 1643 2511 'Tredecim

926 2526 1195 2560 vexillariorum
1228 2527 1327 2561 inilia
1358 2537 1429 2560 non
1465 2530 1547 2560 sunt
1573 2537 1643 2559 ve-

925 2577 1061 2618 terani,
1097 2587 1188 2621 quae
1215 2575 1371 2609 Walchii
1414 2575 1536 2619 opinio
1563 2574 1644 2615 suit,

925 2624 988 2658 sed
1015 2623 1141 2658 delecti
1168 2625 1246 2657 sive
1274 2623 1409 2657 vexilla
1435 2635 1479 2656 ex
1510 2622 1642 2655 ceteris

924 2672 1150 2706 Palaestinae
1188 2678 1222 2705 et
1260 2673 1385 2715 Syriae
1422 2669 1641 2716 legionibuS.

926 2721 1002 2754 Vid.
1032 2726 1153 2754 annot.
1183 2720 1225 2753 ad
1254 2720 1267 2752 1
1293 2719 1353 2754 38.
1387 2719 1496 2752 Iidem
1523 2719 1642 2763 signi-

924 2769 1074 2803 ficantur
1109 2769 1150 2802 H.
1178 2768 1226 2801 lv
1252 2768 1300 2802 46
1338 2767 1446 2801 lectus
1480 2769 1642 2800 inean-

925 2819 999 2851 dem
1024 2828 1118 2862 spem
1146 2828 1162 2849 e
1187 2816 1380 2860 leyiouibus
1397 2815 1506 2849 miles.
1535 2814 1644 2849 Clas..

924 2878 994 2899 sem
1021 2876 1039 2898 e
1065 2865 1172 2898 Ponto
1199 2864 1292 2897 idem
1330 2869 1384 2898 est
1410 2869 1517 2909 atque
1544 2864 1642 2900 clas.

925 2925 996 2948 sem
1021 2914 1060 2946 in
1083 2914 1177 2946 man·
1204 2912 1349 2946 Pontico
1379 2919 1538 2948 stantem.

1000 2973 1085 3008 quas
1123 2962 1274 2996 inermes
1307 2963 1436 3009 exponi
1476 2962 1638 3000 Vitellio.-
