1768 3216
54 893 114 935 25
130 922 135 924 ⁷

749 241 836 278 Gar.
863 239 1019 279 24—25.

121 358 259 405 :daus
299 362 528 414 portusque
575 372 651 415 per
708 359 960 402 commercia
1015 362 1057 401 et
1100 355 1388 413 negotiatores
1436 357 1611 414 cogniti.

119 433 324 490 Agricola
349 434 564 488 expulsum
594 434 804 482 seditione
831 433 1062 476 domestica
1091 444 1216 475 unum
1246 445 1300 474 ex
1327 431 1617 488 regulisgem

120 509 179 552 tis
204 513 455 564 exceperat,
498 522 549 552 ac
579 510 723 564 specie
756 508 965 551 amicitiae
1005 508 1048 550 in
1089 507 1358 549 occasionem
1395 507 1619 551 retinebat.¹

121 584 258 638 saepe
283 595 340 626 ex
369 595 421 626 eo
452 583 594 625 audivi
622 583 794 638 legione
822 595 904 625 una
933 585 974 625 et
1002 581 1181 624 modicis
1210 580 1375 624 auxiliis
1414 580 1621 624 debellari

125 657 387 712 obtinerique
415 658 658 701 Hiberniam
674 671 800 712 posse
811 673 823 710 ;
853 658 979 712 idque
998 657 1120 700 etiam
1141 656 1343 699 adversus
1361 655 1658 700 Britanniams
1719 716 1723 719 ι

124 732 400 787 profuturum,
430 733 468 775 si
496 733 681 776 Romana
708 733 862 788 ubique
890 745 1021 786 arma,
1053 736 1094 774 et
1122 731 1237 774 velut
1263 744 1288 774 e
1314 735 1542 786 conspectu
1568 731 1628 774 li..

124 806 269 851 bertas
300 807 528 865 tolleretur.

213 881 457 924 ,Ueterum
498 885 658 924 aestate
699 893 779 936 qua
820 884 983 923 sextum
1025 879 1155 923 officii
1196 892 1348 922 annum
1386 879 1625 934 inchoabat,

126 955 347 1011 amplexus
371 957 563 999 civitates
594 961 709 999 trans
739 956 980 998 Bodotriam
1011 955 1130 1007 sitaS,
1161 954 1257 1009 quia
1287 958 1425 997 motus
1454 955 1629 999 univer-

185 1075 231 1137 ἰ.
255 1102 341 1146 par]
371 1105 404 1134 ee
428 1101 471 1135 Δ.
545 1099 582 1135 8.
611 1098 762 1134 conatae
785 1099 837 1137 A:
863 1100 895 1135 r
914 1096 1116 1134 incohatae.
1191 1096 1226 1135 9.
1247 1096 1383 1145 amplas
1405 1096 1628 1137 vitiumru..

122 1145 270 1182 teolaui.

120 1288 311 1331 propterea
320 1285 683 1331 quodMaggioranins
694 1286 738 1321 ad
748 1287 839 1321 haec

121 1334 232 1370 verba
257 1335 352 1379 typis
378 1344 548 1378 expressa
579 1335 616 1368 in
643 1335 839 1379 exemplari

123 1393 190 1420 suo
213 1382 306 1417 nihil
344 1383 597 1417 annotaverit:
635 1383 700 1419 sed
724 1383 840 1417 silen-

121 1432 210 1466 tium
237 1435 274 1466 et
297 1429 508 1476 plerumque
547 1430 692 1465 infidum
733 1433 839 1466 testi-

121 1480 277 1515 monium
306 1483 361 1513 est
387 1484 423 1513 et
459 1489 554 1512 nunc
580 1481 657 1514 iure
687 1479 836 1513 addubiae

121 1532 216 1562 tatur
241 1532 386 1572 propter
410 1528 604 1562 varietates
641 1527 723 1562 libri
747 1530 780 1562 Δ
804 1533 841 1562 et

120 1575 322 1612 Puteolani.

182 1668 355 1714 Agricola
381 1667 561 1714 expulsum
585 1668 753 1701 sedicione
773 1667 837 1701 do-

122 1718 268 1752 mestica
291 1728 399 1751 unum
427 1727 471 1749 ca:
502 1715 633 1760 regulis
675 1737 718 1743 —-
749 1717 838 1749 reti-

119 1765 252 1800 netme:
278 1765 402 1799 eadem
430 1765 624 1798 occasione
649 1773 734 1796 usus
755 1763 838 1797 Bri..

119 1814 277 1848 tanniam
314 1822 507 1859 aggressus
556 1817 632 1846 erat
668 1811 838 1846 Claudius

119 1864 337 1908 imperator,
377 1862 439 1906 qui
463 1860 631 1895 Bericum
658 1859 838 1894 seditione

120 1910 318 1945 domestica
341 1909 484 1954 pulsum
510 1912 727 1954 exceperat:
768 1908 836 1942 Dio

188 2073 295 2108 saepe
319 2072 365 2095 esc
390 2072 429 2095 co
455 2059 597 2099 audivi:
639 2069 836 2104 pronomen

121 2122 161 2145 co
186 2110 332 2145 nonnisi
355 2109 400 2143 ad
421 2107 628 2155 Agricolam
656 2109 749 2143 iuste
775 2119 837 2142 re-

119 2159 206 2195 ferri
221 2162 370 2204 potest,
403 2157 447 2191 de
474 2166 544 2202 quo
568 2157 730 2200 proxime
755 2159 837 2201 (ea-

120 2213 262 2253 ceperat
286 2227 332 2234 -
355 2205 545 2248 retinebat)
585 2204 729 2239 tradidit
752 2215 837 2238 nar-

118 2259 228 2289 rator.
279 2253 389 2295 Quot!
405 2264 479 2286 una
504 2252 641 2297 legione
667 2258 699 2286 et
722 2252 837 2286 modi-

122 2304 172 2337 cis
215 2301 359 2336 auvil-‘is
409 2299 581 2333 debellari
621 2300 837 2344 obtinerique

119 2350 328 2384 Hiberniam
347 2359 448 2393 posse
472 2346 646 2392 Agricola
670 2347 772 2388 dixit,
800 2347 837 2380 id

120 2399 208 2433 fecit
246 2399 442 2432 instructus
474 2395 609 2428 nuntiis
649 2404 670 2427 a
705 2394 834 2439 regulo

120 2446 185 2480 illo
210 2445 366 2490 aliisque
394 2443 565 2487 acceptis.
612 2442 701 2476 Mire
728 2441 834 2477 Orel-

120 2494 210 2529 lius:
230 2493 312 2528 ‘nec
336 2502 423 2527 vero
438 2490 623 2537 Agricola,
652 2490 713 2535 qui
739 2500 834 2524 nun-

120 2553 224 2588 qnam
251 2541 458 2576 Hiberniam
484 2541 652 2580 intrarat,
687 2537 758 2572 hoc
783 2539 834 2572 ita

118 2595 259 2626 temere
296 2590 439 2624 effutire
480 2586 642 2631 poterat’.
693 2585 833 2629 Quippe

118 2639 283 2683 sequitur
307 2647 387 2671 cum
412 2635 573 2669 Dronkio
607 2639 642 2668 et
667 2633 833 2668 Doeder-

120 2686 210 2720 linio
234 2685 460 2725 Passovium‚
501 2684 562 2728 qui
588 2691 653 2715 suo
683 2681 852 2715 arbitrio·

119 2734 242 2768 statuit
253 2732 412 2766 Tacitum
427 2732 464 2764 in
474 2730 694 2764 Britanniam
711 2734 831 2763 trans-

120 2791 281 2828 gressum
307 2791 412 2821 esse,
440 2783 479 2812 ut
505 2779 555 2813 ibi
578 2777 742 2823 regulum
768 2777 835 2811 lli-

119 2830 268 2865 berniae
300 2828 391 2862 haec
422 2827 666 2871 proferentem
703 2825 833 2860 audie-

118 2879 176 2911 rit.
216 2877 285 2912 Sed
312 2876 493 2910 silentium
524 2874 680 2908 auctoris
706 2873 769 2908 tali
796 2874 832 2907 in

119 2936 158 2960 re
187 2926 385 2960 certissima
411 2923 498 2957 fides
533 2927 587 2957 est
625 2932 705 2955 eum
735 2932 832 2955 nnu-

119 2984 224 3020 quam
249 2974 287 3013 in
309 2973 494 3008 Britannia
516 2971 641 3008 tuine.
668 2969 738 3006 Sed
762 2969 832 3003 hoc

910 1286 1049 1320 etiamsi
1075 1286 1112 1319 in
1137 1284 1255 1319 medio
1285 1285 1542 1330 relinquamus,
1567 1289 1626 1320 ta..

908 1345 990 1369 men
1015 1334 1190 1368 sermonis
1223 1334 1316 1367 ratio
1342 1332 1513 1376 impedit,
1554 1344 1624 1378 quo

908 1383 1024 1417 minus
1050 1394 1094 1416 ex
1119 1393 1158 1416 eo
1186 1381 1230 1415 de
1249 1381 1378 1427 regulo
1393 1381 1525 1414 dictum
1543 1392 1624 1417 esse

910 1431 1160 1465 concedamus.
1205 1428 1346 1463 Tacitus
1373 1428 1463 1463 haec
1488 1428 1623 1465 Romae

907 1479 1044 1513 audivit
1078 1489 1123 1513 ex
1156 1488 1218 1512 ore
1251 1478 1395 1520 soceri,
1435 1482 1623 1523 postquam

906 1529 936 1561 is
963 1538 994 1562 a.
1019 1527 1067 1562 85
1099 1548 1139 1563 =
1164 1525 1238 1562 838
1272 1537 1317 1560 ex
1341 1526 1527 1560 Britannia
1560 1537 1623 1561 re-

906 1580 1055 1610 vocatus
1082 1580 1149 1610 est.
1173 1573 1278 1609 Cous.
1302 1577 1345 1609 4:
1371 1575 1541 1608 memoria
1565 1579 1622 1608 te-

905 1636 971 1658 neo
995 1623 1133 1658 solitum
1158 1624 1271 1668 ipsum
1298 1633 1466 1656 narrare.
1516 1622 1623 1656 Taci-

907 1677 963 1706 tus
991 1683 1070 1706 cum
1084 1670 1256 1719 Agricola
1282 1671 1317 1703 in
1344 1671 1433 1705 urbe
1458 1675 1624 1705 versatus

906 1725 961 1761 est
996 1731 1111 1765 usque
1143 1719 1187 1754 ad
1221 1729 1351 1752 annum
1388 1719 1436 1754 90
1466 1735 1508 1752 ε..-
1535 1719 1620 1755 843.

907 1768 961 1803 Cr.
989 1768 1167 1803 Prooemii
1198 1767 1310 1800 nostri
1337 1778 1367 1801 c.
1395 1766 1430 1803 6.

964 1865 1050 1910 Cap.
1064 1866 1122 1900 25.
1151 1864 1330 1911 amplexus
1348 1863 1506 1897 civitates
1521 1867 1622 1897 trans

905 1913 1110 1948 Bodotriam
1133 1914 1243 1947 sitas.-
1282 1911 1473 1946 nonnullas
1500 1921 1621 1945 earum

906 1962 1091 1996 civitatum
1115 1961 1288 2007 Agricola
1320 1960 1426 1993 tertio
1469 1958 1621 2003 expedi-

904 2011 1042 2043 tionum
1069 2019 1162 2043 anno
1185 2013 1418 2055 percurrerat
1443 2011 1480 2042 et
1506 2017 1621 2052 usque

905 2057 949 2092 ad
972 2057 1079 2091 Taum
1108 2067 1319 2103 progressus
1356 2060 1432 2090 erat
1463 2057 1515 2100 (c.
1540 2056 1619 2101 22).

904 2105 943 2139 lu
968 2110 1091 2151 quarta
1118 2105 1348 2150 expeditione
1366 2105 1410 2138 ad
1431 2108 1620 2148 utrumque

906 2154 999 2188 latus
1027 2153 1167 2188 insulae
1190 2163 1262 2186 non
1290 2151 1443 2196 amplius
1470 2161 1621 2196 proces-

904 2203 951 2236 sit
978 2213 1081 2248 quam
1103 2202 1147 2235 ad
1173 2201 1378 2235 Bodotriam
1405 2205 1441 2234 et
1467 2199 1618 2241 Clotam‚

904 2255 941 2284 et
981 2254 1171 2295 angustum
1216 2254 1334 2283 terrae
1372 2248 1527 2292 spatium
1565 2246 1619 2279 bis

890 2299 1130 2331 ‘interiectum
1186 2295 1373 2340 praesidiis
1417 2293 1620 2327 immunivit

907 2345 992 2390 (23)
1008 2371 1017 2386 ,
1057 2345 1241 2377 summotis
1268 2342 1431 2376 hostibus
1455 2340 1556 2375 velut
1582 2341 1618 2375 in

905 2391 1009 2425 aliani
1050 2391 1215 2426 insulam.
1276 2391 1441 2424 Proxima
1481 2393 1618 2423 aestate

904 2450 973 2484 qua
998 2439 1158 2484 quintum
1172 2438 1286 2474 officii
1310 2448 1440 2472 annum
1466 2437 1619 2471 inchoa-

903 2488 975 2529 vit,
1018 2486 1156 2521 Clotam
1184 2492 1427 2533 transgressus
1455 2487 1491 2519 in
1518 2490 1619 2530 parte

903 2533 1042 2569 insulae
1069 2545 1160 2580 quae
1171 2535 1377 2570 Hiberniam
1403 2534 1531 2578 aspicit
1550 2544 1619 2568 no·-

902 2593 965 2617 vas
992 2588 1119 2628 gentes
1145 2582 1281 2618 domuit
1298 2580 1395 2628 (24).
1429 2581 1524 2616 Idem
1552 2582 1619 2616 hac

902 2634 1003 2666 sexta
1030 2631 1261 2676 expeditione
1287 2636 1454 2674 suscepta
1492 2631 1528 2663 in
1558 2629 1617 2663 lo-

902 2679 953 2713 cis
979 2683 1074 2713 trans
1085 2679 1289 2713 Bodotriam
1315 2678 1393 2712 sitis
1421 2679 1456 2712 in
1475 2677 1616 2711 diversa

900 2731 999 2771 parte
1040 2727 1179 2763 insulae
1226 2727 1420 2771 (orientem
1470 2727 1615 2770 versus)

903 2776 1062 2809 facturus
1099 2780 1163 2808 est.
1226 2773 1416 2819 Amplexus
1453 2781 1523 2805 nou
1561 2777 1617 2808 est

903 2825 1019 2857 animo
1045 2822 1249 2867 amplam,
1291 2821 1354 2855 sed
1392 2821 1553 2854 exercitu
1579 2824 1616 2855 et

904 2869 1086 2912 castellis3
1112 2881 1144 2904 c.
1175 2870 1241 2903 17:
1274 2879 1503 2914 magnamque
1529 2868 1614 2902 Bm·-

900 2924 1043 2964 9antum
1080 2923 1217 2962 partem
1253 2923 1314 2951 aut
1345 2917 1496 2953 victoria
1533 2926 1614 2952 am-

896 2966 1020 3014 ple-tus
1046 2971 1095 3000 est
1121 2970 1181 2999 aut
1207 2963 1307 3004 bello,
