1768 3216
179 219 203 246 ι
227 209 268 247 G.
292 211 354 248 09.
692 210 830 248 LIBER
852 211 915 248 ln.
967 211 1056 248 Gar.
1081 213 1240 249 84—86.
1606 215 1682 251 871

177 328 385 372 tribunum
414 329 659 383 adpetierit,
690 330 735 371 in
761 329 924 371 incerto
956 330 1055 372 suit:
1087 342 1231 373 aurem
1260 330 1416 374 tribuni
1453 333 1679 387 amputavit

106 409 229 450 85ac
258 405 396 446 statim
426 405 650 447 confossus
681 409 758 447 est.
820 404 1028 446 Vitellium
1058 405 1221 448 infestis
1261 407 1529 450 mucronibus
1574 419 1679 450 coa-

178 483 288 520 ctum
318 478 443 520 modo
474 479 642 534 erigere
672 491 720 520 os
752 483 793 520 et
823 477 978 521 offerre
1018 480 1306 533 contumeliis,
1338 493 1449 523 nunc
1479 481 1678 524 cadentes

178 557 336 596 statuas
363 565 477 606 suas,
504 553 747 608 plerumque
773 554 924 596 Rostra
956 558 1026 596 aut
1049 554 1204 597 Galbae
1234 556 1368 597 occisi
1399 556 1538 598 locum
1570 567 1679 598 con-

173 629 304 682 tueri,
334 632 547 683 postremo
577 628 628 671 ad
660 628 900 682 Gemonias,
931 629 1002 670 ubi
1031 641 1182 684 corpus
1213 630 1342 673 Flavii
1372 630 1712 676 Sabiniiacued

173 708 253 756 rat,
283 704 520 758 propulere.
581 703 669 746 Una
700 715 786 746 vox
814 716 900 746 uon
931 704 1157 759 degeneris
1189 705 1316 747 animi
1347 711 1520 761 excepta
1539 738 1551 759 ,
1584 719 1679 749 cum

172 779 339 821 tribuno
369 778 583 820 insultanti
613 791 661 820 se
691 782 831 820 tamen
862 779 1156 832 imperatorem
1177 780 1267 822 eius
1290 781 1422 822 fuisse
1445 782 1676 835 respondit.

171 851 238 894 A'c
277 852 433 894 deinde
475 853 654 907 ingestis
702 852 952 894 vulneribus
987 853 1187 894 concidit.
1246 854 1298 895 Et
1338 854 1489 909 vulgus
1529 855 1676 896 eadem

169 927 374 982 pravitate
423 927 714 968 insectabatur
760 913 1026 969 interfectum
1044 959 1055 980 ‚
1113 939 1193 982 qua
1242 928 1408 970 foverat
1451 929 1675 971 viventem.

98 1001 303 1050 &Patria
333 1001 394 1044 illi
422 1002 612 1044 Luceria.
663 1002 890 1056 Septimum
921 1006 962 1044 et
994 1003 1383 1057 quinquagesimum
1416 1004 1563 1045 aetatis
1596 1017 1676 1046 an-
1691 1016 1730 1044 ιο

168 1089 267 1119 num
297 1077 502 1131 explebat.
546 1076 814 1118 Consulatum
844 1076 1100 1129 sacerdotia,
1130 1089 1286 1118 nomen
1314 1077 1537 1132 locumque
1567 1078 1676 1120 inter

167 1153 375 1208 primores
421 1152 532 1194 nulla
577 1164 652 1194 sua
697 1152 929 1205 industria,
972 1152 1047 1193 sed
1087 1156 1238 1194 cuncta
1265 1153 1395 1206 patris
1426 1153 1675 1195 claritudine

171 1228 361 1283 adeptus.
421 1227 701 1282 Principatum
736 1228 775 1268 ei
807 1227 993 1269 detulere
1039 1228 1110 1282 qui
1155 1228 1290 1282 ipsum
1332 1239 1417 1269 non
1453 1233 1672 1270 noverant.

166 1302 312 1345 Studia
342 1302 551 1344 exercitus
580 1314 679 1344 raro
711 1301 904 1356 cuiquam
932 1301 1055 1343 bonis
1086 1301 1243 1343 artibus
1275 1303 1464 1356 quaesita
1496 1302 1674 1356 perinde

164 1376 341 1419 adfuere
371 1390 493 1431 quam
522 1377 619 1419 huic
664 1389 742 1431 per
784 1377 1010 1431 ignaviam.
1072 1376 1213 1418 Inerat
1249 1380 1389 1418 tamen
1428 1377 1672 1431 simplicitas
1687 1386 1726 1417 ¹⁵

161 1463 212 1494 ac
229 1451 456 1494 liberalitas
469 1465 481 1502 3
503 1463 624 1506 quae,
643 1451 688 1492 ni
703 1450 813 1493 adsit
837 1450 1000 1503 modus,
1021 1450 1064 1492 in
1086 1451 1256 1492 exitium
1278 1455 1512 1493 vertuntur.
1547 1451 1671 1493 Ami-

162 1526 284 1568 citias
329 1526 426 1568 dum
465 1525 755 1581 magnitudine
800 1538 1015 1568 munerum
1036 1557 1048 1578 ,
1096 1538 1183 1567 non
1230 1527 1466 1568 constantia
1510 1539 1672 1568 morum

161 1601 370 1644 contineri
398 1605 527 1656 putat,
559 1601 708 1642 meruit
728 1601 863 1656 magis
895 1613 1016 1656 quam
1043 1600 1199 1642 habuit.
1243 1601 1319 1642 Rei
1344 1601 1538 1655 publicae
1557 1602 1667 1644 haud

308 1756 444 1802 Lndp.
473 1754 548 1791 Ma:
575 1767 655 1802 app.
684 1755 724 1791 G.
822 1756 857 1791 6.
884 1766 960 1790 una
981 1766 1052 1790 voa.-
1077 1753 1182 1790 Gna:
1210 1755 1238 1789 B
1262 1766 1330 1789 vox
1352 1766 1439 1789 una.
1523 1755 1559 1790 8.
1588 1755 1668 1789 vot-

155 1804 298 1839 nert'bias
324 1809 360 1839 et
385 1815 468 1838 mox
493 1804 614 1849 vulqus
641 1804 700 1839 Or.
751 1804 788 1840 9.
812 1806 993 1851 pravitate
1019 1802 1084 1838 Ma.
1190 1805 1246 1839 10.
1273 1810 1412 1849 patrem
1436 1803 1492 1838 illi
1517 1803 1661 1838 luceria

160 1853 231 1888 Mu:
259 1855 417 1888 correxit
445 1853 650 1888 oberlinus.
702 1852 731 1887 G
758 1858 795 1887 et
821 1853 883 1888 alii
905 1859 1009 1899 pater
1034 1851 1090 1886 illi
1138 1853 1192 1886 J..
1229 1852 1411 1895 Vitellius,
1437 1857 1472 1886 et
1498 1854 1551 1886 sic
1579 1852 1669 1899 editi

158 1907 242 1937 ante
265 1901 493 1938 oben-tinum
582 1903 683 1937 etatis
711 1901 777 1936 Ma.
882 1903 937 1938 13.
974 1901 1058 1936 eide*
1082 1901 1194 1935 tulere
1222 1900 1334 1935 GMa:
1373 1902 1482 1936 tacite
1510 1902 1668 1935 correxit

157 1950 362 1989 Rhenanus.
415 1952 470 1986 17.
493 1950 740 1996 magnitudine*
768 1949 834 1985 Ma.
913 1951 969 1986 18.
998 1951 1179 1984 continere
1201 1949 1256 1983 Ma
1283 1955 1319 1984 et
1345 1951 1483 1984 ceteri:
1510 1951 1670 1984 correxit

157 1999 355 2034 Acidalius.
431 2000 536 2046 τοίῳ.
563 1998 630 2034 Mn.

231 2145 443 2180 ducebaeur:
472 2143 542 2178 hoc
567 2117 711 2190 proprie
741 2144 875 2178 dictum

155 2194 307 2238 accipe,
346 2193 381 2228 h.
409 2204 440 2228 e.
481 2193 612 2238 laqueo
638 2192 873 2236 trahebatur3

945 2144 1062 2187 linus,
1103 2143 1256 2190 Apuliae
1282 2145 1575 2179 commemoratio
1603 2145 1669 2179 de-

944 2197 1138 2226 monstrat:
1167 2193 1325 2227 Nuceria
1343 2194 1438 2226 euim
1457 2193 1668 2227 Samnitium

155 2253 191 2276 v.
219 2243 317 2276 Suet.
347 2241 371 2275 l.
399 2253 432 2276 c.
466 2242 628 2286 reliquus
658 2247 736 2287 post
774 2248 876 2287 terga

155 2290 336 2332 manibus,
361 2291 490 2323 iniecto
518 2290 711 2324 cervicibus
736 2290 873 2334 laqueo,

155 2344 247 2373 veste
274 2338 443 2380 discissa,
467 2338 666 2372 seminudus
692 2339 731 2371 in
758 2339 875 2383 forum

155 2393 290 2422 tractus
315 2393 375 2421 est.
413 2386 481 2420 Dlo
515 2397 546 2420 c.
573 2388 632 2421 21.

239 2435 326 2480 Cap.
353 2435 412 2470 85.
468 2435 596 2481 offerre
634 2436 874 2470 contumeliis:

156 2495 217 2519 eas
239 2486 387 2529 copiose
413 2483 585 2517 describit
599 2485 746 2519 Sueton.
768 2497 797 2518 c.
820 2485 871 2519 17.

155 2532 295 2567 Tacitus
312 2534 445 2578 exigua
459 2533 603 2575 omittit,
630 2534 771 2578 potiora
787 2544 875 2578 pru-

155 2581 282 2615 denter
310 2581 427 2626 eligit.

228 2628 313 2673 Cap.
325 2629 385 2663 86.
415 2629 592 2662 Luceria:
619 2630 772 2673 Apuliae
791 2631 875 2664 urbs

157 2681 234 2720 est3
260 2677 332 2710 vid.
364 2676 440 2710 Liv.
469 2677 515 2710 lx
542 2679 584 2718 2,
622 2677 713 2711 Plin.
741 2677 787 2712 111
819 2678 875 2720 16,

157 2725 284 2759 Strabo
309 2724 354 2758 Vl
380 2735 411 2757 c.
446 2726 460 2757 1
488 2726 524 2767 §.
556 2726 601 2760 14
628 2730 662 2759 et
690 2737 720 2760 c.
741 2729 764 2761 3
791 2728 826 2769 §.
840 2726 874 2761 9.

158 2772 263 2807 conf.
298 2773 446 2807 Sueton.
482 2773 603 2807 Vitell.
646 2776 683 2808 1:
723 2780 877 2821 tenpore

158 2821 283 2856 deinde
301 2821 490 2855 Samnitici
513 2821 606 2864 betti,
630 2823 811 2867 praesidio
837 2824 876 2857 in

158 2869 324 2915 Apuliam
347 2871 472 2913 misso,
500 2870 665 2914 quosdam
690 2883 734 2904 esc
766 2871 876 2906 Vicet-

159 2919 217 2952 tiis
242 2918 433 2953 subsedisse
458 2918 648 2953 Nuceriae.
679 2918 731 2953 lbi
761 2920 876 2954 Luce-

158 2967 236 3001 riae
251 2966 444 3013 legendum
463 2977 553 3010 esse,
585 2972 623 3001 ut
637 2968 748 3002 suasit
759 2967 876 3003 Ober-

946 2242 1075 2275 civitas
1100 2241 1179 2283 ruit,
1207 2240 1252 2275 de
1280 2252 1350 2286 qua
1375 2241 1452 2275 Liv.
1475 2241 1522 2275 lX
1546 2242 1605 2276 41.

1022 2290 1243 2323 consulatum
1280 2290 1499 2332 sacerdotia,
1540 2301 1670 2323 nomen

944 2338 1149 2382 locumque:
1186 2339 1239 2371 sic
1276 2337 1592 2384 distinguendum3
1631 2349 1666 2372 v.

945 2386 988 2420 ad
1016 2386 1061 2420 XI
1088 2386 1123 2421 6.

1005 2434 1322 2480 cominerippueat:
1350 2435 1446 2481 quod
1462 2434 1543 2469 libri
1559 2445 1667 2479 prae-

945 2482 1031 2517 bent
1059 2485 1240 2517 continere
1263 2489 1388 2530 putat,
1414 2483 1556 2518 modice
1584 2494 1667 2517 cor-

944 2538 1086 2576 ruptum
1114 2537 1187 2575 est,
1220 2543 1339 2578 neque
1366 2532 1403 2566 id
1442 2532 1577 2566 Latinis
1602 2542 1666 2577 pro

945 2582 1126 2616 continere
1140 2593 1175 2615 se
1190 2592 1291 2626 posse
1298 2587 1400 2627 putat
1414 2581 1536 2614 dicere
1551 2581 1664 2614 licuit.

1015 2631 1143 2663 meruit
1168 2631 1279 2675 magis
1295 2641 1397 2674 quam
1421 2629 1561 2662 habuit.-
1590 2640 1666 2661 me-

944 2690 1026 2712 rere
1052 2678 1086 2712 h.
1106 2678 1127 2711 l.
1157 2679 1361 2723 significatu
1388 2677 1569 2710 deteriore
1597 2686 1666 2720 po-

945 2728 1051 2760 situm
1079 2731 1146 2768 est,
1173 2726 1286 2759 veluti
1316 2736 1394 2759 cum
1409 2724 1559 2758 dicimus
1582 2736 1666 2758 cor-

943 2786 1030 2820 pore
1058 2775 1248 2819 pecuniam
1286 2784 1421 2807 merere
1438 2800 1447 2815 ‚
1491 2773 1667 2819 stipendia

946 2833 1080 2856 merere
1099 2833 1111 2855 .·
1138 2833 1178 2855 er
1203 2822 1265 2855 luat
1290 2822 1365 2855 siclt
1383 2821 1542 2855 Freunde
1566 2822 1666 2856 mehr

945 2881 1138 2915 geacomten
1164 2870 1217 2904 als
1246 2881 1286 2903 er
1312 2871 1359 2904 im
1373 2870 1505 2904 Besitze
1532 2870 1666 2905 deu-sel-

946 2919 1011 2952 ben
1039 2929 1196 2964 qemesen
1222 2919 1276 2952 ist.
1296 2918 1446 2966 Quippe
1473 2919 1533 2965 qui
1558 2919 1664 2953 modo

946 2967 1050 3001 amici
1088 2966 1173 3002 sacti
1205 2972 1305 3002 erant
1333 2967 1473 3013 magnis
1499 2968 1662 3003 muneri-
