1768 3216
54 587 112 629 28

717 244 804 280 On.
832 245 989 282 26-28.

1545 240 1619 282 ‘12⁷

121 361 199 401 που
221 357 266 400 in
295 358 391 402 loca
419 363 504 402 tuta
534 362 823 416 transferrent,
855 363 1045 405 coetibus
1075 375 1126 406 ac
1154 362 1373 408 sacrificiis
1397 350 1621 420 conspirtb

122 433 280 475 tionem
310 434 523 477 civitatum
554 437 778 480 sancirent.
831 438 967 492 Atque
998 438 1055 480 ita
1085 438 1262 481 inritatis
1289 439 1495 494 utrimque
1524 439 1621 482 ani-

123 508 204 551 mis
232 507 481 555 discessum.

1451 550 1475 566 Ο

171 606 197 611 ⁷·
257 583 417 626 Eadem
457 589 619 627 aestate
659 585 811 628 cohors
841 586 1076 641 Usipiorum
1116 600 1191 642 per
1223 588 1468 631 Germanias
1515 589 1624 631 coni-

121 657 279 712 scripta
308 662 351 700 et
379 659 422 700 in
451 659 710 702 Britanniam
740 661 985 704 transmissa
1026 675 1218 718 magnum
1258 676 1307 704 ac
1352 662 1655 709 memorabiles

122 731 288 774 facinus
316 745 418 775 ausa
448 738 523 776 est.
577 735 730 777 Occiso
755 737 1002 778 centurione
1033 750 1083 779 ac
1113 737 1326 791 militibus,
1357 739 1427 792 qui
1455 738 1508 780 ad
1534 741 1625 780 tra-

122 805 303 850 dendam
333 808 596 862 disciplinam
621 810 797 852 immixti
826 811 1048 865 manipulis
1083 813 1314 867 exemplum
1355 817 1396 855 et
1428 817 1622 855 rectores

121 881 408 935 habebantur,
448 887 534 925 tres
565 884 795 928 liburnicas
825 887 985 929 adactis
1024 900 1102 941 per
1138 888 1223 929 vim
1269 888 1622 943 gubernatoribus

121 956 382 1008 ascendere3
409 962 452 999 et
480 970 564 1000 uno
593 960 854 1014 remigante,
895 962 1101 1015 suspectis
1129 962 1292 1003 duobus
1322 974 1456 1016 eoque
1485 962 1621 1005 inter-

121 1030 260 1083 fectis,
287 1030 471 1073 nondum
500 1032 669 1087 vulgato
700 1045 870 1076 rumore
898 1037 943 1076 ut
971 1035 1215 1077 miraculum
1245 1035 1677 1090 praevehebantur.1o

213 1157 249 1193 2.
277 1156 472 1192 ciuitatium
496 1160 542 1194 A

122 1204 277 1239 correxit
300 1204 532 1240 Puteolanus.

614 1159 648 1193 5.
675 1165 707 1193 et
731 1159 771 1193 in
796 1162 877 1195 TA:
907 1161 946 1194 in
974 1160 1207 1196 Puteolanus.

614 1206 648 1241 9.
675 1208 869 1254 remigante
894 1211 975 1245 TA:
1000 1211 1216 1255 remigi-ante
1242 1209 1472 1244 Puteolanus.

1284 1161 1317 1195 7.
1344 1161 1511 1195 immixtis
1534 1162 1624 1245 131⁰·

119 1253 428 1299 protrahebantur
457 1257 490 1291 Γ
509 1255 665 1299 ascripto
713 1258 751 1290 in
777 1258 939 1303 margine
963 1258 1084 1303 prebe.
1110 1257 1195 1300 AL,
1222 1258 1507 1303 provehebantur
1530 1260 1564 1293 A
1589 1262 1626 1292 ct

121 1301 353 1338 Puteolanus.
384 1323 391 1326 -

121 1433 195 1465 tam
219 1440 315 1465 esse.
342 1429 452 1464 Immo
482 1432 610 1465 tertius
635 1430 698 1466 ille
715 1442 839 1476 prom-

119 1483 204 1524 ptus
237 1478 283 1514 ad
317 1479 558 1514 obediendum
592 1491 670 1514 cum
706 1482 839 1515 ceteris

120 1527 297 1562 militibus
321 1528 366 1562 ad
390 1539 504 1562 remos
527 1529 703 1571 incubuit,
730 1529 839 1574 idque

123 1586 204 1610 enm
230 1576 365 1610 fecisse
387 1577 591 1611 interfectis
616 1577 755 1610 duobus
770 1577 839 1611 Ta-

122 1625 214 1658 citus
238 1622 323 1658 ideo
348 1624 498 1667 rettulit,
525 1630 565 1658 ut
589 1630 758 1670 appareat
776 1636 839 1659 cur

120 1671 275 1706 nondum
318 1672 459 1718 vulgato
491 1685 632 1707 rumore
667 1674 839 1720 praevehi

123 1720 288 1755 Germani
323 1722 518 1765 potuerint.
587 1721 657 1755 Cur
696 1722 837 1756 Tacitus

122 1768 359 1815 gubernaculi
398 1771 617 1804 mentionem
664 1771 837 1812 omiserit,

119 1818 247 1852 ‘otiosis
273 1828 449 1863 quaerere
488 1817 585 1852 licet.
641 1818 726 1852 Mihi
767 1818 836 1853 hoc

125 1865 355 1911 respondisse
379 1868 467 1901 satis
485 1872 551 1909 est,
577 1866 679 1900 illum
693 1867 836 1901 tradere

121 1914 284 1949 voluisse
313 1915 491 1960 quomodo
530 1915 696 1949 Germani
730 1926 834 1961 quam

122 1962 311 1998 celerrime
349 1975 395 1999 ex
432 1964 671 1999 Romanorum
717 1964 834 1998 oculis

122 2016 158 2045 et
182 2016 364 2057 potestate
382 2023 423 2047 se
444 2012 691 2047 subduxerint.
727 2012 837 2046 Prae-

120 2061 219 2094 vecti
249 2064 368 2095 autem
407 2066 490 2095 sunt
525 2072 570 2095 ex
602 2065 704 2105 parte
735 2062 838 2095 occi-

122 2107 241 2143 dentis
268 2109 364 2143 circa
378 2107 596 2144 Caledoniae
622 2120 775 2144 cuneum
793 2109 837 2143 ad

122 2157 300 2192 orientem
319 2158 356 2190 in
374 2155 555 2192 Oceanum
574 2157 834 2200 Germanicum,

120 2209 159 2239 nt
184 2205 291 2240 tradit
314 2205 385 2239 Dio
413 2206 522 2240 vat
546 2208 613 2241 20:
647 2207 836 2252 orpoenn'i

119 2267 184 2289 ται
208 2253 314 2301 γάρ
327 2265 426 2295 τινες
464 2253 748 2295 στασιάσαντες
771 2258 837 2290 καὶ

119 2300 422 2348 ἑκατοντάρχους
460 2302 664 2348 χιλίαρχόν
690 2315 731 2338 τε
760 2315 836 2349 φο-

119 2351 322 2390 νεύσαντες
370 2351 409 2389 ἐς
450 2352 563 2386 πλοῖα
603 2353 836 2398 κατέφυγον.

119 2402 185 2434 καὶ
235 2400 509 2455 ἐξαναχθέντα·
550 2400 837 2458 περιέπλευσαν

119 2459 167 2482 τη
195 2444 296 2505 πρὸς
316 2446 488 2493 ἑσπέραν
510 2445 643 2490 αιίἤς,
684 2459 737 2486 ως
759 2459 836 2482 που

117 2497 162 2532 τό
187 2507 228 2531 τε
250 2495 354 2543 κῦμα
376 2498 440 2530 καὶ
474 2495 495 2531 ὃ
528 2495 672 2542 ἄνεμος
698 2492 837 2534 αὐτοὺς

119 2545 264 2592 ἔφερε,
310 2546 378 2578 καὶ
416 2545 556 2580 ἔλαθον
584 2546 624 2579 ἐκ
663 2544 729 2579 τοῦ
771 2545 834 2579 ἐπὶ

115 2593 291 2654 θάτερα,
315 2589 416 2638 πρὸς
449 2588 496 2627 τὰ
524 2591 764 2639 στρατόπεδα
789 2604 834 2625 τα

118 2640 232 2688 ταύτῃ
269 2639 363 2676 ὄντα
404 2640 654 2686 προσχόντες.
713 2638 835 2673 Castra

117 2690 158 2723 in
185 2689 327 2722 diversa
363 2688 502 2722 insulae
537 2692 638 2731 parte
671 2687 835 2734 (θάτερα

120 2733 164 2772 πὶ
196 2734 451 2783 στρατόπεδα)
480 2746 522 2770 ea
547 2736 663 2778 fuere,
689 2737 726 2769 in
753 2738 836 2781 qni-

119 2785 186 2819 hus
223 2785 403 2819 exercitus
442 2783 636 2829 Agricolae
680 2783 835 2828 amplexi

120 2832 189 2867 hac
227 2836 364 2867 aestate
397 2833 562 2866 civitates
593 2835 688 2865 trans
713 2831 836 2866 Bodo-

120 2883 223 2915 triam
249 2882 336 2914 sitas
361 2880 406 2914 ad
430 2880 515 2914 litus
541 2880 718 2914 orientale
745 2891 836 2926 age-

118 2930 191 2964 bat.
220 2929 311 2964 Hinc
336 2928 520 2975 colligitur
548 2927 731 2963 cohortem
754 2928 836 2963 Usi-

119 2979 259 3028 piorum
298 2988 343 3015 ex
388 2977 434 3014 iis
478 2977 590 3024 copiis
630 2976 834 3026 aufugisse,

907 1431 1037 1477 quihus
1062 1432 1235 1478 Agricola
1257 1433 1467 1467 Britanniae
1488 1437 1625 1477 partem

906 1491 998 1525 quae
1026 1481 1233 1515 Hiberniam
1259 1483 1389 1526 aspicit
1417 1491 1511 1515 anno
1540 1486 1623 1516 ante

906 1530 1122 1563 instruxerat
1148 1533 1199 1574 (c.
1226 1530 1305 1575 24).
1342 1530 1529 1564 Diversam
1553 1541 1620 1564 ex..

905 1577 1136 1620 plicationem
1162 1577 1417 1612 Doedeilinins
1452 1577 1508 1611 his
1532 1588 1620 1613 ver.

904 1625 960 1658 his
974 1626 1143 1670 protulit:
1167 1621 1224 1660 ςπὶ
1252 1622 1349 1672 πρὸ,
1370 1627 1544 1674 εσπέραν
1563 1637 1622 1660 m-

906 1673 1104 1720 telligenda
1146 1674 1390 1708 meridionalis
1415 1674 1623 1710 Britanniae

905 1733 985 1766 pars
1027 1723 1171 1768 longius
1208 1724 1243 1756 iu
1282 1722 1507 1757 occidentem
1534 1733 1622 1768 pro-

906 1781 1074 1813 currens,
1127 1782 1218 1816 quae
1271 1770 1378 1805 hodie
1429 1771 1620 1806 Cor-numu.

903 1818 1000 1865 Ergo
1026 1819 1170 1853 fuerunt
1198 1818 1233 1852 hi
1260 1818 1391 1864 Usipii,
1418 1824 1458 1853 ut
1484 1820 1622 1854 monuit

903 1867 1114 1911 Broterius,
1159 1878 1205 1901 ex
1246 1867 1318 1901 illis
1356 1869 1465 1914 copiis
1501 1867 1622 1913 quibus

904 1916 1075 1961 Ayricola
1118 1927 1197 1949 eam
1228 1922 1364 1961 partem
1398 1916 1619 1960 Britanniae,

905 1976 993 2008 quae
1017 1965 1223 1998 Hiberniam
1244 1965 1372 2010 aspicit
1387 1965 1619 1999 instruxerat.

906 2013 997 2046 Hinc
1022 2012 1204 2059 fugientes
1243 2023 1286 2046 ac
1310 2013 1460 2057 patriam
1488 2018 1620 2058 peten-

907 2066 960 2095 tes
985 2062 1134 2105 primum
1159 2060 1343 2095 meridiem
1369 2071 1519 2104 versus,
1552 2061 1621 2096 de-

906 2109 989 2143 inde
1008 2114 1174 2154 superata
1185 2108 1363 2143 Corum-ia
1382 2109 1616 2145 circumvecti

906 2159 942 2192 in
975 2160 1150 2192 orientem
1176 2157 1375 2200 flexerunt,
1411 2158 1527 2192 donec
1556 2167 1621 2203 per

906 2207 1036 2240 fretum
1052 2206 1226 2240 Gallicum
1247 2207 1282 2239 in
1292 2203 1515 2240 Germaniam
1534 2217 1620 2250 per..

904 2259 1093 2289 venerunt.
1146 2253 1216 2287 Sed
1240 2264 1337 2287 suam
1355 2280 1364 2296 ,
1404 2259 1443 2287 ut
1465 2253 1619 2296 videtur,

906 2313 991 2336 casu
1019 2302 1078 2336 vel
1106 2302 1260 2343 inscitia,
1287 2302 1525 2344 praetervecti
1551 2311 1620 2346 pa-

904 2351 1007 2383 triam
1039 2350 1083 2383 ad
1119 2350 1316 2383 suevorum
1360 2353 1455 2382 trans
1499 2349 1619 2383 Albim

905 2397 1099 2431 colentium
1116 2397 1201 2431 litus
1214 2396 1428 2441 appulerunt
1441 2396 1501 2431 vel
1512 2398 1619 2432 amis-

905 2447 954 2479 sis
979 2445 1130 2479 navibus
1156 2445 1399 2480 adnavemnt‘.
1450 2445 1617 2480 Est'ma-

904 2494 1036 2528 nifesta
1064 2498 1101 2528 et
1125 2494 1245 2540 gravis
1271 2493 1448 2528 aberratio
1464 2520 1475 2537 ‚
1501 2504 1619 2540 neque

906 2542 1033 2576 Dionis
1059 2542 1169 2576 verba
1194 2541 1350 2576 etTaciti
1376 2552 1454 2577 cum
1482 2553 1526 2578 ea
1552 2553 1618 2577 ex-

907 2590 1102 2635 plicatione
1128 2590 1312 2624 conciliari
1340 2595 1512 2635 possunt,
1550 2591 1618 2624 im-

906 2649 963 2672 mo
990 2644 1114 2684 aperte
1141 2639 1383 2673 adversantur.
1446 2639 1617 2673 Nimirum

906 2686 975 2721 Dio
1002 2687 1107 2721 tradit
1132 2687 1349 2721 Britanniam
1383 2697 1403 2720 a
1435 2686 1617 2720 Germanis

907 2736 1180 2770 circumvectam
1217 2740 1252 2769 et
1293 2735 1376 2768 hinc
1404 2744 1468 2778 pro
1500 2733 1618 2768 insula

906 2782 1029 2818 haberi
1058 2788 1218 2826 coeptam
1247 2793 1351 2817 esse:
1391 2792 1515 2827 verum
1537 2792 1617 2816 me·

904 2831 1095 2865 ridionalia
1120 2831 1326 2864 Britanniae
1356 2831 1423 2864 iam
1457 2830 1515 2864 diu
1545 2831 1619 2864 cir-

906 2880 1154 2924 cumnavigata
1194 2884 1229 2912 ct
1268 2878 1384 2911 aditus
1426 2878 1619 2912 Hiberniae

905 2929 1042 2961 inventi
1072 2931 1183 2961 erant.
1210 2926 1360 2961 Accedit
1385 2927 1478 2972 quod
1505 2924 1619 2971 Usipii

905 2975 972 3011 hac
997 2975 1103 3011 maris
1128 2976 1188 3011 via
1221 2976 1291 3013 acti
1329 2979 1391 3011 aut
1425 2974 1471 3011 ad
1504 2974 1618 3011 Galli.
