<?xml version="1.0" encoding="UTF-8"?>
<!DOCTYPE html PUBLIC "-//W3C//DTD XHTML 1.0 Transitional//EN"
    "http://www.w3.org/TR/xhtml1/DTD/xhtml1-transitional.dtd">
<html xmlns="http://www.w3.org/1999/xhtml" xml:lang="en" lang="en">
 <head>
  <title>
</title>
<meta http-equiv="Content-Type" content="text/html;charset=utf-8" />
  <meta name='ocr-system' content='tesseract 3.04.00' />
  <meta name='ocr-capabilities' content='ocr_page ocr_carea ocr_par ocr_line ocrx_word'/>
</head>
<body>
  <div class='ocr_page' id='page_1' title='image "./operaadcodicesan03taciuoft/operaadcodicesan03taciuoft_0222.png"; bbox 0 0 1768 3216; ppageno 0'>
   <div class='ocr_carea' id='block_1_1' title="bbox 726 209 1092 296">
    <p class='ocr_par' dir='ltr' id='par_1_1' title="bbox 726 209 1067 293">
     <span class='ocr_line' id='line_1_1' title="bbox 726 209 1047 248; baseline -0.003 -0.965"><span class='ocrx_word' id='word_1_1' title='bbox 726 210 864 248; x_wconf 69' lang='lat' dir='ltr'>HISPO</span> <span class='ocrx_word' id='word_1_2' title='bbox 898 209 1047 246; x_wconf 82' lang='lat' dir='ltr'>IARVM</span> 
     </span>
     <span class='ocr_line' id='line_1_2' title="bbox 855 247 1092 296; baseline 0 -7"><span class='ocrx_word' id='word_1_3' title='bbox 855 260 917 287; x_wconf 57' lang='lat'>“¹22</span> <span class='ocrx_word' id='word_1_4' title='bbox 920 247 1092 296; x_wconf 49' lang='grc' dir='ltr'>Αῆςὶἰ</span> 
     </span>
    </p>
   </div>
   <div class='ocr_carea' id='block_1_2' title="bbox 146 328 1640 397">
    <p class='ocr_par' dir='ltr' id='par_1_2' title="bbox 146 328 1640 397">
     <span class='ocr_line' id='line_1_3' title="bbox 146 328 1640 397; baseline -0.006 -17"><span class='ocrx_word' id='word_1_5' title='bbox 146 338 306 380; x_wconf 84' lang='lat' dir='ltr'><strong>hostem</strong></span> <span class='ocrx_word' id='word_1_6' title='bbox 337 335 468 378; x_wconf 84' lang='lat' dir='ltr'>vertit.</span> <span class='ocrx_word' id='word_1_7' title='bbox 514 330 792 397; x_wconf 29' lang='lat' dir='ltr'>QUPQPLfflOl&#39;e</span> <span class='ocrx_word' id='word_1_8' title='bbox 823 329 930 371; x_wconf 85' lang='lat' dir='ltr'>haud</span> <span class='ocrx_word' id='word_1_9' title='bbox 962 329 1103 383; x_wconf 87' lang='lat' dir='ltr'>plures</span> <span class='ocrx_word' id='word_1_10' title='bbox 1136 340 1256 382; x_wconf 90' lang='lat' dir='ltr'>quam</span> <span class='ocrx_word' id='word_1_11' title='bbox 1289 331 1456 370; x_wconf 89' lang='lat' dir='ltr'>centum</span> <span class='ocrx_word' id='word_1_12' title='bbox 1478 328 1640 383; x_wconf 87' lang='lat' dir='ltr'>equites</span> 
     </span>
    </p>
   </div>
   <div class='ocr_carea' id='block_1_3' title="bbox 145 210 1640 258">
    <p class='ocr_par' dir='ltr' id='par_1_3' title="bbox 145 210 1640 258">
     <span class='ocr_line' id='line_1_4' title="bbox 145 210 1640 258; baseline 0 -13"><span class='ocrx_word' id='word_1_13' title='bbox 145 222 218 258; x_wconf 74' lang='lat'>212</span> <span class='ocrx_word' id='word_1_14' title='bbox 1432 221 1464 247; x_wconf 89' lang='lat' dir='ltr'>a.</span> <span class='ocrx_word' id='word_1_15' title='bbox 1492 221 1528 246; x_wconf 88' lang='lat' dir='ltr'>u.</span> <span class='ocrx_word' id='word_1_16' title='bbox 1554 210 1640 247; x_wconf 77' lang='lat'>822.</span> 
     </span>
    </p>
   </div>
   <div class='ocr_carea' id='block_1_4' title="bbox 0 397 1643 682">
    <p class='ocr_par' dir='ltr' id='par_1_4' title="bbox 145 397 1637 458">
     <span class='ocr_line' id='line_1_5' title="bbox 145 397 1637 458; baseline -0.007 -3"><span class='ocrx_word' id='word_1_17' title='bbox 145 413 349 455; x_wconf 84' lang='lat' dir='ltr'>restitere.</span> <span class='ocrx_word' id='word_1_18' title='bbox 410 408 514 450; x_wconf 89' lang='lat' dir='ltr'>Iuvit</span> <span class='ocrx_word' id='word_1_19' title='bbox 543 397 687 458; x_wconf 83' lang='lat' dir='ltr'>locus,</span> <span class='ocrx_word' id='word_1_20' title='bbox 720 405 876 447; x_wconf 81' lang='lat' dir='ltr'>artiore</span> <span class='ocrx_word' id='word_1_21' title='bbox 915 404 1000 446; x_wconf 87' lang='lat' dir='ltr'>illic</span> <span class='ocrx_word' id='word_1_22' title='bbox 1028 405 1095 446; x_wconf 88' lang='lat' dir='ltr'>via</span> <span class='ocrx_word' id='word_1_23' title='bbox 1128 408 1169 445; x_wconf 90' lang='lat' dir='ltr'>et</span> <span class='ocrx_word' id='word_1_24' title='bbox 1198 404 1330 446; x_wconf 88' lang='lat' dir='ltr'>fracto</span> <span class='ocrx_word' id='word_1_25' title='bbox 1362 403 1637 446; x_wconf 84' lang='lat' dir='ltr'>interfluentis</span> 
     </span>
    </p>

    <p class='ocr_par' dir='ltr' id='par_1_5' title="bbox 0 478 1643 682">
     <span class='ocr_line' id='line_1_6' title="bbox 83 478 1643 547; baseline -0.002 -24"><span class='ocrx_word' id='word_1_26' title='bbox 83 520 86 523; x_wconf 37' lang='lat'>.</span> <span class='ocrx_word' id='word_1_27' title='bbox 143 486 220 528; x_wconf 87' lang='lat' dir='ltr'>rivi</span> <span class='ocrx_word' id='word_1_28' title='bbox 249 488 386 538; x_wconf 89' lang='lat' dir='ltr'>ponte,</span> <span class='ocrx_word' id='word_1_29' title='bbox 421 482 488 536; x_wconf 93' lang='lat' dir='ltr'>qui</span> <span class='ocrx_word' id='word_1_30' title='bbox 515 482 678 547; x_wconf 88' lang='lat' dir='ltr'>incerto</span> <span class='ocrx_word' id='word_1_31' title='bbox 707 480 828 545; x_wconf 79' lang='lat' dir='ltr'>alveo</span> <span class='ocrx_word' id='word_1_32' title='bbox 861 484 902 521; x_wconf 89' lang='lat' dir='ltr'>et</span> <span class='ocrx_word' id='word_1_33' title='bbox 930 479 1228 534; x_wconf 76' lang='lat' dir='ltr'>praecipitibus</span> <span class='ocrx_word' id='word_1_34' title='bbox 1259 479 1362 534; x_wconf 87' lang='lat' dir='ltr'>ripis</span> <span class='ocrx_word' id='word_1_35' title='bbox 1393 479 1534 534; x_wconf 85' lang='lat' dir='ltr'>sugam</span> <span class='ocrx_word' id='word_1_36' title='bbox 1559 478 1643 520; x_wconf 89' lang='lat' dir='ltr'>im-</span> 
     </span>
     <span class='ocr_line' id='line_1_7' title="bbox 0 530 1643 618; baseline -0.003 -18"><span class='ocrx_word' id='word_1_37' title='bbox 0 530 105 618; x_wconf 24' lang='grc' dir='ltr'>ἧς,</span> <span class='ocrx_word' id='word_1_38' title='bbox 140 558 346 613; x_wconf 85' lang='lat' dir='ltr'>pediebat.</span> <span class='ocrx_word' id='word_1_39' title='bbox 409 557 467 598; x_wconf 89' lang='lat' dir='ltr'>Ea</span> <span class='ocrx_word' id='word_1_40' title='bbox 517 536 759 597; x_wconf 71' lang='lat' dir='ltr'>necessitas</span> <span class='ocrx_word' id='word_1_41' title='bbox 797 567 872 596; x_wconf 92' lang='lat' dir='ltr'>seu</span> <span class='ocrx_word' id='word_1_42' title='bbox 912 554 1077 596; x_wconf 80' lang='lat' dir='ltr'>fortuna</span> <span class='ocrx_word' id='word_1_43' title='bbox 1118 554 1257 608; x_wconf 89' lang='lat' dir='ltr'>lapsas</span> <span class='ocrx_word' id='word_1_44' title='bbox 1286 554 1366 596; x_wconf 88' lang='lat' dir='ltr'>iam</span> <span class='ocrx_word' id='word_1_45' title='bbox 1396 558 1562 608; x_wconf 89' lang='lat' dir='ltr'>partes</span> <span class='ocrx_word' id='word_1_46' title='bbox 1566 565 1643 596; x_wconf 86' lang='lat' dir='ltr'>re-</span> 
     </span>
     <span class='ocr_line' id='line_1_8' title="bbox 34 608 1642 682; baseline -0.002 -8.062"><span class='ocrx_word' id='word_1_47' title='bbox 0 608 99 682; x_wconf 58' lang='lat' dir='ltr'>. </span> <span class='ocrx_word' id='word_1_48' title='bbox 111 632 283 675; x_wconf 83' lang='lat' dir='ltr'>sstituit.</span> <span class='ocrx_word' id='word_1_49' title='bbox 344 630 511 673; x_wconf 87' lang='lat' dir='ltr'>Firmati</span> <span class='ocrx_word' id='word_1_50' title='bbox 544 630 651 671; x_wconf 88' lang='lat' dir='ltr'>inter</span> <span class='ocrx_word' id='word_1_51' title='bbox 682 642 727 670; x_wconf 92' lang='lat' dir='ltr'>se</span> <span class='ocrx_word' id='word_1_52' title='bbox 759 628 902 671; x_wconf 89' lang='lat' dir='ltr'>densis</span> <span class='ocrx_word' id='word_1_53' title='bbox 932 629 1149 670; x_wconf 86' lang='lat' dir='ltr'>ordinibus</span> <span class='ocrx_word' id='word_1_54' title='bbox 1171 629 1383 682; x_wconf 84' lang='lat' dir='ltr'>excipiunt</span> <span class='ocrx_word' id='word_1_55' title='bbox 1396 627 1642 671; x_wconf 80' lang='lat' dir='ltr'>Vitellianos</span> 
     </span>
    </p>
   </div>
   <div class='ocr_carea' id='block_1_5' title="bbox 12 703 1711 1313">
    <p class='ocr_par' dir='ltr' id='par_1_6' title="bbox 138 703 1642 984">
     <span class='ocr_line' id='line_1_9' title="bbox 139 703 1642 770; baseline -0.001 -23"><span class='ocrx_word' id='word_1_56' title='bbox 139 710 299 747; x_wconf 84' lang='lat' dir='ltr'>temere</span> <span class='ocrx_word' id='word_1_57' title='bbox 331 704 499 747; x_wconf 84' lang='lat' dir='ltr'>effusos</span> <span class='ocrx_word' id='word_1_58' title='bbox 561 703 1175 770; x_wconf 49' lang='lat' dir='ltr'>AQilchopsteQautur.</span> <span class='ocrx_word' id='word_1_59' title='bbox 1236 703 1444 745; x_wconf 89' lang='lat' dir='ltr'>Antonius</span> <span class='ocrx_word' id='word_1_60' title='bbox 1485 703 1642 746; x_wconf 82' lang='lat' dir='ltr'>instare</span> 
     </span>
     <span class='ocr_line' id='line_1_10' title="bbox 138 777 1640 835; baseline -0.001 -13"><span class='ocrx_word' id='word_1_61' title='bbox 138 780 355 835; x_wconf 84' lang='lat' dir='ltr'>perculsis,</span> <span class='ocrx_word' id='word_1_62' title='bbox 389 784 579 822; x_wconf 89' lang='lat' dir='ltr'>sternere</span> <span class='ocrx_word' id='word_1_63' title='bbox 611 778 773 820; x_wconf 89' lang='lat' dir='ltr'>obvios.</span> <span class='ocrx_word' id='word_1_64' title='bbox 827 777 955 820; x_wconf 90' lang='lat' dir='ltr'>Simul</span> <span class='ocrx_word' id='word_1_65' title='bbox 986 779 1133 831; x_wconf 88' lang='lat' dir='ltr'>ceteri,</span> <span class='ocrx_word' id='word_1_66' title='bbox 1165 782 1208 820; x_wconf 85' lang='lat' dir='ltr'>ut</span> <span class='ocrx_word' id='word_1_67' title='bbox 1239 779 1389 833; x_wconf 91' lang='lat' dir='ltr'>cuique</span> <span class='ocrx_word' id='word_1_68' title='bbox 1410 778 1640 834; x_wconf 82' lang='lat' dir='ltr'>ingenium,</span> 
     </span>
     <span class='ocr_line' id='line_1_11' title="bbox 141 853 1640 910; baseline -0.002 -13"><span class='ocrx_word' id='word_1_69' title='bbox 141 855 321 910; x_wconf 88' lang='lat' dir='ltr'>spoliare</span> <span class='ocrx_word' id='word_1_70' title='bbox 358 867 524 909; x_wconf 82' lang='lat' dir='ltr'>capere,</span> <span class='ocrx_word' id='word_1_71' title='bbox 558 866 671 896; x_wconf 85' lang='lat' dir='ltr'>arma</span> <span class='ocrx_word' id='word_1_72' title='bbox 702 865 916 908; x_wconf 85' lang='lat' dir='ltr'>equosque</span> <span class='ocrx_word' id='word_1_73' title='bbox 948 853 1154 907; x_wconf 85' lang='lat' dir='ltr'>abripere.</span> <span class='ocrx_word' id='word_1_74' title='bbox 1203 854 1254 895; x_wconf 86' lang='lat' dir='ltr'>Et</span> <span class='ocrx_word' id='word_1_75' title='bbox 1286 853 1412 895; x_wconf 84' lang='lat' dir='ltr'>exciti</span> <span class='ocrx_word' id='word_1_76' title='bbox 1434 864 1640 908; x_wconf 84' lang='lat' dir='ltr'>prospero</span> 
     </span>
     <span class='ocr_line' id='line_1_12' title="bbox 142 927 1642 984; baseline -0.003 -13"><span class='ocrx_word' id='word_1_77' title='bbox 142 929 346 982; x_wconf 78' lang='lat' dir='ltr'>clamore,</span> <span class='ocrx_word' id='word_1_78' title='bbox 378 929 446 982; x_wconf 93' lang='lat' dir='ltr'>qui</span> <span class='ocrx_word' id='word_1_79' title='bbox 476 927 599 969; x_wconf 90' lang='lat' dir='ltr'>modo</span> <span class='ocrx_word' id='word_1_80' title='bbox 631 940 706 982; x_wconf 90' lang='lat' dir='ltr'>per</span> <span class='ocrx_word' id='word_1_81' title='bbox 737 940 865 982; x_wconf 83' lang='lat' dir='ltr'>agros</span> <span class='ocrx_word' id='word_1_82' title='bbox 900 928 997 984; x_wconf 81' lang='lat' dir='ltr'>suga</span> <span class='ocrx_word' id='word_1_83' title='bbox 1038 928 1306 982; x_wconf 87' lang='lat' dir='ltr'>palabantur,</span> <span class='ocrx_word' id='word_1_84' title='bbox 1358 927 1563 970; x_wconf 80' lang='lat' dir='ltr'>victoriae</span> <span class='ocrx_word' id='word_1_85' title='bbox 1593 938 1642 968; x_wconf 88' lang='lat' dir='ltr'>se</span> 
     </span>
    </p>

    <p class='ocr_par' dir='ltr' id='par_1_7' title="bbox 88 1002 1711 1065">
     <span class='ocr_line' id='line_1_13' title="bbox 88 1002 1711 1065; baseline -0.002 -16"><span class='ocrx_word' id='word_1_86' title='bbox 88 1021 126 1050; x_wconf 80' lang='lat' dir='ltr'>io</span> <span class='ocrx_word' id='word_1_87' title='bbox 139 1004 380 1046; x_wconf 79' lang='lat' dir='ltr'>miscebant.</span> <span class='ocrx_word' id='word_1_88' title='bbox 430 1003 492 1044; x_wconf 85' lang='lat' dir='ltr'>Ad</span> <span class='ocrx_word' id='word_1_89' title='bbox 527 1007 712 1056; x_wconf 89' lang='lat' dir='ltr'>quartum</span> <span class='ocrx_word' id='word_1_90' title='bbox 747 1015 769 1044; x_wconf 88' lang='lat' dir='ltr'>a</span> <span class='ocrx_word' id='word_1_91' title='bbox 793 1002 998 1044; x_wconf 86' lang='lat' dir='ltr'>Cremona</span> <span class='ocrx_word' id='word_1_92' title='bbox 1029 1003 1210 1057; x_wconf 85' lang='lat' dir='ltr'>lapidem</span> <span class='ocrx_word' id='word_1_93' title='bbox 1243 1002 1400 1065; x_wconf 63' lang='lat' dir='ltr'>sQl‘e</span> <span class='ocrx_word' id='word_1_94' title='bbox 1426 1002 1639 1057; x_wconf 87' lang='lat' dir='ltr'>legionum</span> <span class='ocrx_word' id='word_1_95' title='bbox 1654 1005 1711 1045; x_wconf 84' lang='lat'>18</span> 
     </span>
    </p>

    <p class='ocr_par' dir='ltr' id='par_1_8' title="bbox 136 1077 1639 1280">
     <span class='ocr_line' id='line_1_14' title="bbox 136 1077 1638 1134; baseline -0.001 -14"><span class='ocrx_word' id='word_1_96' title='bbox 136 1079 257 1134; x_wconf 85' lang='lat' dir='ltr'>signa</span> <span class='ocrx_word' id='word_1_97' title='bbox 286 1078 461 1132; x_wconf 87' lang='lat' dir='ltr'>Rapacis</span> <span class='ocrx_word' id='word_1_98' title='bbox 492 1081 613 1132; x_wconf 88' lang='lat' dir='ltr'>atque</span> <span class='ocrx_word' id='word_1_99' title='bbox 642 1077 823 1130; x_wconf 80' lang='lat' dir='ltr'>Italicae,</span> <span class='ocrx_word' id='word_1_100' title='bbox 855 1077 966 1119; x_wconf 89' lang='lat' dir='ltr'>laeto</span> <span class='ocrx_word' id='word_1_101' title='bbox 996 1079 1105 1119; x_wconf 87' lang='lat' dir='ltr'>inter</span> <span class='ocrx_word' id='word_1_102' title='bbox 1126 1078 1242 1119; x_wconf 90' lang='lat' dir='ltr'>initia</span> <span class='ocrx_word' id='word_1_103' title='bbox 1266 1078 1447 1132; x_wconf 86' lang='lat' dir='ltr'>equitum</span> <span class='ocrx_word' id='word_1_104' title='bbox 1469 1089 1638 1120; x_wconf 84' lang='lat' dir='ltr'>suorum</span> 
     </span>
     <span class='ocr_line' id='line_1_15' title="bbox 87 1151 1638 1237; baseline -0.001 -42.966"><span class='ocrx_word' id='word_1_105' title='bbox 87 1153 298 1237; x_wconf 23' lang='lat' dir='ltr'>&amp;proelio</span> <span class='ocrx_word' id='word_1_106' title='bbox 340 1152 435 1194; x_wconf 89' lang='lat' dir='ltr'>illuc</span> <span class='ocrx_word' id='word_1_107' title='bbox 484 1164 615 1206; x_wconf 90' lang='lat' dir='ltr'>usque</span> <span class='ocrx_word' id='word_1_108' title='bbox 653 1156 866 1206; x_wconf 89' lang='lat' dir='ltr'>provecta.</span> <span class='ocrx_word' id='word_1_109' title='bbox 929 1152 1011 1195; x_wconf 89' lang='lat' dir='ltr'>Sed</span> <span class='ocrx_word' id='word_1_110' title='bbox 1052 1152 1123 1193; x_wconf 92' lang='lat' dir='ltr'>ubi</span> <span class='ocrx_word' id='word_1_111' title='bbox 1166 1152 1331 1194; x_wconf 84' lang='lat' dir='ltr'>fortuna</span> <span class='ocrx_word' id='word_1_112' title='bbox 1372 1155 1518 1194; x_wconf 86' lang='lat' dir='ltr'>contra</span> <span class='ocrx_word' id='word_1_113' title='bbox 1549 1151 1638 1205; x_wconf 82' lang='lat' dir='ltr'>l&#39;uit,</span> 
     </span>
     <span class='ocr_line' id='line_1_16' title="bbox 104 1224 1639 1280; baseline 0 -12"><span class='ocrx_word' id='word_1_114' title='bbox 104 1224 221 1274; x_wconf 67' lang='grc' dir='ltr'>ξιιοιι</span> <span class='ocrx_word' id='word_1_115' title='bbox 255 1227 397 1270; x_wconf 83' lang='lat' dir='ltr'>laxare</span> <span class='ocrx_word' id='word_1_116' title='bbox 428 1227 622 1279; x_wconf 83' lang='lat' dir='ltr'>ordines,</span> <span class='ocrx_word' id='word_1_117' title='bbox 667 1239 749 1268; x_wconf 93' lang='lat' dir='ltr'>non</span> <span class='ocrx_word' id='word_1_118' title='bbox 782 1227 974 1280; x_wconf 88' lang='lat' dir='ltr'>recipere</span> <span class='ocrx_word' id='word_1_119' title='bbox 1008 1227 1219 1279; x_wconf 87' lang='lat' dir='ltr'>turbatos,</span> <span class='ocrx_word' id='word_1_120' title='bbox 1255 1238 1339 1268; x_wconf 88' lang='lat' dir='ltr'>non</span> <span class='ocrx_word' id='word_1_121' title='bbox 1380 1226 1543 1269; x_wconf 85' lang='lat' dir='ltr'>obviam</span> <span class='ocrx_word' id='word_1_122' title='bbox 1575 1227 1639 1268; x_wconf 87' lang='lat' dir='ltr'>ire</span> 
     </span>
    </p>

    <p class='ocr_par' dir='ltr' id='par_1_9' title="bbox 12 1290 58 1313">
     <span class='ocr_line' id='line_1_17' title="bbox 12 1290 58 1313; baseline -0.043 -5"><span class='ocrx_word' id='word_1_123' title='bbox 12 1290 58 1313; x_wconf 58' lang='lat' dir='ltr'>ns-</span> 
     </span>
    </p>
   </div>
   <div class='ocr_carea' id='block_1_6' title="bbox 47 1288 1711 1369">
    <p class='ocr_par' dir='ltr' id='par_1_10' title="bbox 47 1288 1711 1369">
     <span class='ocr_line' id='line_1_18' title="bbox 47 1288 1711 1369; baseline 0.001 -26"><span class='ocrx_word' id='word_1_124' title='bbox 47 1311 66 1359; x_wconf 49' lang='grc' dir='ltr'>,ι</span> <span class='ocrx_word' id='word_1_125' title='bbox 137 1288 327 1356; x_wconf 88' lang='lat' dir='ltr'>ultroque</span> <span class='ocrx_word' id='word_1_126' title='bbox 373 1302 550 1358; x_wconf 87' lang='lat' dir='ltr'>adgredi</span> <span class='ocrx_word' id='word_1_127' title='bbox 600 1302 759 1344; x_wconf 89' lang='lat' dir='ltr'>hostem</span> <span class='ocrx_word' id='word_1_128' title='bbox 802 1305 955 1344; x_wconf 89' lang='lat' dir='ltr'>tantum</span> <span class='ocrx_word' id='word_1_129' title='bbox 996 1315 1072 1356; x_wconf 89' lang='lat' dir='ltr'>per</span> <span class='ocrx_word' id='word_1_130' title='bbox 1109 1302 1283 1356; x_wconf 84' lang='lat' dir='ltr'>spatium</span> <span class='ocrx_word' id='word_1_131' title='bbox 1324 1314 1468 1344; x_wconf 88' lang='lat' dir='ltr'>cursu</span> <span class='ocrx_word' id='word_1_132' title='bbox 1490 1305 1531 1344; x_wconf 87' lang='lat' dir='ltr'>et</span> <span class='ocrx_word' id='word_1_133' title='bbox 1559 1313 1641 1356; x_wconf 91' lang='lat' dir='ltr'>pu-</span> <span class='ocrx_word' id='word_1_134' title='bbox 1708 1362 1711 1369; x_wconf 28' lang='grc' dir='ltr'><strong><em>Δ</em></strong></span> 
     </span>
    </p>
   </div>
   <div class='ocr_carea' id='block_1_7' title="bbox 1032 1134 1197 1147">
    <p class='ocr_par' dir='ltr' id='par_1_11' title="bbox 1032 1134 1197 1147">
     <span class='ocr_line' id='line_1_19' title="bbox 1032 1134 1197 1147; baseline 0 2069"><span class='ocrx_word' id='word_1_135' title='bbox 1032 1134 1197 1147; x_wconf 95' lang='lat' dir='ltr'> </span> 
     </span>
    </p>
   </div>
   <div class='ocr_carea' id='block_1_8' title="bbox 4 1224 61 1265">
    <p class='ocr_par' dir='ltr' id='par_1_12' title="bbox 4 1224 61 1265">
     <span class='ocr_line' id='line_1_20' title="bbox 4 1224 61 1243; baseline 0 -1"><span class='ocrx_word' id='word_1_136' title='bbox 4 1224 61 1243; x_wconf 37' lang='grc' dir='ltr'>νῶι.</span> 
     </span>
     <span class='ocr_line' id='line_1_21' title="bbox 52 1255 61 1265; baseline 0 0"><span class='ocrx_word' id='word_1_137' title='bbox 52 1255 61 1265; x_wconf 72' lang='grc' dir='ltr'>ι</span> 
     </span>
    </p>
   </div>
   <div class='ocr_carea' id='block_1_9' title="bbox 139 1410 1637 1506">
    <p class='ocr_par' dir='ltr' id='par_1_13' title="bbox 139 1410 1637 1506">
     <span class='ocr_line' id='line_1_22' title="bbox 233 1410 1637 1447; baseline -0.001 0"><span class='ocrx_word' id='word_1_138' title='bbox 233 1413 267 1447; x_wconf 82' lang='grc'>2.</span> <span class='ocrx_word' id='word_1_139' title='bbox 294 1412 455 1445; x_wconf 79' lang='lat' dir='ltr'>resistere</span> <span class='ocrx_word' id='word_1_140' title='bbox 481 1410 560 1445; x_wconf 72' lang='lat' dir='ltr'>Ma:</span> <span class='ocrx_word' id='word_1_141' title='bbox 588 1411 614 1444; x_wconf 91' lang='lat' dir='ltr'><strong>G</strong></span> <span class='ocrx_word' id='word_1_142' title='bbox 640 1412 812 1446; x_wconf 84' lang='lat' dir='ltr'>restitere.</span> <span class='ocrx_word' id='word_1_143' title='bbox 871 1411 905 1446; x_wconf 88' lang='lat'>6.</span> <span class='ocrx_word' id='word_1_144' title='bbox 934 1411 1011 1445; x_wconf 78' lang='lat' dir='ltr'>illic</span> <span class='ocrx_word' id='word_1_145' title='bbox 1037 1410 1141 1446; x_wconf 63' lang='lat' dir='ltr'>Gna:</span> <span class='ocrx_word' id='word_1_146' title='bbox 1169 1412 1278 1446; x_wconf 83' lang='lat' dir='ltr'>tacite</span> <span class='ocrx_word' id='word_1_147' title='bbox 1306 1413 1462 1447; x_wconf 86' lang='lat' dir='ltr'>correxit</span> <span class='ocrx_word' id='word_1_148' title='bbox 1489 1411 1637 1446; x_wconf 81' lang='lat' dir='ltr'>Rhena-</span> 
     </span>
     <span class='ocr_line' id='line_1_23' title="bbox 139 1459 1637 1506; baseline 0.001 -13"><span class='ocrx_word' id='word_1_149' title='bbox 139 1469 216 1493; x_wconf 80' lang='lat' dir='ltr'>nuS.</span> <span class='ocrx_word' id='word_1_150' title='bbox 305 1461 337 1494; x_wconf 92' lang='lat'>7.</span> <span class='ocrx_word' id='word_1_151' title='bbox 361 1459 546 1505; x_wconf 79' lang='lat' dir='ltr'>periculsis</span> <span class='ocrx_word' id='word_1_152' title='bbox 570 1459 635 1502; x_wconf 67' lang='lat' dir='ltr'>Ma,</span> <span class='ocrx_word' id='word_1_153' title='bbox 660 1460 829 1506; x_wconf 77' lang='lat' dir='ltr'>periculis</span> <span class='ocrx_word' id='word_1_154' title='bbox 858 1460 910 1494; x_wconf 86' lang='lat' dir='ltr'>G:</span> <span class='ocrx_word' id='word_1_155' title='bbox 939 1462 1048 1494; x_wconf 82' lang='lat' dir='ltr'>tacite</span> <span class='ocrx_word' id='word_1_156' title='bbox 1077 1461 1232 1494; x_wconf 86' lang='lat' dir='ltr'>correxit</span> <span class='ocrx_word' id='word_1_157' title='bbox 1259 1460 1364 1495; x_wconf 87' lang='lat' dir='ltr'>idem.</span> <span class='ocrx_word' id='word_1_158' title='bbox 1462 1460 1498 1496; x_wconf 90' lang='grc'>8.</span> <span class='ocrx_word' id='word_1_159' title='bbox 1526 1471 1637 1494; x_wconf 86' lang='lat' dir='ltr'>arme.</span> 
     </span>
    </p>
   </div>
   <div class='ocr_carea' id='block_1_10' title="bbox 138 1507 1642 1603">
    <p class='ocr_par' dir='ltr' id='par_1_14' title="bbox 138 1507 1642 1603">
     <span class='ocr_line' id='line_1_24' title="bbox 138 1507 1642 1592; baseline 0.001 -51"><span class='ocrx_word' id='word_1_160' title='bbox 138 1519 286 1591; x_wconf 49' lang='lat' dir='ltr'>gicaosqze</span> <span class='ocrx_word' id='word_1_161' title='bbox 312 1507 377 1551; x_wconf 67' lang='lat' dir='ltr'>Ma,</span> <span class='ocrx_word' id='word_1_162' title='bbox 406 1520 509 1554; x_wconf 85' lang='lat' dir='ltr'>equos</span> <span class='ocrx_word' id='word_1_163' title='bbox 522 1520 636 1592; x_wconf 56' lang='grc' dir='ltr'>ἕνὲηα</span> <span class='ocrx_word' id='word_1_164' title='bbox 664 1520 727 1553; x_wconf 86' lang='lat' dir='ltr'>que</span> <span class='ocrx_word' id='word_1_165' title='bbox 754 1509 793 1544; x_wconf 91' lang='lat' dir='ltr'>G.</span> <span class='ocrx_word' id='word_1_166' title='bbox 903 1509 937 1544; x_wconf 85' lang='lat'>9.</span> <span class='ocrx_word' id='word_1_167' title='bbox 964 1510 1114 1544; x_wconf 68' lang='lat' dir='ltr'>uictoria</span> <span class='ocrx_word' id='word_1_168' title='bbox 1139 1508 1203 1543; x_wconf 58' lang='lat' dir='ltr'>Ma.</span> <span class='ocrx_word' id='word_1_169' title='bbox 1316 1510 1371 1545; x_wconf 82' lang='lat'>12.</span> <span class='ocrx_word' id='word_1_170' title='bbox 1395 1514 1584 1557; x_wconf 74' lang='lat' dir='ltr'>prouectas</span> <span class='ocrx_word' id='word_1_171' title='bbox 1609 1514 1642 1544; x_wconf 75' lang='lat' dir='ltr'>et</span> 
     </span>
     <span class='ocr_line' id='line_1_25' title="bbox 210 1563 604 1603; baseline 0.003 -13"><span class='ocrx_word' id='word_1_172' title='bbox 210 1568 219 1590; x_wconf 73' lang='grc' dir='ltr'><strong><em>ε</em></strong></span> <span class='ocrx_word' id='word_1_173' title='bbox 296 1563 492 1603; x_wconf 80' lang='lat' dir='ltr'>prouecta:</span> <span class='ocrx_word' id='word_1_174' title='bbox 552 1570 568 1591; x_wconf 95' lang='lat' dir='ltr'>e</span> <span class='ocrx_word' id='word_1_175' title='bbox 596 1584 604 1591; x_wconf 92' lang='lat'>.</span> 
     </span>
    </p>
   </div>
   <div class='ocr_carea' id='block_1_11' title="bbox 138 1656 856 1799">
    <p class='ocr_par' dir='ltr' id='par_1_15' title="bbox 138 1656 856 1799">
     <span class='ocr_line' id='line_1_26' title="bbox 138 1656 855 1702; baseline 0.006 -14"><span class='ocrx_word' id='word_1_176' title='bbox 138 1656 229 1689; x_wconf 87' lang='lat' dir='ltr'>rium</span> <span class='ocrx_word' id='word_1_177' title='bbox 259 1657 335 1690; x_wconf 91' lang='lat' dir='ltr'>eius</span> <span class='ocrx_word' id='word_1_178' title='bbox 368 1656 463 1702; x_wconf 90' lang='lat' dir='ltr'>quod</span> <span class='ocrx_word' id='word_1_179' title='bbox 499 1658 643 1692; x_wconf 78' lang='lat' dir='ltr'>consilio</span> <span class='ocrx_word' id='word_1_180' title='bbox 687 1659 855 1692; x_wconf 85' lang='lat' dir='ltr'>contine-</span> 
     </span>
     <span class='ocr_line' id='line_1_27' title="bbox 138 1704 718 1741; baseline 0.007 -4"><span class='ocrx_word' id='word_1_181' title='bbox 138 1708 207 1739; x_wconf 81' lang='lat' dir='ltr'>tur.</span> <span class='ocrx_word' id='word_1_182' title='bbox 250 1704 353 1739; x_wconf 86' lang='lat' dir='ltr'>Conf.</span> <span class='ocrx_word' id='word_1_183' title='bbox 382 1710 503 1740; x_wconf 81' lang='lat' dir='ltr'>annot.</span> <span class='ocrx_word' id='word_1_184' title='bbox 532 1706 575 1739; x_wconf 86' lang='lat' dir='ltr'>ad</span> <span class='ocrx_word' id='word_1_185' title='bbox 601 1706 631 1740; x_wconf 83' lang='grc' dir='ltr'>ΙΙ</span> <span class='ocrx_word' id='word_1_186' title='bbox 664 1708 718 1741; x_wconf 88' lang='lat'>17.</span> 
     </span>
     <span class='ocr_line' id='line_1_28' title="bbox 216 1755 856 1799; baseline 0.006 -13"><span class='ocrx_word' id='word_1_187' title='bbox 216 1763 258 1786; x_wconf 81' lang='lat' dir='ltr'>ea</span> <span class='ocrx_word' id='word_1_188' title='bbox 283 1755 473 1788; x_wconf 75' lang='lat' dir='ltr'>necessitas</span> <span class='ocrx_word' id='word_1_189' title='bbox 497 1766 557 1788; x_wconf 90' lang='lat' dir='ltr'>seu</span> <span class='ocrx_word' id='word_1_190' title='bbox 581 1756 755 1799; x_wconf 82' lang='lat' dir='ltr'>fortuna:</span> <span class='ocrx_word' id='word_1_191' title='bbox 789 1767 856 1790; x_wconf 79' lang='lat' dir='ltr'>ue-</span> 
     </span>
    </p>
   </div>
   <div class='ocr_carea' id='block_1_12' title="bbox 922 1648 1681 1800">
    <p class='ocr_par' dir='ltr' id='par_1_16' title="bbox 922 1648 1681 1800">
     <span class='ocr_line' id='line_1_29' title="bbox 923 1648 1681 1744; baseline 0 -53"><span class='ocrx_word' id='word_1_192' title='bbox 923 1657 959 1691; x_wconf 91' lang='lat' dir='ltr'>h.</span> <span class='ocrx_word' id='word_1_193' title='bbox 989 1668 1021 1692; x_wconf 86' lang='lat' dir='ltr'>e.</span> <span class='ocrx_word' id='word_1_194' title='bbox 1058 1667 1129 1690; x_wconf 92' lang='lat' dir='ltr'>non</span> <span class='ocrx_word' id='word_1_195' title='bbox 1166 1667 1231 1691; x_wconf 90' lang='lat' dir='ltr'>sua</span> <span class='ocrx_word' id='word_1_196' title='bbox 1264 1657 1411 1702; x_wconf 84' lang='lat' dir='ltr'>ignavia</span> <span class='ocrx_word' id='word_1_197' title='bbox 1446 1655 1509 1690; x_wconf 86' lang='lat' dir='ltr'>sed</span> <span class='ocrx_word' id='word_1_198' title='bbox 1540 1648 1681 1744; x_wconf 47' lang='lat' dir='ltr'>clade?</span> 
     </span>
     <span class='ocr_line' id='line_1_30' title="bbox 922 1703 1668 1751; baseline 0 -12"><span class='ocrx_word' id='word_1_199' title='bbox 922 1716 1066 1740; x_wconf 88' lang='lat' dir='ltr'>suorum</span> <span class='ocrx_word' id='word_1_200' title='bbox 1093 1706 1251 1750; x_wconf 85' lang='lat' dir='ltr'>superati</span> <span class='ocrx_word' id='word_1_201' title='bbox 1278 1703 1556 1751; x_wconf 63' lang='lat' dir='ltr'>(durch‘Zusall</span> <span class='ocrx_word' id='word_1_202' title='bbox 1581 1705 1644 1739; x_wconf 83' lang='lat' dir='ltr'>der</span> <span class='ocrx_word' id='word_1_203' title='bbox 1666 1745 1668 1748; x_wconf 91' lang='lat'>.</span> 
     </span>
     <span class='ocr_line' id='line_1_31' title="bbox 923 1749 1667 1800; baseline 0 -12"><span class='ocrx_word' id='word_1_204' title='bbox 923 1755 1071 1800; x_wconf 75' lang='lat' dir='ltr'>besieyte</span> <span class='ocrx_word' id='word_1_205' title='bbox 1088 1753 1211 1799; x_wconf 76' lang='lat' dir='ltr'>Theil).</span> <span class='ocrx_word' id='word_1_206' title='bbox 1238 1753 1492 1788; x_wconf 83' lang='lat' dir='ltr'>Doederlinius</span> <span class='ocrx_word' id='word_1_207' title='bbox 1521 1755 1642 1799; x_wconf 84' lang='lat' dir='ltr'>suspi-</span> <span class='ocrx_word' id='word_1_208' title='bbox 1660 1749 1667 1769; x_wconf 66' lang='lat'>‘⁴</span> 
     </span>
    </p>
   </div>
   <div class='ocr_carea' id='block_1_13' title="bbox 139 1801 859 2814">
    <p class='ocr_par' dir='ltr' id='par_1_17' title="bbox 139 1801 858 2090">
     <span class='ocr_line' id='line_1_32' title="bbox 140 1801 857 1848; baseline 0.001 -12"><span class='ocrx_word' id='word_1_209' title='bbox 140 1803 282 1836; x_wconf 83' lang='lat' dir='ltr'>cessitas</span> <span class='ocrx_word' id='word_1_210' title='bbox 335 1813 379 1836; x_wconf 87' lang='lat' dir='ltr'>ex</span> <span class='ocrx_word' id='word_1_211' title='bbox 422 1801 503 1836; x_wconf 94' lang='lat' dir='ltr'>loco</span> <span class='ocrx_word' id='word_1_212' title='bbox 547 1803 770 1848; x_wconf 85' lang='lat' dir='ltr'>fugientibus</span> <span class='ocrx_word' id='word_1_213' title='bbox 818 1809 857 1837; x_wconf 86' lang='lat' dir='ltr'>ut</span> 
     </span>
     <span class='ocr_line' id='line_1_33' title="bbox 140 1850 856 1896; baseline -0.001 -12"><span class='ocrx_word' id='word_1_214' title='bbox 140 1850 285 1884; x_wconf 81' lang='lat' dir='ltr'>collecti</span> <span class='ocrx_word' id='word_1_215' title='bbox 325 1851 555 1894; x_wconf 79' lang='lat' dir='ltr'>resisterent,</span> <span class='ocrx_word' id='word_1_216' title='bbox 598 1854 745 1896; x_wconf 79' lang='lat' dir='ltr'>fortuna</span> <span class='ocrx_word' id='word_1_217' title='bbox 770 1862 856 1896; x_wconf 87' lang='lat' dir='ltr'>pro-</span> 
     </span>
     <span class='ocr_line' id='line_1_34' title="bbox 139 1900 857 1943; baseline 0.004 -12"><span class='ocrx_word' id='word_1_218' title='bbox 139 1903 218 1942; x_wconf 85' lang='lat' dir='ltr'>pter</span> <span class='ocrx_word' id='word_1_219' title='bbox 245 1903 425 1932; x_wconf 89' lang='lat' dir='ltr'>eventum.</span> <span class='ocrx_word' id='word_1_220' title='bbox 558 1905 660 1943; x_wconf 81' lang='lat' dir='ltr'>atque</span> <span class='ocrx_word' id='word_1_221' title='bbox 687 1900 742 1934; x_wconf 75' lang='lat' dir='ltr'>illi</span> <span class='ocrx_word' id='word_1_222' title='bbox 769 1912 857 1934; x_wconf 82' lang='lat' dir='ltr'>con-</span> 
     </span>
     <span class='ocr_line' id='line_1_35' title="bbox 139 1948 858 2004; baseline 0.006 -26"><span class='ocrx_word' id='word_1_223' title='bbox 139 1951 370 1979; x_wconf 82' lang='lat' dir='ltr'>sternantur.-</span> <span class='ocrx_word' id='word_1_224' title='bbox 410 1953 512 1991; x_wconf 82' lang='lat' dir='ltr'>alque</span> <span class='ocrx_word' id='word_1_225' title='bbox 536 1948 711 1991; x_wconf 85' lang='lat' dir='ltr'>particula</span> <span class='ocrx_word' id='word_1_226' title='bbox 741 1950 858 2004; x_wconf 72' lang='lat' dir='ltr'>posita</span> 
     </span>
     <span class='ocr_line' id='line_1_36' title="bbox 140 1994 857 2038; baseline 0.004 -12"><span class='ocrx_word' id='word_1_227' title='bbox 140 1995 177 2026; x_wconf 91' lang='lat' dir='ltr'>in</span> <span class='ocrx_word' id='word_1_228' title='bbox 203 1994 381 2038; x_wconf 90' lang='lat' dir='ltr'>principio</span> <span class='ocrx_word' id='word_1_229' title='bbox 407 1997 608 2029; x_wconf 79' lang='lat' dir='ltr'>sententiae</span> <span class='ocrx_word' id='word_1_230' title='bbox 638 2006 770 2030; x_wconf 90' lang='lat' dir='ltr'>novum</span> <span class='ocrx_word' id='word_1_231' title='bbox 799 1998 857 2029; x_wconf 90' lang='lat' dir='ltr'>in-</span> 
     </span>
     <span class='ocr_line' id='line_1_37' title="bbox 140 2041 773 2092; baseline 0.003 -17"><span class='ocrx_word' id='word_1_232' title='bbox 140 2041 236 2076; x_wconf 87' lang='lat' dir='ltr'>dicat</span> <span class='ocrx_word' id='word_1_233' title='bbox 266 2047 301 2075; x_wconf 87' lang='lat' dir='ltr'>et</span> <span class='ocrx_word' id='word_1_234' title='bbox 326 2042 560 2077; x_wconf 83' lang='lat' dir='ltr'>memorabile</span> <span class='ocrx_word' id='word_1_235' title='bbox 587 2044 674 2090; x_wconf 85' lang='lat' dir='ltr'>(und</span> <span class='ocrx_word' id='word_1_236' title='bbox 700 2044 773 2092; x_wconf 76' lang='lat' dir='ltr'>cla).</span> 
     </span>
    </p>

    <p class='ocr_par' dir='ltr' id='par_1_18' title="bbox 139 2091 859 2476">
     <span class='ocr_line' id='line_1_38' title="bbox 210 2091 857 2138; baseline 0.003 -14"><span class='ocrx_word' id='word_1_237' title='bbox 210 2091 383 2124; x_wconf 80' lang='lat' dir='ltr'>Antonius</span> <span class='ocrx_word' id='word_1_238' title='bbox 400 2091 535 2125; x_wconf 82' lang='lat' dir='ltr'>instare</span> <span class='ocrx_word' id='word_1_239' title='bbox 555 2091 739 2138; x_wconf 78' lang='lat' dir='ltr'>perculsis,</span> <span class='ocrx_word' id='word_1_240' title='bbox 766 2098 857 2126; x_wconf 83' lang='lat' dir='ltr'>ster-</span> 
     </span>
     <span class='ocr_line' id='line_1_39' title="bbox 139 2139 856 2175; baseline 0.004 -4"><span class='ocrx_word' id='word_1_241' title='bbox 139 2149 225 2172; x_wconf 77' lang='lat' dir='ltr'>nere</span> <span class='ocrx_word' id='word_1_242' title='bbox 243 2139 400 2172; x_wconf 77' lang='lat' dir='ltr'>obvios:</span> <span class='ocrx_word' id='word_1_243' title='bbox 447 2139 538 2174; x_wconf 86' lang='lat' dir='ltr'>hanc</span> <span class='ocrx_word' id='word_1_244' title='bbox 572 2141 746 2175; x_wconf 80' lang='lat' dir='ltr'>victoriae</span> <span class='ocrx_word' id='word_1_245' title='bbox 782 2140 856 2174; x_wconf 87' lang='lat' dir='ltr'>Be-</span> 
     </span>
     <span class='ocr_line' id='line_1_40' title="bbox 141 2185 857 2233; baseline 0.004 -13"><span class='ocrx_word' id='word_1_246' title='bbox 141 2185 335 2221; x_wconf 86' lang='lat' dir='ltr'>driacensis</span> <span class='ocrx_word' id='word_1_247' title='bbox 362 2192 497 2231; x_wconf 79' lang='lat' dir='ltr'>partem</span> <span class='ocrx_word' id='word_1_248' title='bbox 516 2189 693 2223; x_wconf 85' lang='lat' dir='ltr'>Antonius</span> <span class='ocrx_word' id='word_1_249' title='bbox 720 2190 754 2222; x_wconf 91' lang='lat' dir='ltr'>in</span> <span class='ocrx_word' id='word_1_250' title='bbox 777 2191 857 2233; x_wconf 87' lang='lat' dir='ltr'>epi-</span> 
     </span>
     <span class='ocr_line' id='line_1_41' title="bbox 140 2235 857 2282; baseline 0.001 -14"><span class='ocrx_word' id='word_1_251' title='bbox 140 2235 232 2269; x_wconf 84' lang='lat' dir='ltr'>stola</span> <span class='ocrx_word' id='word_1_252' title='bbox 253 2235 296 2269; x_wconf 87' lang='lat' dir='ltr'>ad</span> <span class='ocrx_word' id='word_1_253' title='bbox 328 2235 584 2280; x_wconf 87' lang='lat' dir='ltr'>Vespasianum</span> <span class='ocrx_word' id='word_1_254' title='bbox 612 2239 718 2271; x_wconf 83' lang='lat' dir='ltr'>missa</span> <span class='ocrx_word' id='word_1_255' title='bbox 756 2242 857 2282; x_wconf 82' lang='lat' dir='ltr'>post-</span> 
     </span>
     <span class='ocr_line' id='line_1_42' title="bbox 142 2283 859 2332; baseline 0.004 -15"><span class='ocrx_word' id='word_1_256' title='bbox 142 2283 208 2317; x_wconf 85' lang='lat' dir='ltr'>hac</span> <span class='ocrx_word' id='word_1_257' title='bbox 243 2284 402 2318; x_wconf 82' lang='lat' dir='ltr'>nominat</span> <span class='ocrx_word' id='word_1_258' title='bbox 440 2292 631 2329; x_wconf 81' lang='lat' dir='ltr'>equestrem</span> <span class='ocrx_word' id='word_1_259' title='bbox 664 2286 859 2332; x_wconf 83' lang='lat' dir='ltr'>procellam</span> 
     </span>
     <span class='ocr_line' id='line_1_43' title="bbox 143 2333 858 2382; baseline 0.003 -16"><span class='ocrx_word' id='word_1_260' title='bbox 143 2343 219 2376; x_wconf 90' lang='lat' dir='ltr'>cap.</span> <span class='ocrx_word' id='word_1_261' title='bbox 248 2333 305 2367; x_wconf 84' lang='lat'>53.</span> <span class='ocrx_word' id='word_1_262' title='bbox 404 2334 558 2378; x_wconf 82' lang='lat' dir='ltr'>spoliare</span> <span class='ocrx_word' id='word_1_263' title='bbox 587 2346 741 2382; x_wconf 70' lang='lat' dir='ltr'>caper-:e</span> <span class='ocrx_word' id='word_1_264' title='bbox 768 2344 858 2369; x_wconf 89' lang='lat' dir='ltr'>con-</span> 
     </span>
     <span class='ocr_line' id='line_1_44' title="bbox 142 2381 857 2425; baseline 0.007 -13"><span class='ocrx_word' id='word_1_265' title='bbox 142 2381 250 2413; x_wconf 83' lang='lat' dir='ltr'>traria</span> <span class='ocrx_word' id='word_1_266' title='bbox 292 2388 552 2424; x_wconf 74' lang='lat' dir='ltr'>componuntur</span> <span class='ocrx_word' id='word_1_267' title='bbox 576 2396 584 2425; x_wconf 83' lang='lat'>3</span> <span class='ocrx_word' id='word_1_268' title='bbox 639 2383 674 2416; x_wconf 87' lang='lat' dir='ltr'>hi</span> <span class='ocrx_word' id='word_1_269' title='bbox 732 2392 857 2417; x_wconf 85' lang='lat' dir='ltr'>caesos</span> 
     </span>
     <span class='ocr_line' id='line_1_45' title="bbox 142 2428 825 2476; baseline 0.003 -14"><span class='ocrx_word' id='word_1_270' title='bbox 142 2428 401 2473; x_wconf 87' lang='lat' dir='ltr'>spoliaverunt,</span> <span class='ocrx_word' id='word_1_271' title='bbox 429 2429 482 2464; x_wconf 89' lang='lat' dir='ltr'>illi</span> <span class='ocrx_word' id='word_1_272' title='bbox 510 2432 615 2464; x_wconf 85' lang='lat' dir='ltr'>vivos</span> <span class='ocrx_word' id='word_1_273' title='bbox 642 2437 825 2476; x_wconf 86' lang='lat' dir='ltr'>ceperunt.</span> 
     </span>
    </p>

    <p class='ocr_par' dir='ltr' id='par_1_19' title="bbox 140 2476 858 2766">
     <span class='ocr_line' id='line_1_46' title="bbox 218 2476 858 2525; baseline 0.006 -15"><span class='ocrx_word' id='word_1_274' title='bbox 218 2476 302 2520; x_wconf 83' lang='lat' dir='ltr'>Cap.</span> <span class='ocrx_word' id='word_1_275' title='bbox 336 2477 390 2511; x_wconf 85' lang='lat'>18.</span> <span class='ocrx_word' id='word_1_276' title='bbox 446 2478 576 2521; x_wconf 80' lang='lat' dir='ltr'>fulsere</span> <span class='ocrx_word' id='word_1_277' title='bbox 604 2480 779 2525; x_wconf 67' lang='lat' dir='ltr'>legionum</span> <span class='ocrx_word' id='word_1_278' title='bbox 805 2481 858 2514; x_wconf 82' lang='lat' dir='ltr'>si-</span> 
     </span>
     <span class='ocr_line' id='line_1_47' title="bbox 140 2524 856 2584; baseline 0.007 -27"><span class='ocrx_word' id='word_1_279' title='bbox 140 2536 235 2570; x_wconf 68' lang='lat' dir='ltr'>qua.-</span> <span class='ocrx_word' id='word_1_280' title='bbox 270 2524 408 2570; x_wconf 82' lang='lat' dir='ltr'>aquilas</span> <span class='ocrx_word' id='word_1_281' title='bbox 446 2526 630 2572; x_wconf 84' lang='lat' dir='ltr'>legionum</span> <span class='ocrx_word' id='word_1_282' title='bbox 667 2528 856 2584; x_wconf 80' lang='lat' dir='ltr'>intellige,</span> 
     </span>
     <span class='ocr_line' id='line_1_48' title="bbox 142 2573 856 2620; baseline 0.006 -14"><span class='ocrx_word' id='word_1_283' title='bbox 142 2583 229 2618; x_wconf 84' lang='lat' dir='ltr'>quas</span> <span class='ocrx_word' id='word_1_284' title='bbox 256 2573 285 2606; x_wconf 92' lang='lat' dir='ltr'>si</span> <span class='ocrx_word' id='word_1_285' title='bbox 313 2584 356 2606; x_wconf 87' lang='lat' dir='ltr'>ex</span> <span class='ocrx_word' id='word_1_286' title='bbox 383 2584 468 2607; x_wconf 83' lang='lat' dir='ltr'>auio</span> <span class='ocrx_word' id='word_1_287' title='bbox 501 2575 614 2609; x_wconf 83' lang='lat' dir='ltr'>factas</span> <span class='ocrx_word' id='word_1_288' title='bbox 638 2577 856 2620; x_wconf 89' lang='lat' dir='ltr'>memineris,</span> 
     </span>
     <span class='ocr_line' id='line_1_49' title="bbox 140 2621 857 2670; baseline 0.007 -16"><span class='ocrx_word' id='word_1_289' title='bbox 140 2621 271 2666; x_wconf 82' lang='lat' dir='ltr'>fulsere</span> <span class='ocrx_word' id='word_1_290' title='bbox 297 2623 441 2666; x_wconf 83' lang='lat' dir='ltr'>proprie</span> <span class='ocrx_word' id='word_1_291' title='bbox 466 2622 598 2658; x_wconf 90' lang='lat' dir='ltr'>dictum</span> <span class='ocrx_word' id='word_1_292' title='bbox 633 2635 712 2658; x_wconf 88' lang='lat' dir='ltr'>esse</span> <span class='ocrx_word' id='word_1_293' title='bbox 741 2635 857 2670; x_wconf 77' lang='lat' dir='ltr'>agno-</span> 
     </span>
     <span class='ocr_line' id='line_1_50' title="bbox 142 2671 858 2719; baseline 0.004 -16"><span class='ocrx_word' id='word_1_294' title='bbox 142 2680 233 2713; x_wconf 85' lang='lat' dir='ltr'>sces,</span> <span class='ocrx_word' id='word_1_295' title='bbox 261 2674 299 2703; x_wconf 88' lang='lat' dir='ltr'>ut</span> <span class='ocrx_word' id='word_1_296' title='bbox 324 2671 360 2703; x_wconf 88' lang='lat' dir='ltr'>in</span> <span class='ocrx_word' id='word_1_297' title='bbox 375 2671 547 2716; x_wconf 81' lang='lat' dir='ltr'>Agricola</span> <span class='ocrx_word' id='word_1_298' title='bbox 574 2684 604 2707; x_wconf 91' lang='lat' dir='ltr'>c.</span> <span class='ocrx_word' id='word_1_299' title='bbox 623 2673 687 2708; x_wconf 81' lang='lat'>26:</span> <span class='ocrx_word' id='word_1_300' title='bbox 716 2679 747 2706; x_wconf 89' lang='lat' dir='ltr'>et</span> <span class='ocrx_word' id='word_1_301' title='bbox 769 2685 858 2719; x_wconf 83' lang='lat' dir='ltr'>pro-</span> 
     </span>
     <span class='ocr_line' id='line_1_51' title="bbox 140 2718 672 2766; baseline 0.004 -15"><span class='ocrx_word' id='word_1_302' title='bbox 140 2719 272 2763; x_wconf 81' lang='lat' dir='ltr'>pinqua</span> <span class='ocrx_word' id='word_1_303' title='bbox 298 2718 374 2753; x_wconf 89' lang='lat' dir='ltr'>luce</span> <span class='ocrx_word' id='word_1_304' title='bbox 399 2720 530 2763; x_wconf 81' lang='lat' dir='ltr'>fulsere</span> <span class='ocrx_word' id='word_1_305' title='bbox 558 2722 672 2766; x_wconf 69' lang='lat' dir='ltr'>siqua.</span> 
     </span>
    </p>

    <p class='ocr_par' dir='ltr' id='par_1_20' title="bbox 205 2768 857 2814">
     <span class='ocr_line' id='line_1_52' title="bbox 205 2768 857 2814; baseline 0.008 -15"><span class='ocrx_word' id='word_1_306' title='bbox 205 2769 296 2811; x_wconf 84' lang='lat' dir='ltr'>sorte</span> <span class='ocrx_word' id='word_1_307' title='bbox 323 2768 430 2801; x_wconf 81' lang='lat' dir='ltr'>victi.-</span> <span class='ocrx_word' id='word_1_308' title='bbox 457 2769 526 2803; x_wconf 89' lang='lat' dir='ltr'>hoc</span> <span class='ocrx_word' id='word_1_309' title='bbox 543 2769 790 2814; x_wconf 87' lang='lat' dir='ltr'>accipiendum</span> <span class='ocrx_word' id='word_1_310' title='bbox 813 2770 857 2804; x_wconf 91' lang='lat' dir='ltr'>de</span> 
     </span>
    </p>
   </div>
   <div class='ocr_carea' id='block_1_14' title="bbox 74 2816 857 2920">
    <p class='ocr_par' dir='ltr' id='par_1_21' title="bbox 74 2816 857 2920">
     <span class='ocr_line' id='line_1_53' title="bbox 84 2816 857 2856; baseline 0.005 -10"><span class='ocrx_word' id='word_1_311' title='bbox 84 2829 90 2856; x_wconf 72' lang='lat' dir='ltr'><em>j</em></span> <span class='ocrx_word' id='word_1_312' title='bbox 145 2816 273 2848; x_wconf 88' lang='lat' dir='ltr'>ceteris</span> <span class='ocrx_word' id='word_1_313' title='bbox 301 2817 479 2851; x_wconf 85' lang='lat' dir='ltr'>exercitus</span> <span class='ocrx_word' id='word_1_314' title='bbox 508 2818 694 2852; x_wconf 85' lang='lat' dir='ltr'>Vitelliani</span> <span class='ocrx_word' id='word_1_315' title='bbox 730 2819 857 2853; x_wconf 84' lang='lat' dir='ltr'>militi-</span> 
     </span>
     <span class='ocr_line' id='line_1_54' title="bbox 74 2861 857 2920; baseline 0.009 -27"><span class='ocrx_word' id='word_1_316' title='bbox 74 2878 83 2920; x_wconf 19' lang='lat' dir='ltr'><em>s</em></span> <span class='ocrx_word' id='word_1_317' title='bbox 143 2861 208 2895; x_wconf 86' lang='lat' dir='ltr'>bus</span> <span class='ocrx_word' id='word_1_318' title='bbox 234 2863 276 2896; x_wconf 89' lang='lat' dir='ltr'>ab</span> <span class='ocrx_word' id='word_1_319' title='bbox 302 2865 458 2898; x_wconf 89' lang='lat' dir='ltr'>Antonio</span> <span class='ocrx_word' id='word_1_320' title='bbox 494 2869 678 2911; x_wconf 84' lang='lat' dir='ltr'>prostratis</span> <span class='ocrx_word' id='word_1_321' title='bbox 725 2872 785 2902; x_wconf 86' lang='lat' dir='ltr'>aut</span> <span class='ocrx_word' id='word_1_322' title='bbox 820 2869 857 2901; x_wconf 91' lang='lat' dir='ltr'>in</span> 
     </span>
    </p>
   </div>
   <div class='ocr_carea' id='block_1_15' title="bbox 144 2909 858 3010">
    <p class='ocr_par' dir='ltr' id='par_1_22' title="bbox 144 2909 858 3010">
     <span class='ocr_line' id='line_1_55' title="bbox 144 2909 858 2960; baseline 0.013 -18"><span class='ocrx_word' id='word_1_323' title='bbox 144 2909 266 2955; x_wconf 84' lang='lat' dir='ltr'>fugam</span> <span class='ocrx_word' id='word_1_324' title='bbox 298 2914 492 2947; x_wconf 77' lang='lat' dir='ltr'>coniectis:</span> <span class='ocrx_word' id='word_1_325' title='bbox 529 2926 607 2949; x_wconf 87' lang='lat' dir='ltr'>nam</span> <span class='ocrx_word' id='word_1_326' title='bbox 646 2917 714 2960; x_wconf 87' lang='lat' dir='ltr'>ipsi</span> <span class='ocrx_word' id='word_1_327' title='bbox 741 2915 858 2950; x_wconf 82' lang='lat' dir='ltr'>adhuc</span> 
     </span>
     <span class='ocr_line' id='line_1_56' title="bbox 145 2956 857 3010; baseline 0.015 -22"><span class='ocrx_word' id='word_1_328' title='bbox 145 2956 278 3003; x_wconf 81' lang='lat' dir='ltr'>integri</span> <span class='ocrx_word' id='word_1_329' title='bbox 305 2966 415 2995; x_wconf 85' lang='lat' dir='ltr'>erant.</span> <span class='ocrx_word' id='word_1_330' title='bbox 443 2962 533 2997; x_wconf 87' lang='lat' dir='ltr'>Hinc</span> <span class='ocrx_word' id='word_1_331' title='bbox 549 2964 635 2998; x_wconf 86' lang='lat' dir='ltr'>dicit</span> <span class='ocrx_word' id='word_1_332' title='bbox 649 2966 741 3010; x_wconf 78' lang='lat' dir='ltr'>sorte</span> <span class='ocrx_word' id='word_1_333' title='bbox 761 2965 857 3008; x_wconf 77' lang='lat' dir='ltr'>victi,</span> 
     </span>
    </p>
   </div>
   <div class='ocr_carea' id='block_1_16' title="bbox 923 1801 1677 3012">
    <p class='ocr_par' dir='ltr' id='par_1_23' title="bbox 925 1801 1643 1885">
     <span class='ocr_line' id='line_1_57' title="bbox 925 1801 1643 1848; baseline -0.001 -11"><span class='ocrx_word' id='word_1_334' title='bbox 925 1808 1025 1837; x_wconf 86' lang='lat' dir='ltr'>catur</span> <span class='ocrx_word' id='word_1_335' title='bbox 1053 1805 1164 1848; x_wconf 75' lang='lat' dir='ltr'>sortes</span> <span class='ocrx_word' id='word_1_336' title='bbox 1189 1803 1286 1845; x_wconf 77' lang='lat' dir='ltr'>victi,</span> <span class='ocrx_word' id='word_1_337' title='bbox 1316 1801 1526 1847; x_wconf 76' lang='lat' dir='ltr'>Bernhardy</span> <span class='ocrx_word' id='word_1_338' title='bbox 1549 1804 1643 1848; x_wconf 74' lang='lat' dir='ltr'>soree</span> 
     </span>
     <span class='ocr_line' id='line_1_58' title="bbox 926 1853 1162 1885; baseline 0 0"><span class='ocrx_word' id='word_1_339' title='bbox 926 1858 958 1885; x_wconf 88' lang='lat' dir='ltr'>et</span> <span class='ocrx_word' id='word_1_340' title='bbox 982 1853 1017 1885; x_wconf 79' lang='lat' dir='ltr'>vi</span> <span class='ocrx_word' id='word_1_341' title='bbox 1043 1853 1162 1885; x_wconf 75' lang='lat' dir='ltr'>tracti.</span> 
     </span>
    </p>

    <p class='ocr_par' dir='ltr' id='par_1_24' title="bbox 923 1898 1677 3012">
     <span class='ocr_line' id='line_1_59' title="bbox 996 1898 1642 1944; baseline 0.002 -11"><span class='ocrx_word' id='word_1_342' title='bbox 996 1910 1078 1943; x_wconf 83' lang='lat' dir='ltr'>quos</span> <span class='ocrx_word' id='word_1_343' title='bbox 1103 1898 1231 1933; x_wconf 68' lang='lat' dir='ltr'>utilitia</span> <span class='ocrx_word' id='word_1_344' title='bbox 1257 1911 1274 1932; x_wconf 94' lang='lat' dir='ltr'>e</span> <span class='ocrx_word' id='word_1_345' title='bbox 1303 1899 1642 1944; x_wconf 65' lang='lat' dir='ltr'>legionariis—ae-</span> 
     </span>
     <span class='ocr_line' id='line_1_60' title="bbox 925 1947 1641 1991; baseline 0.003 -11"><span class='ocrx_word' id='word_1_346' title='bbox 925 1948 1077 1991; x_wconf 80' lang='lat' dir='ltr'>quabant</span> <span class='ocrx_word' id='word_1_347' title='bbox 1095 1959 1106 1980; x_wconf 94' lang='lat'>.·</span> <span class='ocrx_word' id='word_1_348' title='bbox 1132 1952 1317 1981; x_wconf 85' lang='lat' dir='ltr'>nutantem</span> <span class='ocrx_word' id='word_1_349' title='bbox 1345 1947 1499 1981; x_wconf 85' lang='lat' dir='ltr'>hostium</span> <span class='ocrx_word' id='word_1_350' title='bbox 1527 1949 1641 1982; x_wconf 86' lang='lat' dir='ltr'>aciem</span> 
     </span>
     <span class='ocr_line' id='line_1_61' title="bbox 924 1990 1642 2040; baseline 0.003 -12"><span class='ocrx_word' id='word_1_351' title='bbox 924 1990 1042 2029; x_wconf 69' lang='lat' dir='ltr'>vi‘ctor</span> <span class='ocrx_word' id='word_1_352' title='bbox 1067 1996 1246 2040; x_wconf 87' lang='lat' dir='ltr'>equitatus</span> <span class='ocrx_word' id='word_1_353' title='bbox 1261 1996 1430 2039; x_wconf 77' lang='lat' dir='ltr'>incursat,</span> <span class='ocrx_word' id='word_1_354' title='bbox 1450 2006 1533 2029; x_wconf 91' lang='lat' dir='ltr'>mox</span> <span class='ocrx_word' id='word_1_355' title='bbox 1544 1996 1642 2030; x_wconf 75' lang='lat' dir='ltr'>Mes-</span> 
     </span>
     <span class='ocr_line' id='line_1_62' title="bbox 924 2043 1642 2078; baseline 0.001 -1"><span class='ocrx_word' id='word_1_356' title='bbox 924 2043 999 2077; x_wconf 85' lang='lat' dir='ltr'>sala</span> <span class='ocrx_word' id='word_1_357' title='bbox 1038 2044 1117 2077; x_wconf 84' lang='lat' dir='ltr'>eitis</span> <span class='ocrx_word' id='word_1_358' title='bbox 1162 2054 1204 2078; x_wconf 89' lang='lat' dir='ltr'>ac</span> <span class='ocrx_word' id='word_1_359' title='bbox 1241 2044 1382 2078; x_wconf 88' lang='lat' dir='ltr'>levibus</span> <span class='ocrx_word' id='word_1_360' title='bbox 1415 2044 1642 2078; x_wconf 81' lang='lat' dir='ltr'>auxiliarium</span> 
     </span>
     <span class='ocr_line' id='line_1_63' title="bbox 926 2091 1642 2139; baseline 0.001 -13"><span class='ocrx_word' id='word_1_361' title='bbox 926 2091 1133 2126; x_wconf 88' lang='lat' dir='ltr'>cohortibus</span> <span class='ocrx_word' id='word_1_362' title='bbox 1158 2094 1373 2138; x_wconf 85' lang='lat' dir='ltr'>assequitur,</span> <span class='ocrx_word' id='word_1_363' title='bbox 1401 2102 1491 2138; x_wconf 83' lang='lat' dir='ltr'>quos</span> <span class='ocrx_word' id='word_1_364' title='bbox 1520 2093 1642 2139; x_wconf 86' lang='lat' dir='ltr'>legio-</span> 
     </span>
     <span class='ocr_line' id='line_1_64' title="bbox 924 2124 1677 2189; baseline 0.003 -16"><span class='ocrx_word' id='word_1_365' title='bbox 924 2142 1036 2183; x_wconf 87' lang='lat' dir='ltr'>narii,</span> <span class='ocrx_word' id='word_1_366' title='bbox 1072 2151 1143 2174; x_wconf 89' lang='lat' dir='ltr'>nou</span> <span class='ocrx_word' id='word_1_367' title='bbox 1172 2151 1296 2189; x_wconf 79' lang='lat' dir='ltr'>omnes</span> <span class='ocrx_word' id='word_1_368' title='bbox 1319 2142 1381 2175; x_wconf 87' lang='lat' dir='ltr'>sed</span> <span class='ocrx_word' id='word_1_369' title='bbox 1408 2143 1468 2187; x_wconf 89' lang='lat' dir='ltr'>qui</span> <span class='ocrx_word' id='word_1_370' title='bbox 1495 2152 1541 2175; x_wconf 82' lang='lat' dir='ltr'>ex</span> <span class='ocrx_word' id='word_1_371' title='bbox 1567 2146 1642 2175; x_wconf 86' lang='lat' dir='ltr'>toto</span> <span class='ocrx_word' id='word_1_372' title='bbox 1666 2124 1677 2183; x_wconf 68' lang='lat' dir='ltr'>,l</span> 
     </span>
     <span class='ocr_line' id='line_1_65' title="bbox 927 2189 1672 2233; baseline 0.003 -11"><span class='ocrx_word' id='word_1_373' title='bbox 927 2190 1089 2223; x_wconf 85' lang='lat' dir='ltr'>exercitu</span> <span class='ocrx_word' id='word_1_374' title='bbox 1129 2189 1319 2224; x_wconf 87' lang='lat' dir='ltr'>celerrime</span> <span class='ocrx_word' id='word_1_375' title='bbox 1363 2189 1640 2232; x_wconf 66' lang='lat' dir='ltr'>advolaverunt,</span> <span class='ocrx_word' id='word_1_376' title='bbox 1666 2197 1672 2233; x_wconf 64' lang='grc' dir='ltr'>ξ</span> 
     </span>
     <span class='ocr_line' id='line_1_66' title="bbox 925 2238 1673 2305; baseline 0.003 -34"><span class='ocrx_word' id='word_1_377' title='bbox 925 2248 1134 2283; x_wconf 86' lang='lat' dir='ltr'>quamquam</span> <span class='ocrx_word' id='word_1_378' title='bbox 1179 2240 1304 2283; x_wconf 83' lang='lat' dir='ltr'>raptim</span> <span class='ocrx_word' id='word_1_379' title='bbox 1355 2238 1481 2272; x_wconf 77' lang='lat' dir='ltr'>ductos</span> <span class='ocrx_word' id='word_1_380' title='bbox 1523 2249 1641 2285; x_wconf 84' lang='lat' dir='ltr'>aequo</span> <span class='ocrx_word' id='word_1_381' title='bbox 1668 2263 1673 2305; x_wconf 49' lang='grc' dir='ltr'>ξ</span> 
     </span>
     <span class='ocr_line' id='line_1_67' title="bbox 925 2285 1641 2332; baseline 0.006 -13"><span class='ocrx_word' id='word_1_382' title='bbox 925 2285 1036 2331; x_wconf 85' lang='lat' dir='ltr'>gradu</span> <span class='ocrx_word' id='word_1_383' title='bbox 1064 2291 1100 2320; x_wconf 89' lang='lat' dir='ltr'>et</span> <span class='ocrx_word' id='word_1_384' title='bbox 1125 2297 1228 2320; x_wconf 81' lang='lat' dir='ltr'>cursu</span> <span class='ocrx_word' id='word_1_385' title='bbox 1256 2288 1369 2321; x_wconf 87' lang='lat' dir='ltr'>secuti</span> <span class='ocrx_word' id='word_1_386' title='bbox 1399 2292 1641 2332; x_wconf 35' lang='lat' dir='ltr'>suntkarmo-</span> 
     </span>
     <span class='ocr_line' id='line_1_68' title="bbox 925 2334 1677 2380; baseline 0.003 -13"><span class='ocrx_word' id='word_1_387' title='bbox 925 2345 999 2368; x_wconf 89' lang='lat' dir='ltr'>rum</span> <span class='ocrx_word' id='word_1_388' title='bbox 1027 2336 1204 2380; x_wconf 83' lang='lat' dir='ltr'>gravitate</span> <span class='ocrx_word' id='word_1_389' title='bbox 1239 2345 1310 2368; x_wconf 86' lang='lat' dir='ltr'>non</span> <span class='ocrx_word' id='word_1_390' title='bbox 1346 2336 1499 2376; x_wconf 82' lang='lat' dir='ltr'>retenti,</span> <span class='ocrx_word' id='word_1_391' title='bbox 1535 2334 1641 2371; x_wconf 85' lang='lat' dir='ltr'>immo</span> <span class='ocrx_word' id='word_1_392' title='bbox 1672 2336 1677 2339; x_wconf 68' lang='grc'><strong>’</strong></span> 
     </span>
     <span class='ocr_line' id='line_1_69' title="bbox 925 2383 1642 2428; baseline 0.004 -12"><span class='ocrx_word' id='word_1_393' title='bbox 925 2383 967 2416; x_wconf 87' lang='lat' dir='ltr'>ad</span> <span class='ocrx_word' id='word_1_394' title='bbox 1016 2383 1175 2427; x_wconf 85' lang='lat' dir='ltr'>rapidum</span> <span class='ocrx_word' id='word_1_395' title='bbox 1234 2385 1402 2428; x_wconf 87' lang='lat' dir='ltr'>impetum</span> <span class='ocrx_word' id='word_1_396' title='bbox 1465 2385 1642 2419; x_wconf 74' lang='lat' dir='ltr'>victoriae</span> 
     </span>
     <span class='ocr_line' id='line_1_70' title="bbox 925 2431 1641 2476; baseline 0.003 -11"><span class='ocrx_word' id='word_1_397' title='bbox 925 2431 1063 2465; x_wconf 84' lang='lat' dir='ltr'>laetitia</span> <span class='ocrx_word' id='word_1_398' title='bbox 1090 2438 1373 2476; x_wconf 83' lang='lat' dir='ltr'>prorumpentes.</span> <span class='ocrx_word' id='word_1_399' title='bbox 1400 2432 1532 2467; x_wconf 73' lang='lat' dir='ltr'>Militia</span> <span class='ocrx_word' id='word_1_400' title='bbox 1547 2433 1641 2467; x_wconf 84' lang='lat' dir='ltr'>idem</span> 
     </span>
     <span class='ocr_line' id='line_1_71' title="bbox 925 2480 1641 2525; baseline 0.004 -13"><span class='ocrx_word' id='word_1_401' title='bbox 925 2480 1018 2525; x_wconf 85' lang='lat' dir='ltr'>quod</span> <span class='ocrx_word' id='word_1_402' title='bbox 1047 2481 1196 2523; x_wconf 78' lang='lat' dir='ltr'>milites,</span> <span class='ocrx_word' id='word_1_403' title='bbox 1221 2481 1259 2514; x_wconf 85' lang='lat' dir='ltr'>ut</span> <span class='ocrx_word' id='word_1_404' title='bbox 1285 2480 1455 2515; x_wconf 82' lang='lat' dir='ltr'>nobilitas</span> <span class='ocrx_word' id='word_1_405' title='bbox 1482 2490 1546 2525; x_wconf 87' lang='lat' dir='ltr'>pro</span> <span class='ocrx_word' id='word_1_406' title='bbox 1572 2491 1641 2515; x_wconf 91' lang='lat' dir='ltr'>no-</span> 
     </span>
     <span class='ocr_line' id='line_1_72' title="bbox 924 2527 1641 2574; baseline 0.003 -13"><span class='ocrx_word' id='word_1_407' title='bbox 924 2528 1082 2572; x_wconf 84' lang='lat' dir='ltr'>bilibus,</span> <span class='ocrx_word' id='word_1_408' title='bbox 1127 2530 1295 2563; x_wconf 85' lang='lat' dir='ltr'>iuventus</span> <span class='ocrx_word' id='word_1_409' title='bbox 1331 2538 1394 2574; x_wconf 87' lang='lat' dir='ltr'>pro</span> <span class='ocrx_word' id='word_1_410' title='bbox 1429 2527 1641 2572; x_wconf 74' lang='lat' dir='ltr'>iuvenibus,</span> 
     </span>
     <span class='ocr_line' id='line_1_73' title="bbox 924 2578 1641 2624; baseline 0.003 -15"><span class='ocrx_word' id='word_1_411' title='bbox 924 2578 1111 2623; x_wconf 86' lang='lat' dir='ltr'>remigium</span> <span class='ocrx_word' id='word_1_412' title='bbox 1136 2588 1199 2622; x_wconf 91' lang='lat' dir='ltr'>pro</span> <span class='ocrx_word' id='word_1_413' title='bbox 1219 2578 1428 2624; x_wconf 88' lang='lat' dir='ltr'>remigibus,</span> <span class='ocrx_word' id='word_1_414' title='bbox 1456 2578 1641 2612; x_wconf 85' lang='lat' dir='ltr'>servitium</span> 
     </span>
     <span class='ocr_line' id='line_1_74' title="bbox 925 2625 1642 2669; baseline 0.004 -12"><span class='ocrx_word' id='word_1_415' title='bbox 925 2635 988 2669; x_wconf 84' lang='lat' dir='ltr'>pro</span> <span class='ocrx_word' id='word_1_416' title='bbox 1016 2627 1141 2660; x_wconf 88' lang='lat' dir='ltr'>servis.</span> <span class='ocrx_word' id='word_1_417' title='bbox 1191 2625 1294 2660; x_wconf 80' lang='lat' dir='ltr'>Conf.</span> <span class='ocrx_word' id='word_1_418' title='bbox 1326 2625 1642 2666; x_wconf 82' lang='lat' dir='ltr'>Drakenborchius</span> 
     </span>
     <span class='ocr_line' id='line_1_75' title="bbox 926 2673 1642 2720; baseline 0.003 -14"><span class='ocrx_word' id='word_1_419' title='bbox 926 2674 968 2706; x_wconf 85' lang='lat' dir='ltr'>ad</span> <span class='ocrx_word' id='word_1_420' title='bbox 995 2674 1133 2708; x_wconf 83' lang='lat' dir='ltr'>Livium</span> <span class='ocrx_word' id='word_1_421' title='bbox 1163 2675 1207 2709; x_wconf 83' lang='lat' dir='ltr'>lv</span> <span class='ocrx_word' id='word_1_422' title='bbox 1234 2674 1280 2710; x_wconf 82' lang='lat'>26</span> <span class='ocrx_word' id='word_1_423' title='bbox 1306 2676 1341 2710; x_wconf 88' lang='grc'>3.</span> <span class='ocrx_word' id='word_1_424' title='bbox 1397 2673 1540 2709; x_wconf 72' lang='lat' dir='ltr'>&#39;lacinus</span> <span class='ocrx_word' id='word_1_425' title='bbox 1564 2676 1642 2720; x_wconf 87' lang='lat' dir='ltr'>ipse</span> 
     </span>
     <span class='ocr_line' id='line_1_76' title="bbox 927 2721 1643 2766; baseline 0.003 -12"><span class='ocrx_word' id='word_1_426' title='bbox 927 2721 969 2754; x_wconf 89' lang='lat' dir='ltr'>H.</span> <span class='ocrx_word' id='word_1_427' title='bbox 998 2721 1027 2755; x_wconf 93' lang='lat'>11</span> <span class='ocrx_word' id='word_1_428' title='bbox 1054 2723 1118 2758; x_wconf 78' lang='lat'>94:</span> <span class='ocrx_word' id='word_1_429' title='bbox 1147 2724 1179 2757; x_wconf 85' lang='lat' dir='ltr'>si</span> <span class='ocrx_word' id='word_1_430' title='bbox 1202 2725 1254 2758; x_wconf 74' lang='lat' dir='ltr'>iia</span> <span class='ocrx_word' id='word_1_431' title='bbox 1268 2722 1455 2766; x_wconf 76' lang='lat' dir='ltr'>maluerat,</span> <span class='ocrx_word' id='word_1_432' title='bbox 1482 2723 1643 2758; x_wconf 82' lang='lat' dir='ltr'>urbanae</span> 
     </span>
     <span class='ocr_line' id='line_1_77' title="bbox 927 2770 1642 2814; baseline 0.001 -11"><span class='ocrx_word' id='word_1_433' title='bbox 927 2770 1073 2804; x_wconf 71' lang='lat' dir='ltr'>militiae</span> <span class='ocrx_word' id='word_1_434' title='bbox 1099 2772 1389 2814; x_wconf 79' lang='lat' dir='ltr'>adscribebatur3</span> <span class='ocrx_word' id='word_1_435' title='bbox 1431 2783 1554 2807; x_wconf 67' lang='lat' dir='ltr'>rursus</span> <span class='ocrx_word' id='word_1_436' title='bbox 1574 2771 1642 2805; x_wconf 76' lang='lat' dir='ltr'>lm-</span> 
     </span>
     <span class='ocr_line' id='line_1_78' title="bbox 926 2819 1639 2865; baseline 0.003 -13"><span class='ocrx_word' id='word_1_437' title='bbox 926 2820 981 2852; x_wconf 83' lang='lat' dir='ltr'>m&#39;s</span> <span class='ocrx_word' id='word_1_438' title='bbox 1008 2830 1191 2854; x_wconf 83' lang='lat' dir='ltr'>remanere</span> <span class='ocrx_word' id='word_1_439' title='bbox 1225 2821 1319 2854; x_wconf 78' lang='lat' dir='ltr'>inter</span> <span class='ocrx_word' id='word_1_440' title='bbox 1355 2819 1570 2865; x_wconf 72' lang='lat' dir='ltr'>leyionarios</span> <span class='ocrx_word' id='word_1_441' title='bbox 1598 2842 1639 2848; x_wconf 94' lang='lat'><em>-</em></span> 
     </span>
     <span class='ocr_line' id='line_1_79' title="bbox 923 2869 1675 2912; baseline 0.003 -12"><span class='ocrx_word' id='word_1_442' title='bbox 923 2869 1141 2912; x_wconf 80' lang='lat' dir='ltr'>permissum.</span> <span class='ocrx_word' id='word_1_443' title='bbox 1168 2869 1207 2903; x_wconf 88' lang='lat' dir='ltr'>ld</span> <span class='ocrx_word' id='word_1_444' title='bbox 1227 2878 1358 2902; x_wconf 89' lang='lat' dir='ltr'>nomen</span> <span class='ocrx_word' id='word_1_445' title='bbox 1386 2878 1464 2902; x_wconf 89' lang='lat' dir='ltr'>cum</span> <span class='ocrx_word' id='word_1_446' title='bbox 1493 2878 1641 2902; x_wconf 86' lang='lat' dir='ltr'>numero</span> <span class='ocrx_word' id='word_1_447' title='bbox 1670 2892 1675 2897; x_wconf 79' lang='lat'><em>-</em></span> 
     </span>
     <span class='ocr_line' id='line_1_80' title="bbox 926 2916 1642 2965; baseline 0.003 -16"><span class='ocrx_word' id='word_1_448' title='bbox 926 2916 1162 2951; x_wconf 86' lang='lat' dir='ltr'>multitudinis</span> <span class='ocrx_word' id='word_1_449' title='bbox 1176 2917 1407 2965; x_wconf 77' lang='lat' dir='ltr'>(aequabant)</span> <span class='ocrx_word' id='word_1_450' title='bbox 1420 2927 1483 2961; x_wconf 87' lang='lat' dir='ltr'>per</span> <span class='ocrx_word' id='word_1_451' title='bbox 1507 2928 1547 2951; x_wconf 80' lang='lat' dir='ltr'>se</span> <span class='ocrx_word' id='word_1_452' title='bbox 1573 2927 1642 2962; x_wconf 60' lang='lat' dir='ltr'>poa-</span> 
     </span>
     <span class='ocr_line' id='line_1_81' title="bbox 928 2964 1638 3012; baseline 0.003 -14"><span class='ocrx_word' id='word_1_453' title='bbox 928 2969 1020 2999; x_wconf 86' lang='lat' dir='ltr'>terat</span> <span class='ocrx_word' id='word_1_454' title='bbox 1049 2966 1172 3012; x_wconf 85' lang='lat' dir='ltr'>iungi,</span> <span class='ocrx_word' id='word_1_455' title='bbox 1211 2965 1275 3000; x_wconf 85' lang='lat' dir='ltr'>sed</span> <span class='ocrx_word' id='word_1_456' title='bbox 1312 2964 1424 2999; x_wconf 83' lang='lat' dir='ltr'>multo</span> <span class='ocrx_word' id='word_1_457' title='bbox 1451 2965 1568 3000; x_wconf 70' lang='lat' dir='ltr'>minus</span> <span class='ocrx_word' id='word_1_458' title='bbox 1602 2966 1638 3000; x_wconf 91' lang='lat' dir='ltr'>in</span> 
     </span>
    </p>
   </div>
  </div>
 </body>
</html>
