1768 3216
169 217 219 250 80

169 336 295 384 sunt,
339 309 458 385 grato
500 328 637 370 animo
680 327 808 370 fuisse
849 331 1057 381 suscepta.
1129 328 1245 377 Quae
1287 327 1337 368 ad
1387 339 1464 370 vos
1505 328 1663 371 Oceani

169 406 278 446 unda
329 402 617 454 descendens,
665 402 774 443 hane
819 401 1071 444 levissimam
1124 402 1423 455 substantiam,
1469 403 1665 452 si'eutfet

171 481 403 519 vestrorum
454 475 602 518 relatio
652 475 919 528 continebat,
975 480 1193 529 exportat:
1243 476 1316 518 sed
1366 460 1477 517 unde
1524 475 1665 517 veniat

170 551 427 606 incognitum
456 562 532 592 vos
565 550 721 591 habere
753 550 972 602 dixerunt,
1022 562 1140 603 quam
1174 554 1267 591 ante
1300 563 1444 591 omnes
1474 550 1664 592 homines

167 625 299 678 patria
344 628 483 666 vest-ra
532 623 734 665 offerente
785 624 1010 678 suscipitis.
1095 624 1185 666 Hoc
1241 624 1418 679 quodam
1467 624 1663 667 Cornelio

168 699 379 741 scribente
410 699 590 754 legitur,
634 699 675 740 in
707 699 977 740 interioribus
1018 699 1164 740 insulis
1205 699 1365 741 Oceani
1405 713 1459 741 ex
1503 699 1664 742 arboris

172 785 301 816 succo
351 773 568 826 defluens,
615 773 728 815 unde
765 777 805 815 et
847 774 1062 815 succinum
1104 774 1283 827 dicitur,
1331 774 1525 828 paulatim
1564 774 1664 817 solis

171 847 323 890 ardore
353 847 580 890 calescere.
613 847 674 889 Fit
697 847 804 888 enim
837 847 1015 890 sudatile
1043 847 1250 890 metallum
1280 847 1517 897 teneritudo
1549 847 1666 903 (lege

171 922 462 974 teneritudine)
495 922 742 976 perspicua,
785 922 910 964 modo
943 935 1097 964 croceo
1131 922 1275 965 colore
1314 923 1494 976 rubeus,
1540 922 1665 965 modo

173 996 362 1039 flammea
394 997 581 1039 claritate
610 997 909 1051 pinguescens,
940 1001 984 1038 ut
1013 1009 1102 1038 cum
1136 997 1178 1038 in
1209 997 1336 1039 maris
1355 997 1481 1039 suerit
1499 996 1669 1051 delapsa

171 1070 378 1124 confinio,
424 1074 541 1112 aestu
572 1070 802 1113 alternante
830 1074 1031 1125 purgata,
1069 1071 1221 1114 vestris
1263 1071 1452 1113 litoribus
1484 1071 1670 1113 tradatur

171 1145 374 1199 exposita.
437 1145 555 1194 Quod
597 1144 694 1186 ideo
740 1144 1015 1206 iudicavimus
1058 1145 1358 1198 indicandum,
1399 1157 1453 1186 ne
1498 1146 1667 1188 omnino

168 1219 321 1272 putetis
352 1219 540 1260 notitiam
571 1223 758 1260 nostram
791 1219 965 1273 sugere,
999 1219 1109 1272 quod
1142 1219 1349 1262 occultum
1385 1220 1556 1262 creditis
1592 1232 1668 1262 vos

169 1293 336 1335 habere.
396 1292 576 1334 Proinde
605 1293 804 1346 requirite
835 1305 912 1335 nos
956 1293 1123 1347 saepius
1162 1306 1236 1348 per
1274 1294 1364 1336 vias
1404 1306 1505 1349 quas
1546 1307 1662 1338 amor

168 1370 309 1408 vester
339 1368 522 1421 aperuit,
557 1367 650 1421 quia
682 1379 847 1421 semper
878 1367 1051 1421 prodest
1082 1367 1254 1410 divitum
1283 1381 1429 1425 regum
1460 1370 1662 1424 acquisita

171 1441 417 1495 concordia,
452 1442 520 1496 qui
554 1441 649 1483 dum
680 1454 810 1496 parvo
843 1454 1015 1484 munere
1044 1442 1278 1496 leniuntur,
1310 1444 1469 1486 maiore
1498 1432 1665 1499 semper

171 1516 513 1569 compensatione
544 1515 816 1570 prospiciunt.
878 1516 1027 1570 Aliqua
1057 1516 1178 1559 vobis
1220 1517 1342 1558 etiam
1382 1530 1458 1572 per
1497 1518 1662 1573 legatos

167 1593 330 1631 vestros
361 1589 491 1631 verbo
523 1590 832 1643 mandavimus3
861 1603 937 1645 per
966 1603 1070 1645 quos
1090 1602 1196 1645 quae
1214 1595 1333 1646 grata
1354 1603 1448 1634 esse
1468 1592 1660 1646 debeant,

167 1676 245 1706 nos
278 1664 512 1707 destinasse
543 1665 817 1707 declaramus.
