1768 3216
185 241 234 276 14
792 233 1058 279 GERMANJAE

177 368 326 399 venam
358 355 574 409 argentum
605 363 803 404 aurumve
833 351 1033 407 gignere:
1074 351 1164 405 quis
1192 350 1306 397 enim
1335 355 1544 398 scrutatus
1567 349 1669 395 est?

176 429 448 472 Possessione
466 431 506 470 et
525 439 603 470 usu
633 426 742 469 haud
771 426 948 480 perinde
979 426 1238 468 adficiuntur.
1284 425 1357 470 Est
1385 426 1532 471 videro
1559 426 1668 480 apud

177 503 270 545 illos
301 506 502 557 argentea
532 514 648 554 vasa,
681 501 830 556 legatis
864 505 904 542 et
933 500 1189 555 principibus
1212 511 1356 545 eorum
1375 499 1538 548 muneri
1559 500 1668 553 tima,

175 587 260 617 non
291 576 334 616 in
364 575 444 618 alia
475 575 635 617 vilitate
675 587 794 629 quam
839 587 944 628 quae
980 574 1104 616 humo
1149 574 1380 630 finguntur,
1424 585 1671 628 *quamquam

144 650 353 704 sproximi
384 650 437 692 ob
467 662 587 693 usum
618 650 963 699 commerciorum
995 661 1139 692 aurum
1168 653 1208 691 et
1226 653 1443 712 argentum
1478 649 1520 691 in
1538 648 1671 702 pretio

175 724 340 776 habent,
374 724 613 780 formasque
645 723 843 778 quasdam
874 727 1045 766 nostrae
1077 723 1282 777 pecuniae
1299 726 1534 778 agnoscunt
1552 726 1675 777 atque

177 798 363 853 eligunt:
405 799 628 841 interiores
660 798 886 852 simplicius
915 802 956 840 et
987 798 1192 851 antiquius
1224 798 1528 851 permutatione
1556 810 1674 843 mer-

177 873 284 914 cium
314 876 495 914 utuntur.
545 873 764 915 Pecuniam
793 872 972 925 probant
1000 876 1187 913 veterem
1220 876 1260 912 et
1290 871 1362 912 diu
1391 876 1545 925 notam,
1577 883 1674 913 ser-

174 951 289 990 ratos
319 947 581 1003 bigatosque.

641 946 874 1002 Argentum
906 958 1069 1000 quoque
1101 946 1234 1001 magis
1268 958 1390 1001 quam
1420 958 1563 997 aurum
1601 957 1674 988 se-

126 1031 165 1061 10
177 1026 367 1077 quuntur,
399 1022 510 1064 nulla
527 1021 764 1064 adfectione
784 1021 924 1074 animi,
956 1021 1032 1063 sed
1053 1021 1148 1076 quia
1166 1033 1360 1064 numerus
1379 1025 1673 1076 argenteorum

302 1160 335 1195 2.
363 1160 457 1205 affic-
484 1159 521 1194 Ρ.
597 1161 632 1194 4.
657 1160 812 1205 finyutur
838 1159 874 1193 P.

177 1303 258 1337 dent
280 1303 473 1350 praecipue
489 1304 721 1347 finitimarum
737 1303 892 1348 gentium

177 1352 289 1395 donis,
317 1351 352 1386 h.
369 1363 400 1386 e.
430 1351 523 1385 dona
548 1352 775 1386 finitimarum
798 1362 892 1398 gen-

176 1401 265 1433 tium
293 1401 476 1444 accipiunt
503 1405 538 1434 et
565 1400 634 1435 hoc
661 1401 817 1434 nominis
837 1400 890 1433 sui

177 1447 309 1494 gaudio
337 1448 526 1490 fruuntur3
565 1449 633 1484 46:
668 1455 699 1482 et
739 1449 894 1494 peditum

177 1508 241 1531 usu
268 1502 300 1531 et
322 1498 536 1543 pernicitate
562 1498 736 1543 quodem,
770 1497 829 1530 ubi
858 1507 892 1530 v.

181 1550 304 1580 annot.

252 1618 326 1661 quis
353 1617 444 1650 enim
472 1623 647 1651 scrutalus
674 1615 755 1650 est?
800 1626 895 1649 non-

181 1665 262 1698 dum
290 1670 510 1709 compertum
537 1665 679 1700 videtur
706 1675 800 1698 nunc
827 1664 895 1697 ha-

178 1713 301 1747 huisse
341 1714 402 1757 id,
437 1714 530 1759 quod
566 1714 718 1758 posthac
752 1712 896 1746 tradidit

179 1761 226 1795 XI
252 1763 319 1797 20:
358 1762 498 1797 Curtius
527 1763 639 1808 Rufus
667 1783 712 1788 —
743 1762 782 1795 in
807 1772 895 1807 «ιφ-ο

182 1810 354 1844 Mattiaco
390 1810 585 1845 recluserat
625 1822 747 1858 specus
785 1821 895 1854 quae-

181 1859 302 1893 rendis
335 1860 433 1893 venis
468 1861 632 1904 ameum,-
664 1860 756 1893 unde
784 1859 895 1893 tenuis

184 1908 321 1951 fmctus
346 1919 413 1941 nec
438 1909 476 1941 in
505 1908 645 1954 longam
670 1908 747 1953 fuit.

254 1983 303 2012 est
328 1978 472 2014 videre.-
499 1980 628 2012 vitavit
643 1978 787 2012 solitum
816 1975 896 2010 licet

181 2025 311 2059 videre.
334 2026 415 2060 XVI
435 2026 505 2060 34:
534 2033 569 2063 ut
589 2028 789 2061 coniectare
805 2031 894 2058 erat.

183 2072 318 2108 Graece
349 2077 452 2111 ἔστιν
478 2074 585 2121 ὁρᾶν.
669 2086 740 2108 nort
766 2074 804 2106 in
822 2072 896 2106 alia

180 2121 315 2156 vilitate
329 2134 340 2156 .-
369 2123 615 2166 expectaverit
631 2122 760 2168 aliquis
777 2123 896 2165 potius

183 2171 333 2205 caritate
373 2170 434 2205 vel
468 2172 608 2216 pretio,
647 2171 709 2205 sed
745 2172 897 2214 scriptor

181 2230 253 2252 non
294 2220 333 2252 in
373 2219 449 2252 alia
481 2224 659 2265 tamquam
698 2230 766 2253 una
806 2229 896 2253 voce

182 2277 266 2300 usus
293 2277 356 2312 pro
379 2267 464 2313 pari
491 2269 621 2312 posuit.
717 2268 894 2313 proximi:

182 2315 220 2349 h.
265 2326 298 2349 e.
336 2317 489 2360 proximi
528 2317 696 2350 Romanis
735 2317 771 2349 in
820 2315 896 2360 ripa

182 2363 298 2397 Rheni
327 2369 363 2398 et
391 2364 558 2398 Danubii.
589 2364 691 2398 Nunc
713 2365 894 2410 prom-imos

183 2412 277 2446 nude
304 2412 425 2447 dicere
451 2418 604 2457 poterat,
632 2414 715 2458 quia
743 2418 826 2447 ante
849 2412 893 2446 de

184 2460 352 2494 Romanis
383 2462 420 2494 in
448 2461 787 2497 commemoratione
812 2472 893 2494 mu-

184 2518 309 2542 nerum
336 2508 478 2543 locutus
506 2514 592 2543 erat.

255 2585 412 2613 serratos
428 2579 648 2624 biyatosque:
674 2581 798 2614 serrati
814 2583 895 2614 sunt

184 2629 317 2661 nummi
345 2627 482 2662 denarii
510 2638 657 2673 quorum
689 2639 750 2661 ora
775 2638 894 2661 serrae

185 2676 296 2709 instar
309 2677 422 2711 incisa
438 2678 512 2723 (mit
525 2677 722 2723 yezacktem
733 2677 896 2723 Ranae),-

186 2723 221 2757 hi
260 2724 467 2770 frequentes
500 2725 720 2770 temporibus
760 2724 896 2758 liberae

187 2773 342 2807 civitatis
381 2773 537 2819 ideoque
579 2779 722 2808 veteres
758 2778 793 2806 et
837 2773 896 2806 diu

185 2823 283 2864 noti3
322 2822 417 2856 conf.
458 2822 597 2856 Eckhel
634 2822 754 2856 Doctr.
792 2821 894 2855 Num.

186 2868 328 2915 Proleg.
357 2870 400 2903 ad
427 2881 522 2905 num.
548 2871 631 2905 fam.
668 2873 702 2913 ᾗ.
748 2870 802 2904 16.
842 2869 896 2903 De

186 2915 317 2962 bigatis
345 2918 481 2954 Plinius
518 2919 660 2954 xxxul
701 2919 769 2953 13:
811 2924 896 2952 nota

188 2967 328 3012 arqenti
352 2968 452 3013 fuere
482 2968 582 3014 bique
608 2973 711 3013 atque
749 2967 896 3011 quadri-

951 1160 1007 1194 10.
1035 1159 1210 1205 αΙῙεοιαόε
1236 1159 1276 1206 (i.
1306 1169 1337 1192 e.
1365 1159 1606 1206 affectatione)
1635 1157 1672 1193 P.

959 1313 1048 1348 yae,
1077 1308 1108 1336 et
1140 1302 1223 1337 inde
1259 1302 1369 1348 biyaci
1406 1302 1672 1349 quadrigatique

962 1351 1056 1387 dicti.

1034 1420 1135 1455 nulla
1160 1421 1360 1467 adfectione
1388 1421 1520 1458 animis
1546 1422 1673 1458 vitium

964 1469 1099 1504 codicis
1127 1469 1151 1503 P
1178 1471 1351 1516 affecta6e
1390 1481 1434 1504 ex
1460 1474 1544 1504 nota
1581 1471 1674 1516 affe-

963 1518 1041 1553 ctoe
1093 1518 1174 1552 libri
1226 1519 1436 1565 antiquioris
1485 1528 1673 1564 perperam

962 1566 1122 1600 resoluta
1163 1572 1244 1600 nata
1285 1571 1349 1602 est.
1392 1566 1583 1601 Affectatio
1621 1571 1675 1601 est

963 1614 1159 1658 simulatio,
1189 1617 1289 1649 cuius
1317 1616 1556 1661 contrarium,
1582 1615 1674 1650 affe-

964 1664 1119 1697 ctionem
1148 1665 1269 1706 animi‚
1297 1664 1477 1698 sententia
1498 1673 1592 1698 nnnc
1605 1672 1674 1709 po..

963 1711 1083 1746 stulat.
1113 1712 1172 1758 Sic
1197 1712 1301 1746 modo
1329 1712 1426 1746 haud
1438 1711 1585 1760 perinde
1602 1711 1669 1745 ad-

960 1761 1138 1803 ficiuntur.
1262 1762 1463 1806 promiscua
1503 1765 1536 1794 et
1559 1760 1647 1794 vilia
1663 1771 1674 1793 .-

965 1810 1168 1852 promiscua
1193 1809 1364 1855 (auertet)
1396 1820 1415 1843 a
1442 1808 1551 1845 variis
1578 1818 1675 1843 mer-

966 1857 1147 1891 catoribus
1179 1863 1312 1901 emunt,
1337 1858 1424 1893 vitia
1450 1866 1560 1903 parvo
1588 1867 1673 1902 pre-

964 1906 1015 1939 tio
1042 1910 1191 1950 parant:
1219 1907 1262 1940 ad
1291 1911 1481 1953 utrumque
1508 1915 1676 1940 numerus

964 1960 1216 2000 argenteorum
1243 1956 1360 2000 aptior
1391 1959 1477 1991 erat.

1040 2049 1125 2094 Cap.
1154 2051 1187 2085 6.
1214 2052 1294 2084 rari
1317 2051 1449 2097 gladiis
1478 2057 1539 2085 aut
1561 2050 1677 2085 maio-

965 2098 1061 2131 ribus
1088 2099 1223 2132 lanceis
1247 2104 1413 2136 utuntur.-
1446 2104 1583 2133 constat
1607 2098 1676 2132 sibi

965 2145 1119 2190 Tacitus,
1146 2147 1225 2180 dum
1252 2147 1376 2181 scribit
1402 2147 1434 2180 Π
1465 2147 1509 2182 14
1523 2147 1568 2181 de
1584 2146 1676 2181 Ger-

965 2196 1103 2228 manis:
1150 2195 1302 2240 primam
1338 2202 1520 2240 utcumque
1563 2195 1676 2229 aciem

966 2243 1156 2286 limatam,
1185 2244 1309 2277 celeris
1331 2250 1500 2289 praeusta
1516 2249 1576 2278 aut
1594 2243 1677 2277 bre-

965 2291 1024 2324 via
1068 2292 1149 2325 tela.
1210 2292 1338 2326 Brevia
1379 2292 1449 2326 tela
1486 2291 1556 2326 hoc
1592 2290 1676 2326 loco

964 2340 1125 2384 frameae
1140 2344 1234 2382 suut,
1265 2351 1410 2386 quarum
1428 2340 1560 2379 ferrum
1574 2339 1676 2374 brevi

967 2387 1090 2422 hastae
1115 2389 1259 2434 ligneae
1279 2390 1447 2423 innexum
1471 2393 1537 2431 est,
1558 2389 1680 2434 prima

963 2437 1058 2469 acies
1085 2436 1120 2471 h.
1155 2448 1186 2470 e.
1231 2438 1335 2480 pauci
1374 2447 1418 2470 ex
1449 2441 1523 2471 tota
1562 2435 1678 2478 turba,

963 2485 1116 2518 maiores
1144 2485 1288 2518 lanceas
1316 2489 1471 2530 gestant,
1499 2485 1524 2519 i.
1542 2495 1574 2518 e.
1602 2484 1678 2518 fra-

963 2542 1060 2565 meas
1103 2532 1235 2577 longae
1274 2532 1399 2566 hastae
1427 2532 1572 2578 ligneae
1613 2531 1679 2566 ad-

963 2581 1120 2622 iunctas,
1164 2591 1184 2613 a
1225 2579 1347 2613 Tacito
1397 2579 1528 2613 ibidem
1570 2590 1678 2613 enor-

963 2628 1027 2661 mis
1054 2628 1175 2662 hastas
1213 2633 1249 2661 et
1276 2638 1358 2662 mox
1387 2628 1438 2673 (ΙΙ
1465 2629 1529 2672 21)
1567 2639 1679 2673 prae—

970 2676 1093 2721 longas
1118 2677 1239 2710 hastas
1265 2682 1424 2710 vocatas.
1455 2676 1541 2710 Item
1565 2687 1678 2722 prae·-

966 2725 1090 2770 lonyas
1116 2725 1236 2758 hastas
1263 2725 1427 2759 Germani
1455 2726 1492 2761 in
1514 2725 1678 2760 exercitu

968 2773 1094 2806 Civilis
1122 2774 1241 2808 ferunt.
1276 2773 1317 2808 H.
1361 2774 1390 2806 V
1432 2773 1498 2815 18,
1531 2773 1594 2806 sed
1628 2771 1678 2807 ibi

966 2828 1207 2855 memorantur
1232 2822 1292 2866 qui
1317 2821 1570 2865 promptissimi
1587 2819 1678 2854 Ger-

967 2880 1148 2903 manorum
1175 2871 1211 2903 in
1237 2871 1350 2913 prima
1364 2871 1443 2903 acie
1458 2868 1676 2913 pugnabant.

966 2917 1070 2952 Falso
1099 2918 1143 2952 ad
1169 2918 1264 2952 hunc
1287 2918 1405 2951 locum
1431 2915 1581 2951 offendit
1614 2916 1678 2950 Li-

967 2968 1086 3011 psius,
1116 2966 1274 3001 Tacitum
1298 2966 1368 3001 sibi
1396 2975 1469 3003 non
1507 2968 1674 3002 constare
