1768 3216
458 755 947 813 CORNELII
1004 756 1351 814 TACITI

154 879 294 935 ΒΕ
320 883 750 939 ORIGINE
785 885 1016 941 slTv
1044 885 1498 943 MORIBVS
1523 888 1650 943 Ac

306 983 738 1044 Pol‘vle
780 986 1495 1044 GERMANORVM

731 1124 1060 1174 LIBER.

584 1348 988 1391 BREVIARIVM
1037 1349 1222 1391 LIBRI.

286 1472 372 1517 Cap.
403 1472 561 1507 1—27:
590 1472 630 1506 de
659 1473 871 1507 Germaniae
898 1475 966 1507 situ
996 1479 1028 1507 et
1054 1474 1205 1507 omnium
1233 1474 1488 1508 Germanorum
1516 1475 1652 1520 origine

150 1537 183 1565 et
205 1532 369 1566 moribus.
424 1532 636 1566 Germaniae
660 1534 772 1577 fines3
810 1533 930 1579 populi
964 1535 1180 1568 circumiecti
1214 1540 1246 1568 et
1274 1534 1435 1568 Oceanus
1461 1535 1526 1582 (1).
1581 1535 1654 1581 Ipsi

151 1591 320 1626 Germani
353 1592 542 1637 indiqenae
572 1593 779 1637 minimeque
818 1593 971 1627 aliarum
1005 1594 1160 1639 gentium
1193 1594 1395 1628 adventibus
1429 1594 1652 1640 hospitiisque

149 1652 274 1694 mixti,·
302 1652 398 1686 cuius
424 1653 478 1686 rei
503 1659 712 1698 arqumenta
737 1653 820 1696 tria,
846 1654 996 1698 primum
1023 1654 1113 1698 quod
1137 1665 1208 1687 non
1235 1660 1333 1688 terra
1362 1653 1442 1688 olim
1471 1654 1532 1688 sect
1556 1654 1652 1688 clas-

150 1711 244 1745 sibus
269 1712 532 1746 advehebantur
559 1714 617 1757 qui
640 1724 749 1747 novas
775 1713 871 1747 sedes
898 1713 1132 1758 quaerebant,
1161 1714 1322 1748 Oceanus
1346 1720 1460 1748 autem
1485 1715 1582 1748 raris
1607 1714 1651 1747 ab

150 1770 232 1804 orbe
258 1777 376 1806 nostro
403 1772 549 1806 navibus
574 1772 712 1816 aditur,
756 1773 904 1807 alterum
938 1773 1028 1817 quod
1061 1774 1272 1807 Germaniae
1311 1773 1422 1807 solum
1449 1773 1648 1817 caelumque

152 1830 299 1865 allicere
326 1837 364 1865 et·
385 1838 502 1866 tenere
528 1844 600 1866 non
623 1839 735 1878 potest
763 1833 833 1867 nisi
861 1835 918 1877 qui
943 1834 991 1867 ibi
1016 1835 1093 1867 nati
1118 1839 1222 1876 sunt;
1260 1833 1351 1867 idem
1386 1834 1490 1867 etiam
1516 1834 1650 1866 carmi-

149 1890 250 1924 nibus
274 1892 428 1936 antiquis
469 1892 725 1927 Germanorum
758 1893 923 1927 traditur.
979 1894 1191 1928 Germaniae
1225 1892 1430 1927 vocabulum
1461 1904 1585 1926 recens
1620 1898 1652 1926 et

148 1961 262 1996 nuper
287 1951 442 1985 additum
469 1955 535 1998 (2).
589 1952 673 1987 Alia
700 1953 740 1986 de
772 1953 975 1999 primordiis
1004 1954 1260 1987 Germanorum
1289 1954 1354 1999 (3).
1407 1953 1541 1986 Auctor
1570 1952 1652 1986 libri

147 2021 266 2044 eorum
292 2011 511 2056 opinionibus
537 2012 692 2055 accedit,
724 2013 782 2056 qui
810 2012 1022 2046 Germaniae
1047 2012 1193 2058 populos
1217 2011 1324 2046 nullis
1351 2011 1505 2045 aliarum
1529 2012 1651 2045 natio-

145 2081 228 2104 num
254 2070 436 2105 connubiis
460 2072 609 2116 infectos
630 2073 813 2118 propriam
840 2078 871 2106 et
895 2073 1071 2106 sinceram
1099 2078 1130 2105 et
1157 2077 1290 2106 tantum
1312 2072 1367 2105 sui
1391 2071 1537 2105 similem
1560 2082 1650 2116 qen-

146 2135 212 2163 tem
237 2131 390 2165 eoetitisse
416 2131 652 2165 arbitrantur.
706 2132 852 2166 Habitus
885 2144 1071 2178 corporum
1104 2132 1194 2165 idem
1234 2131 1389 2165 omnibus
1417 2133 1484 2178 (4).
1542 2131 1651 2164 Terra

144 2190 183 2222 in
208 2192 408 2225 universum
434 2197 495 2226 aut
520 2191 616 2226 silvis
643 2191 794 2225 horrida
820 2198 881 2226 aut
904 2191 1088 2238 paludibus
1116 2192 1233 2236 foeda.
1287 2191 1401 2225 Multa
1426 2191 1475 2224 ibi
1499 2201 1645 2236 pecora,

146 2250 206 2283 sed
236 2250 457 2295 improcera‚·
500 2253 605 2285 etiam
633 2253 801 2286 armentis
832 2264 912 2286 suus
946 2252 1059 2285 honor
1094 2252 1196 2285 deest.
1249 2251 1442 2295 Arqentum
1469 2256 1499 2283 et
1525 2261 1651 2283 aurum

148 2308 182 2342 di
207 2315 443 2353 neqaverunt‚·
466 2311 621 2355 prom-imi
646 2316 761 2344 tamen
787 2312 887 2356 ripae
912 2313 1047 2355 formas
1071 2311 1238 2354 quasdam
1269 2310 1451 2343 Romanae
1474 2309 1648 2353 pecuniae

147 2373 343 2411 aynoscunt
371 2373 402 2401 et
427 2368 558 2413 eliqunt
586 2371 652 2414 (5).
706 2369 758 2403 Ne
791 2371 926 2414 ferrum
960 2369 1095 2413 quidem
1118 2373 1295 2414 superest,
1335 2369 1424 2401 sicut
1453 2379 1496 2400 ea:
1519 2378 1648 2412 qenere

148 2425 295 2459 telorum
320 2425 508 2472 colliqitur.
561 2428 691 2461 Hastas
713 2427 769 2461 vel
803 2429 958 2473 ipsorum
981 2427 1148 2461 vocabulo
1175 2429 1333 2472 frameas
1359 2432 1485 2471 gerunt
1512 2426 1648 2471 pedites

149 2486 364 2530 equitesque,
398 2486 531 2532 pedites
557 2493 590 2521 et
616 2487 764 2521 missilia
789 2494 970 2533 spargunt.
1024 2487 1068 2521 In
1090 2487 1205 2533 pedite
1240 2486 1358 2520 robur.
1413 2485 1561 2519 Centeni
1582 2497 1649 2531 pe-

149 2546 272 2581 destris
307 2547 454 2581 militiae
486 2559 595 2593 9enus
632 2559 708 2582 cum
742 2548 909 2592 equitibus
942 2547 1044 2582 simul
1069 2547 1320 2593 proeliantium
1347 2547 1414 2593 (6).
1468 2546 1581 2590 Reges
1607 2556 1651 2578 ecc

147 2606 343 2649 nobilitate,
372 2607 475 2641 duces
502 2619 545 2641 ea·
570 2608 696 2641 virtute
722 2613 869 2641 sumunt.
922 2607 1108 2653 Pugnandi
1132 2607 1355 2641 consuetudo.
1411 2605 1649 2650 Puqnantibus

111 2656 113 2659 V
147 2667 186 2700 in
210 2667 371 2712 proximo
399 2667 572 2712 pignora,
616 2678 744 2700 uxores
771 2673 802 2700 et
826 2667 929 2701 liberi
953 2668 1092 2715 (7-8).
1144 2667 1300 2701 Deorum
1326 2666 1476 2698 maa-ime
1504 2663 1649 2697 Mercu-

149 2727 242 2760 rium
269 2726 399 2768 colunt,
428 2727 484 2760 cui
513 2727 618 2760 certis
645 2727 762 2760 diebus
779 2727 951 2761 humanas
970 2727 1101 2761 hostias
1118 2728 1281 2772 offerunt,
1304 2726 1455 2759 Martem
1477 2722 1650 2756 concessis

150 2785 361 2820 animalibus
399 2785 566 2831 placant,
606 2797 692 2831 pars
731 2787 923 2821 Succorum.
971 2788 1075 2821 etiam
1124 2787 1210 2820 Isidi
1239 2784 1418 2830 (Erchae)
1459 2782 1648 2825 sacrificat.

152 2845 260 2879 Nulla
301 2846 442 2880 deorum
477 2846 670 2880 simulacra
702 2852 734 2879 et
769 2847 895 2892 templa
929 2847 997 2894 (9).
1050 2846 1219 2891 Auspicia
1259 2851 1291 2878 et
1321 2850 1431 2878 sortes
1466 2842 1652 2887 diligenter

151 2905 336 2940 observant
367 2907 457 2953 (10).
510 2906 563 2939 De
589 2906 780 2940 minoribus
806 2906 908 2940 rebus
929 2907 1110 2952 principes
1137 2905 1356 2947 consultant,
1394 2904 1434 2936 de
1459 2901 1651 2936 maioribus

151 2977 279 3001 omnes.
334 2966 492 3001 Coeundi
526 2972 558 3001 et
595 2966 817 3001 consultandi
842 2966 960 3000 modus
989 2965 1078 3013 (11).
1132 2965 1230 3000 Licet
1256 2964 1349 3011 apud
1373 2963 1560 2998 concilium
1585 2973 1652 2997 ac-

189 3050 315 3081 Tacitus
337 3050 390 3079 1v.
1359 3035 1380 3075 1
