1768 3216
59 1014 117 1057 38

722 225 808 261 Car.
837 224 992 262 37-38.

1563 218 1611 256 59

119 345 277 402 ceptis,
319 344 499 399 quinque
528 342 646 385 simul
680 340 914 384 consularis
958 338 1167 381 exercitus
1213 336 1367 391 populo
1407 336 1613 386 Romano,
1666 360 1669 363 Δ

119 422 274 465 Varum
305 420 462 474 trisque
500 431 593 460 cum
633 429 684 458 eo
725 415 916 471 legiones
963 414 1086 456 etiam
1131 411 1301 455 Caesari
1342 408 1614 452 abstulerunt.

122 495 211 540 Nec
241 495 408 549 impune
438 493 564 534 Gaius
593 491 748 533 Marius
778 490 820 531 in
859 489 998 540 ltalia,
1042 488 1161 529 divus
1211 486 1336 528 Iulius
1382 485 1424 526 in
1468 483 1615 536 Gallia,

123 571 283 613 Drusus
312 581 363 611 ac
394 568 506 609 Nero
539 569 580 608 ct
611 565 882 608 Germanicus
914 565 956 605 in
988 563 1074 605 suis
1107 574 1180 604 eos
1213 558 1382 604 sedibus
1422 558 1631 614 percule-·

123 648 232 688 runt.
292 644 390 685 Mox
420 643 613 697 ingentes
646 640 721 682 Gai
749 639 943 681 Caesaris
978 638 1115 679 minae
1148 637 1190 678 in
1213 636 1434 677 ludibrium
1452 644 1651 678 versae.s

126 718 228 761 lude
258 718 384 759 otium
403 749 414 770 ,
457 717 594 758 donec
633 715 861 757 occasione
893 712 1132 755 discordiae
1164 715 1334 753 nostrae
1365 714 1407 751 et
1437 707 1620 750 civilium

129 805 365 845 armorum,
397 791 644 846 expugnatis
675 790 887 844 legionum
916 787 1127 839 hibernis,
1159 787 1282 827 etiam
1314 784 1468 826 Gallias
1499 781 1623 825 adse-

129 873 326 919 ctavere;
357 879 406 909 ac
436 877 580 908 rursus
611 865 709 906 inde
739 863 845 917 pulsi
875 862 1074 917 proximis
1107 860 1363 915 temporibus
1389 857 1625 913 triumphati

129 943 263 998 magis
294 953 415 996 quam
447 940 548 982 victi
581 943 688 981 sunt.

261 1015 382 1061 Nunc
414 1015 466 1057 de
497 1013 644 1058 Suevis
690 1011 913 1056 dicendum
952 1014 1038 1063 est,
1088 1020 1262 1066 quorum
1298 1019 1384 1049 non
1429 1018 1536 1059 una,
1583 1009 1679 1048 utro

227 1193 256 1227 1.
288 1190 485 1226 consularis
508 1188 533 1223 P
561 1199 639 1222 cum
668 1187 862 1234 plerisque.

725 1239 761 1273 3.
789 1237 842 1272 .C.
870 1240 928 1273 hic
957 1239 992 1269 et
1016 1235 1049 1269 5.
1077 1233 1113 1267 Ρ.

131 1243 166 1278 2.
198 1240 327 1285 trisque
350 1237 394 1273 P:
420 1236 482 1273 alii
508 1244 655 1281 tresque.

922 1184 987 1234 ppl
1023 1196 1086 1219 .ro.
1117 1185 1141 1230 (ι
1171 1188 1251 1229 post
1276 1183 1311 1217 in
1339 1193 1358 1215 o
1388 1183 1576 1227 mutatum)
1590 1179 1626 1214 P.

1189 1235 1223 1267 4.
1250 1230 1537 1277 absperculerunt
1564 1231 1630 1274 (ex

132 1287 297 1335 praeced.
330 1285 557 1329 abstulerunt,
583 1285 690 1331 idque
716 1288 751 1320 in
781 1286 956 1332 principio
984 1293 1107 1316 versus
1131 1280 1279 1326 perinde
1307 1284 1414 1324 atque
1439 1278 1630 1325 abspercu-

132 1338 264 1384 lerunt)
287 1337 324 1370 1‘.
360 1337 603 1371 massmannus
629 1334 801 1378 syllabam
828 1337 889 1370 abs
913 1333 1066 1369 deletam
1093 1341 1172 1364 esse
1203 1329 1434 1362 observavit:
1462 1337 1531 1373 ego
1558 1336 1630 1359 non

123 1388 269 1420 notavi.

133 1436 247 1470 ocium
274 1433 310 1467 P.
435 1433 468 1467 7.
496 1433 556 1477 aff.
584 1431 620 1465 P.

135 1490 257 1518 rursus
278 1482 372 1530 pulsi
397 1481 478 1515 inde
500 1480 684 1531 proximis,

134 1651 230 1698 Epit.
272 1649 337 1688 67:
379 1648 427 1686 M.
469 1651 633 1686 Aurelius
673 1653 843 1694 Scaurus,

134 1701 268 1747 legatus
296 1697 447 1734 consulis
477 1700 618 1744 (Manlii
646 1712 677 1734 a.
709 1711 742 1734 u.
771 1700 842 1735 649

133 1762 193 1780 =·
213 1751 321 1795 105),
359 1761 382 1782 n
413 1749 561 1782 Cimbris
586 1751 662 1793 fuso
690 1750 847 1782 exercitu

137 1804 258 1844 captus
284 1803 356 1840 eslf
386 1803 417 1830 et
447 1809 523 1830 cnm
538 1799 576 1831 in
595 1797 778 1830 consilium
804 1797 847 1830 ab

134 1846 179 1879 iis
205 1851 367 1880 evocatus
393 1845 586 1879 deterreret
607 1857 664 1879 eos
683 1857 727 1879 ne
742 1845 847 1891 Alpes

136 1895 331 1928 transirent
348 1893 491 1928 Italiam
513 1895 669 1940 petituri,
698 1905 736 1927 eo
758 1894 848 1938 quod

137 1943 268 1976 diceret
304 1943 482 1977 Romanos
518 1943 615 1976 vinci
639 1953 711 1975 mm
735 1954 847 1987 posse,

137 2002 160 2023 a
207 1991 368 2036 Boiorige
403 1992 517 2035 feroci
553 1991 677 2024 iuvene
715 1992 849 2024 occisus

137 2045 196 2073 est.
225 2039 278 2074 Ab
303 2039 411 2073 isdem
436 2039 588 2073 hostibus
600 2039 665 2073 Cn.
693 2038 849 2072 Manlius

137 2087 259 2122 consul
284 2093 315 2122 et
341 2087 383 2130 Q.
409 2087 581 2121 Servilius
607 2087 737 2132 Caepio
758 2098 848 2132 pro-

138 2135 260 2170 consul
287 2136 371 2170 oicu'
393 2135 528 2181 proelio
548 2136 739 2180 castrisque
760 2135 850 2169 binis

139 2185 235 2218 exuti
272 2189 363 2218 sunt.
413 2183 605 2218 Sallustius
640 2184 717 2227 lug.
761 2184 849 2218 114:

136 2244 201 2279 per
229 2232 319 2266 idem
344 2238 474 2277 tempus
508 2233 693 2266 advorsum
732 2231 852 2266 Gallos

139 2291 164 2314 a
190 2280 333 2314 ducibus
367 2281 494 2313 nostris
529 2281 569 2322 Q.
612 2280 790 2324 Caepione
817 2285 848 2312 et

144 2328 194 2363 M.
212 2328 348 2362 Manlio
375 2328 466 2360 male
490 2334 693 2372 puynatum.
727 2327 851 2360 Velle-

140 2378 196 2410 ius
228 2376 257 2410 ll
289 2377 342 2410 12.
390 2375 516 2409 Florus
544 2375 591 2409 ΙΙΙ
617 2376 651 2410 3.
704 2374 851 2408 Orosius

145 2424 173 2458 V
205 2424 260 2460 16.
295 2423 504 2458 Plutarchus
531 2423 681 2457 Lucullo
709 2424 766 2458 27.
814 2422 852 2456 ln

142 2473 374 2518 praenomine
401 2472 521 2506 Manlii
543 2472 733 2506 Sallustius
760 2480 851 2504 con-

144 2522 254 2556 sentit
281 2531 360 2554 cum
389 2521 529 2554 Tacito:
564 2521 685 2554 Livius
720 2518 755 2553 et
790 2518 853 2552 Ci-

146 2580 229 2604 cero
267 2571 351 2613 (pro
384 2570 529 2603 Murena
556 2580 587 2602 c.
617 2570 679 2610 17,
709 2567 853 2601 Plancio

144 2630 175 2652 c.
202 2620 241 2659 5)
262 2618 420 2651 Gnaeum
434 2618 629 2658 nominant,
641 2617 702 2650 alii
716 2616 850 2649 Gaium.

146 2666 210 2700 Cn.
226 2664 386 2699 Mallium
410 2667 569 2698 nominat
594 2666 698 2698 etiam
728 2663 852 2697 titulus

145 2713 238 2757 apud
265 2712 451 2747 Gruterum
479 2723 513 2756 p.
549 2713 641 2752 207,
678 2712 850 2746 Orellium

145 2773 180 2796 u.
207 2761 315 2796 3697.
366 2761 520 2794 Deci-eto
551 2760 703 2795 Manliae
732 2761 852 2806 gentis

147 2814 287 2843 cautum
328 2807 459 2851 fuisse,
510 2819 555 2842 ne
594 2809 674 2853 quis
716 2809 853 2842 Marcus

147 2857 298 2892 Manlius
337 2861 547 2897 vocaretur⁷
589 2856 710 2890 Livius
749 2856 853 2891 tradit

150 2907 196 2940 vl
225 2906 291 2948 20,
321 2903 448 2940 Cicero
476 2904 630 2949 Philipp.
658 2904 672 2938 l
704 2905 755 2939 13.

232 2989 298 3014 nec
331 2978 470 3024 impune
507 2976 614 3012 Gaius
648 2975 786 3011 Marius
819 2976 857 3010 in

395 1386 427 1419 5.
465 1386 560 1429 mox]
596 1394 718 1416 rursus
751 1385 787 1417 in
814 1384 838 1418 P
865 1385 941 1430 legi
967 1390 1152 1425 perperam
1183 1382 1301 1411 narrat
1329 1375 1497 1411 Orellius.
1594 1374 1628 1409 6.

729 1432 764 1467 8.
793 1443 914 1467 rursus
939 1430 1019 1465 inde
1043 1428 1135 1480 pulsi
1161 1433 1175 1461 ῖ
1196 1426 1366 1478 proximis
1392 1424 1440 1458 P:
1468 1423 1630 1473 plerique

920 1652 1049 1687 Italia.-
1090 1651 1276 1686 brevitatis
1319 1660 1426 1684 causa
1479 1648 1632 1693 priorem

920 1701 1019 1735 Marii
1059 1701 1245 1734 victoriam
1287 1699 1331 1732 de
1386 1697 1556 1732 Teutonis
1597 1700 1634 1731 et

919 1748 1158 1782 Ambronibus
1196 1747 1238 1782 ad
1266 1748 1386 1792 Aquas
1415 1746 1554 1780 Sextias
1591 1746 1628 1779 in

920 1797 1036 1832 Gallia
1068 1801 1202 1842 partam
1243 1806 1313 1830 non
1347 1799 1532 1837 recenset,
1568 1792 1632 1828 sed

920 1845 1068 1880 alteram
1091 1846 1252 1890 proximo
1271 1853 1363 1878 anuo
1381 1844 1529 1889 (6532-
1547 1843 1631 1885 101)

921 1894 963 1928 de
991 1894 1142 1928 Cimbris
1170 1895 1204 1927 in
1247 1892 1380 1936 campis
1417 1891 1562 1925 Raudiis
1588 1889 1632 1924 ad

922 1943 1094 1976 Veronam
1129 1942 1277 1976 relatam
1311 1939 1513 1985 praedicat,
1547 1939 1632 1984 quia

922 1995 994 2024 tum
1031 1989 1110 2024 finis
1147 1989 1245 2024 bello
1278 1987 1488 2023 Germanico
1516 1989 1634 2032 impo-

923 2040 1011 2072 situs
1041 2044 1106 2073 est.
1159 2037 1213 2072 Cf.
1242 2037 1364 2072 Livius
1391 2037 1545 2081 Epitom.
1573 2035 1631 2070 68.

923 2087 1086 2122 Velleius
1116 2087 1148 2121 11
1178 2088 1234 2121 12.
1285 2085 1496 2120 Plutarchus
1524 2084 1634 2119 Mario

923 2148 952 2170 c.
979 2136 1135 2171 24—27.
1189 2133 1334 2169 Orosius
1365 2135 1393 2168 V
1426 2134 1479 2169 16.
1507 2133 1634 2167 Florus

921 2184 967 2218 111
995 2186 1030 2219 3.
1059 2183 1254 2227 Eutropius
1282 2184 1308 2217 V
1342 2185 1370 2217 1.
1407 2183 1535 2216 Marius
1562 2191 1633 2214 nou

923 2235 1068 2276 impune
1094 2233 1181 2266 vicit
1209 2231 1414 2272 Germanos,
1447 2229 1541 2275 quod
1566 2230 1633 2272 ipsi

923 2290 992 2313 uon
1041 2281 1225 2313 incruenta
1274 2279 1425 2311 victoria
1472 2277 1634 2322 contigit.

923 2327 1017 2361 ldem
1045 2327 1088 2360 de
1106 2326 1258 2361 Caesare
1278 2326 1479 2360 dicendum.
1515 2323 1635 2358 Ceteri

924 2375 1033 2408 duces
1058 2377 1183 2419 partim
1211 2373 1350 2408 insidiis
1384 2374 1635 2408 Germanorum

924 2425 1050 2468 parlim
1077 2424 1111 2457 vi
1142 2427 1389 2467 tempestatum
1413 2422 1537 2468 gravia
1551 2421 1636 2456 vul-

925 2482 1008 2506 nera
1035 2472 1197 2517 perpessi
1227 2475 1320 2505 sunt.

994 2544 1061 2578 Gai
1080 2543 1246 2578 Caesaris
1263 2543 1380 2576 minae
1396 2553 1407 2575 .·
1438 2541 1634 2576 Suetonius

926 2591 1090 2639 Caligula
1117 2591 1273 2628 43-47.
1303 2591 1369 2624 Dio
1400 2590 1472 2624 mx
1499 2591 1556 2624 21.

1013 2663 1199 2696 occasione
1237 2662 1433 2695 discordiae
1470 2682 1513 2686 —
1553 2659 1636 2693 inde

920 2712 1033 2757 pulsi:
1065 2711 1109 2744 cl'.
1140 2710 1179 2743 ll.
1208 2708 1255 2743 IV
1288 2711 1329 2743 12
1356 2720 1455 2753 sqq„
1483 2708 1530 2742 54
1555 2718 1632 2753 sqq.

1002 2794 1171 2838 promimis
1215 2791 1422 2836 temporibus
1467 2809 1503 2815 --
1551 2791 1635 2824 victi

923 2848 1023 2876 sunt:
1054 2841 1096 2874 de
1125 2840 1215 2874 saiso
1235 2839 1428 2872 Domitiani
1456 2838 1634 2883 triumpho

925 2891 971 2924 cs.
1005 2890 1044 2923 A.
1074 2889 1121 2924 39
1147 2893 1182 2922 et
1211 2892 1332 2921 annot.

1015 2971 1100 3016 Cap.
1140 2969 1198 3006 38.
1251 2969 1291 3004 de
1329 2969 1478 3007 Sacris.-
1526 2967 1634 3004 Suevi
