1768 3216
790 185 878 221 Cn.
905 186 964 222 26.
1561 189 1636 227 213

70 310 86 341 ὲ
141 298 300 342 Primus
331 301 440 342 enim
472 306 711 357 contempto
750 303 899 345 ordine
939 315 1107 356 rerum,
1146 305 1301 347 omissa
1342 306 1546 349 modestia
1588 320 1638 350 ac

140 374 302 428 pudore
331 378 568 429 verborum,
603 378 703 431 ipsis
732 378 854 419 etiam
882 378 1029 432 quibus
1062 380 1189 421 utitur
1222 381 1350 422 armis
1379 382 1639 437 incomposi-

139 454 205 492 tus
235 455 278 492 et
306 452 445 493 studio
474 452 657 496 feriendi
697 452 938 506 plerumque
979 453 1196 506 deiectus,
1244 467 1329 495 non
1367 461 1524 510 pugnat
1561 457 1638 499 sed

138 524 313 566 rixatur.
374 526 590 578 Ceterum,
622 531 667 567 ut
696 526 804 578 dixi,
834 527 1103 580 sequentibus
1136 533 1397 581 comparatus
1428 533 1469 570 et
1496 531 1640 572 varie-

137 602 230 640 tate
251 599 500 641 eruditionis
531 605 572 642 et
601 600 747 654 lepore
778 600 1022 641 urbanitatis
1054 605 1094 641 et
1114 602 1294 654 ipsarum
1314 602 1463 644 virium
1481 604 1666 645 robores

137 673 307 716 multum
339 678 504 716 ceteros
532 679 729 728 superat3
760 686 936 728 quorum
967 675 1176 716 neminem
1203 677 1318 730 Aper
1347 677 1565 718 nominare
1597 682 1637 720 et

135 748 251 791 velut
276 749 319 790 in
348 750 482 791 aciem
514 750 695 792 educere
726 750 933 791 sustinuit.
1006 750 1098 804 Ego
1128 754 1263 792 autem
1293 752 1563 804 expectabam
1591 757 1636 793 ut

133 823 326 865 incusato
358 823 510 865 Asinio
542 828 582 865 et
608 824 751 865 Caelio
783 828 824 865 et
853 824 981 866 Calvo
1016 824 1127 866 aliud
1168 825 1289 866 nobis
1329 838 1481 880 agmen
1523 839 1628 880 pro-

135 897 336 950 duceret,
386 897 599 951 plurisque
639 898 707 938 vel
737 902 852 940 certe
891 898 1064 939 totidem
1096 900 1356 951 nominaret,
1403 913 1455 941 ex
1485 901 1633 954 quibus

133 970 266 1013 alium
290 971 515 1023 Ciceroni,
561 971 685 1013 alium
714 972 900 1024 Caesari,
931 972 1108 1026 singulis
1140 972 1294 1013 deinde
1322 973 1511 1028 singulos
1554 986 1632 1027 op-
1647 984 1686 1013 ιο

133 1057 396 1100 poneremus.
467 1046 586 1088 Nunc
628 1045 886 1087 detrectasse
925 1046 1170 1088 nominatim
1207 1047 1398 1100 antiquos
1444 1051 1634 1089 oratores

134 1123 354 1162 contentus
385 1121 591 1162 neminem
622 1122 884 1174 sequentium
913 1120 1087 1163 laudare
1117 1133 1241 1162 ausus
1273 1125 1339 1162 est
1366 1121 1448 1163 nisi
1469 1121 1511 1162 in
1528 1122 1636 1175 pub-

133 1194 260 1237 licum
293 1198 335 1236 et
364 1195 406 1235 in
438 1207 684 1247 commune,
734 1196 891 1237 veritus
923 1195 1077 1247 credo,
1122 1207 1175 1236 ne
1202 1194 1353 1236 multos
1384 1194 1632 1247 offenderet,

135 1270 173 1312 si
200 1282 359 1324 paucos
389 1270 682 1324 excerpsisset.
745 1270 904 1319 Quotus
935 1269 1043 1311 enim
1075 1269 1250 1322 quisque
1282 1269 1631 1310 scholasticorum

132 1356 218 1386 non
248 1344 327 1386 hac
356 1356 431 1386 sua
462 1344 736 1398 persuasione
768 1344 916 1384 fruitur
948 1347 990 1384 ut
1029 1355 1076 1384 se
1121 1347 1216 1384 ante
1250 1343 1498 1384 Ciceronem
1548 1352 1681 1383 nu-15

259 1494 290 1528 1.
314 1493 413 1538 prius
439 1492 531 1526 enim
557 1497 718 1526 contento
744 1491 784 1534 F,
814 1501 886 1525 non
912 1491 949 1525 P.
1093 1492 1127 1525 3.
1156 1490 1278 1524 studiis
1304 1489 1380 1524 FP:
1409 1493 1519 1524 tacite
1549 1499 1632 1524 cor-

131 1541 227 1577 rexit
250 1541 456 1576 Rhenanus.
531 1541 683 1574 deiectus
708 1539 761 1573 P:
788 1539 816 1574 F
843 1540 1014 1575 derectus.
1098 1542 1132 1573 4.
1162 1545 1384 1584 comparatus
1410 1549 1466 1572 om
1493 1538 1533 1580 F,
1560 1549 1633 1572 non

131 1589 170 1625 P.
243 1589 278 1625 6.
304 1589 427 1623 multos
453 1592 507 1635 (os
532 1587 674 1634 punctis
702 1588 928 1622 subnotatum
959 1594 994 1622 et
1017 1588 1280 1632 superpositum
1306 1590 1379 1633 um)
1406 1592 1562 1621 coeteros
1590 1586 1628 1620 P.

136 1640 170 1674 7.
196 1637 272 1672 uult
298 1643 459 1672 correcto
485 1637 529 1671 ab
557 1637 679 1671 eadem
706 1648 752 1670 m.
779 1637 874 1671 uelut
899 1637 936 1671 P.
1012 1637 1194 1671 substinuit
1217 1635 1255 1669 F.
1341 1636 1376 1670 8.
1402 1636 1564 1669 incurata
1591 1634 1629 1668 P.

135 1687 171 1723 9.
194 1686 372 1732 plurisque
400 1687 447 1720 P:
471 1686 646 1731 plerisque
670 1684 709 1719 F.
836 1687 891 1721 10.
928 1685 1051 1718 deinde
1075 1683 1151 1717 FP:
1200 1684 1333 1717 demum
1358 1683 1443 1717 edit.
1470 1687 1627 1717 veteres.

139 1737 195 1770 11.
220 1737 332 1782 nunc]
359 1746 432 1768 non
459 1734 534 1768 FP:
562 1735 669 1768 tacite
697 1735 852 1768 correxit
878 1733 1085 1768 Rhenanus.
1166 1732 1375 1766 detrectasse
1402 1731 1440 1774 P,
1467 1741 1537 1764 non
1566 1731 1629 1764 de..

134 1789 318 1819 tractasse.
421 1784 475 1818 13.
501 1784 540 1816 in
567 1793 744 1817 commune
770 1782 816 1816 P:
849 1781 875 1816 F
901 1783 939 1816 in
965 1793 1076 1815 omne.
1189 1781 1336 1815 veritum
1362 1779 1436 1814 FP:
1474 1780 1629 1814 correxit

134 1832 288 1878 Lipsius.
405 1832 560 1866 laederet
578 1831 752 1874 vossius,
782 1831 904 1865 nescio
931 1841 1014 1864 num
1043 1840 1086 1864 ex
1115 1829 1240 1863 codice
1267 1828 1303 1862 P.

178 1970 358 2012 Bassaris,
384 1975 418 2004 et
443 1970 578 2016 lyncem
606 1969 757 2004 Maenas
781 1971 846 2015 ste-

403 2029 499 2052 :rura
524 2018 694 2064 corymbis

178 2066 298 2101 Euam
312 2067 529 2113 ingeminat.-
555 2067 768 2112 reparabilis
785 2079 846 2101 as-

197 2120 200 2122 ’
401 2122 504 2149 sonat
530 2115 655 2150 Echo'.

203 2187 294 2221 sieut
316 2187 483 2229 histrioni
507 2188 641 2221 clamor
667 2193 698 2220 et
722 2187 843 2220 excla-

129 2236 256 2270 matio:
272 2235 326 2269 Ιιίε
337 2236 480 2280 explevi
496 2239 534 2269 ut
548 2235 650 2269 fieret
662 2235 826 2268 histrioni
838 2247 846 2276 ;

131 2286 223 2320 clam
269 2283 427 2326 resedit,
479 2288 665 2328 postquam
710 2282 846 2315 formae

131 2334 244 2368 clamo
254 2337 313 2379 (=
324 2332 473 2375 clamor)
488 2331 613 2364 ultima
627 2330 746 2364 littera
764 2334 846 2363 ante

130 2388 163 2416 et
190 2382 317 2416 hausta
344 2385 410 2415 est.
441 2379 649 2414 Oratoribus
667 2382 844 2422 tamquam

130 2429 334 2465 histrionali
356 2439 464 2473 opera
483 2428 689 2473 fungantur,
720 2426 845 2459 accla-

131 2482 246 2514 ni‘atur
266 2478 407 2513 tencre!
426 2477 571 2511 tenere!
601 2475 744 2509 clamor
767 2473 846 2507 edi-

131 2533 189 2562 tur
205 2528 249 2563 ad
267 2525 523 2561 ostendendam
540 2524 846 2568 approbationem,

132 2576 343 2611 exclamatio
383 2574 630 2608 admirantium
676 2575 740 2604 est.
793 2569 846 2603 De

131 2635 170 2658 re
197 2623 440 2666 Quintilianus
458 2621 500 2655 xl
517 2622 539 2655 3
557 2621 624 2655 57:
650 2620 711 2652 sect
736 2618 846 2662 quod-

132 2683 274 2717 cumque
303 2683 346 2705 es:
370 2671 423 2703 his
457 2670 575 2703 vitium
612 2668 722 2712 rnayis
757 2665 847 2699 tule-

132 2722 199 2755 rim
223 2731 326 2765 quam
351 2729 415 2763 quo
443 2728 537 2750 nunc
562 2717 712 2749 numme
745 2714 846 2747 labo-

131 2775 234 2803 ratur
257 2769 295 2802 in
322 2767 438 2801 causis
464 2764 618 2798 omnibus
641 2763 846 2806 scholisque,

133 2816 315 2858 cantandi,
342 2814 431 2860 quod
455 2812 612 2847 inutilius
636 2812 679 2846 sit
705 2823 753 2845 an
768 2813 847 2855 foc-

133 2866 210 2900 dt'us
232 2865 362 2898 nescio.
393 2862 484 2905 Quid
511 2861 602 2894 enim
627 2860 741 2894 minus
760 2869 847 2891 ora-

134 2914 204 2948 tori
230 2913 391 2947 convenit
415 2921 518 2955 quam
541 2907 732 2943 modulatio
768 2917 846 2939 sce-

915 1970 1001 2003 nica
1026 1975 1058 2003 et
1082 1978 1333 2012 nonnunquam
1358 1966 1535 2000 ebn‘orum
1567 1971 1628 1999 aut

916 2018 1175 2052 comissantium
1190 2016 1355 2050 licentiae
1372 2014 1494 2048 similis
1505 2013 1524 2047 ?
1551 2013 1627 2047 Pli-

916 2068 997 2100 nius
1029 2066 1143 2110 Epist.
1176 2065 1207 2098 ΙΙ
1252 2063 1315 2098 14:
1347 2063 1454 2109 pudet
1492 2063 1629 2106 referre

917 2126 1028 2160 quae,
1068 2125 1170 2158 quam
1199 2115 1319 2157 fracta
1342 2111 1630 2157 pronuntiatione

917 2164 1093 2205 dicantur,
1122 2162 1252 2206 quibus,
1282 2171 1384 2204 quam
1409 2159 1537 2192 tenens
1550 2156 1629 2190 cla-

916 2211 1069 2245 moribus
1094 2210 1326 2254 excipiantur.

983 2280 1061 2324 plus
1086 2281 1137 2313 vis
1162 2278 1288 2311 habeat
1307 2286 1407 2320 quam
1422 2273 1627 2319 sanguinis.-

917 2328 1099 2373 genitivus
1127 2327 1178 2359 cis
1212 2325 1306 2368 apud
1336 2333 1466 2357 aureae
1501 2321 1629 2355 aetatis

916 2381 1081 2409 auctores
1127 2383 1197 2407 uon
1242 2373 1438 2417 reperitur3
1486 2374 1629 2414 praeter

916 2423 1071 2457 'l'acitum
1099 2422 1272 2456 admissus
1308 2426 1361 2454 est
1396 2430 1416 2452 a
1449 2419 1628 2452 iuriscon-

916 2472 1030 2506 sultis.
1067 2470 1112 2505 Cf
1139 2470 1257 2503 vossii
1284 2467 1479 2502 Aristarch.
1508 2465 1556 2499 111
1582 2463 1629 2499 48

917 2531 950 2564 p.
978 2522 1048 2555 531
1077 2519 1132 2553 ed.
1160 2517 1345 2552 Foertsch.
1380 2516 1516 2550 Nomen
1542 2523 1627 2546 san-

917 2569 1035 2614 guinis
1065 2567 1220 2612 pertinet
1246 2565 1289 2599 ad
1317 2566 1477 2609 vigorem
1506 2566 1540 2594 et
1566 2570 1628 2592 or-

916 2621 1035 2650 natum
1091 2615 1284 2654 orationis,
1335 2612 1391 2645 cui
1440 2609 1629 2653 opponitur

916 2666 1032 2699 siccus
1060 2668 1181 2697 orator
1207 2663 1283 2695 sive
1313 2659 1499 2703 exanguis.
1570 2655 1629 2689 Vis

916 2724 1011 2746 nunc
1051 2712 1215 2744 tribuitur
1258 2709 1394 2741 Severo
1445 2709 1480 2738 et
1519 2702 1627 2747 paulo

917 2766 995 2805 post
1021 2760 1147 2793 virium
1180 2756 1287 2790 robur
1320 2754 1365 2788 ob
1402 2751 1555 2787 feriendi
1594 2755 1630 2784 et

917 2806 1117 2842 lacessendi
1155 2804 1308 2838 studium
1347 2806 1382 2835 et
1409 2799 1627 2834 facultatem.

916 2856 1018 2899 Cous.
1051 2854 1066 2887 1
1093 2854 1149 2895 72,
1178 2852 1227 2886 1v
1257 2853 1315 2885 21.

985 2908 1021 2937 ut
1045 2914 1081 2936 se
1110 2906 1192 2934 ante
1220 2899 1426 2934 Ciceronem
1459 2898 1628 2929 numeret,
