1768 3216
197 350 401 398 regreditur
436 349 466 383 H
502 349 524 384 3
564 349 623 384 68.
663 347 804 393 culpam
838 349 874 382 in

194 412 327 447 milites
355 409 495 444 confert
521 409 547 443 Η
564 409 587 444 3
606 409 663 445 70.
694 408 870 443 occiditur

195 473 226 507 ll
253 472 275 506 3
302 471 361 506 85.
409 475 549 515 tempus
584 470 726 515 imperii
756 470 868 514 ipsius

198 530 226 566 Ο
256 532 313 567 17.
357 531 534 577 imagines
561 532 638 565 eius
668 530 873 565 deiciuntur

198 591 228 626 H
252 592 276 626 3
305 592 359 626 12.
413 592 491 626 eius
518 590 612 625 fitius
640 591 666 625 Η
699 593 722 627 2
749 590 816 635 59,
851 591 874 625 3

195 652 256 688 66.
284 651 461 686 occiditur
485 651 514 686 H
537 649 561 686 4
585 650 645 687 80.

148 711 189 748 L.
224 712 395 748 Vitellius
440 713 665 758 imperatoris
704 716 807 757 pater
844 713 872 747 Il

198 772 221 809 3
251 773 310 809 86.
353 773 479 808 consul
507 774 530 809 6
557 774 615 810 28.
661 778 717 808 ter
751 772 875 807 consul

203 836 248 870 14
262 835 319 871 56.
341 835 371 869 Η
391 837 405 868 1
427 835 449 871 9
475 839 510 870 et
531 834 594 878 52,
616 834 639 869 3
659 834 719 870 66.
738 834 876 869 Orienti

197 895 403 941 praefectus
422 895 445 930 6
459 896 506 932 32
533 900 569 930 et
582 895 630 931 36
645 899 680 930 et
695 898 754 930 41.
780 895 876 930 Mes-

197 955 336 991 salinae
372 955 593 991 obsecundat
630 959 669 991 11
702 958 725 992 3
754 961 790 990 et
817 956 876 991 33.

200 1026 331 1052 censor
359 1017 403 1051 12
428 1018 462 1050 4.
490 1016 520 1050 H
553 1018 567 1050 1
596 1016 631 1060 9,
659 1016 681 1050 3
706 1016 765 1052 66.
793 1027 872 1050 ma-

197 1078 402 1112 trimonium
423 1076 564 1111 Claudii
594 1082 630 1111 et
654 1077 877 1122 Agrippinae

200 1141 384 1182 perpetrat
405 1137 450 1171 12
475 1138 510 1172 5.
543 1141 732 1171 accusatur
759 1137 801 1170 12
817 1135 874 1171 42.

202 1197 387 1243 exemplar
415 1196 606 1232 adulatorii
643 1197 830 1231 dedecoris
856 1195 879 1230 6

200 1258 259 1293 32.
295 1258 439 1292 sinistra
463 1257 509 1292 de
536 1267 580 1292 eo
607 1258 642 1291 in
669 1256 757 1291 urbe
784 1256 878 1290 fama

200 1317 287 1352 ibid.
317 1319 395 1352 eius
426 1327 466 1352 os
492 1317 708 1363 impudicum
742 1318 781 1351 11
811 1317 845 1352 3.

152 1376 192 1415 1..
229 1376 401 1412 Vitellius
442 1378 666 1422 imperatorin
700 1377 812 1412 frater
848 1377 878 1411 H

203 1440 220 1473 1
251 1438 313 1474 88.
349 1437 577 1473 adulantibus
605 1449 646 1473 se
671 1438 776 1473 offert
801 1437 830 1472 H
856 1439 879 1473 2

201 1499 259 1535 54.
287 1503 390 1534 atrox
415 1499 595 1534 sententia
618 1501 697 1533 eius
724 1498 760 1532 in
783 1497 878 1532 Cae-

200 1560 316 1594 cinam
343 1559 373 1593 H
398 1560 421 1594 3
447 1560 505 1594 37.
540 1559 707 1594 Blaesum
734 1562 880 1593 accusat

200 1619 231 1654 H
260 1620 283 1655 3
307 1619 367 1655 38.
412 1619 568 1654 tuendae
597 1619 676 1654 urbi
701 1619 882 1665 relinqui-

203 1684 261 1714 tur
285 1679 315 1714 H
345 1679 368 1714 3
393 1681 452 1716 55.
485 1680 529 1714 ad
553 1679 690 1715 bellum
718 1680 753 1714 in
772 1679 884 1714 Cam-

203 1741 345 1786 paniam
381 1741 532 1775 mittitur
557 1740 587 1775 H
614 1741 636 1776 3
663 1740 722 1776 58.
760 1739 885 1774 Tarra-

202 1801 318 1835 cinam
345 1800 487 1835 obsidet
513 1801 541 1834 H
568 1800 590 1835 3
619 1800 676 1836 76.
726 1800 821 1845 capit
849 1800 875 1834 H

206 1862 229 1896 3
248 1862 306 1896 77.
321 1861 477 1905 infamis,
503 1861 565 1896 sed
580 1861 776 1895 industrius
796 1859 882 1895 ibid.

205 1921 423 1955 interficitur
448 1922 478 1955 H
505 1921 529 1956 4
553 1921 588 1956 2.

154 1979 191 2016 Ρ.
220 1981 390 2015 Vitellius
419 1983 436 2015 1
467 1981 525 2017 70.
564 1981 609 2015 ad
635 1991 766 2016 census
792 1979 880 2015 Gal-

204 2040 331 2074 liarum
356 2042 510 2075 mittitur
542 2042 564 2075 2
589 2041 625 2076 6.
676 2042 883 2076 accusatio-

203 2109 285 2134 nem
322 2101 359 2134 in
392 2101 559 2135 Pisonem
597 2102 743 2135 instruit
777 2102 799 2136 2
828 2102 885 2136 74.

205 2159 326 2193 Trioni
359 2170 431 2194 non
463 2160 629 2195 concedit
654 2161 676 2195 3
704 2162 763 2197 10.
817 2171 881 2195 ac-

206 2225 351 2255 cusatur
375 2221 398 2255 5
422 2221 457 2256 8.
484 2231 523 2256 se
541 2221 619 2266 ipse
636 2222 769 2256 occidit
788 2220 875 2256 ibid.

206 2282 284 2315 eius
310 2291 402 2315 uxor
426 2281 449 2316 6
475 2280 535 2316 47.

156 2341 202 2384 Q.
232 2341 403 2376 Vitellius
431 2342 488 2388 (P.
516 2342 644 2390 frater)
661 2347 786 2377 senatu
803 2352 883 2376 mo-

205 2406 312 2435 vetur
338 2403 360 2436 2
385 2401 444 2436 48.

158 2460 269 2505 Vitia,
296 2461 387 2496 Fufii
415 2462 554 2497 Gemini
584 2467 714 2506 mater,
754 2467 882 2497 necata

207 2521 230 2556 6
259 2521 315 2556 10.

157 2581 243 2618 vitis
279 2582 500 2616 centurionis
539 2583 574 2615 in
626 2586 729 2629 tergo
763 2582 888 2617 militis

204 2642 318 2677 fracta
349 2644 365 2676 1
393 2642 453 2677 23.
476 2652 584 2676 aurea
613 2643 649 2675 in
678 2642 810 2687 templo
825 2642 887 2677 Iu-

209 2702 379 2737 daeorum
405 2707 549 2747 reperta
574 2702 600 2736 H
627 2703 648 2737 5
676 2703 711 2737 5.

158 2756 289 2797 vitrum
312 2762 350 2795 in
376 2762 509 2796 Iudaea
534 2761 564 2796 H
594 2763 615 2797 5
642 2762 674 2797 7.

159 2824 337 2859 Vocetius
352 2822 542 2858 Helvetiae
557 2832 658 2857 mons
675 2821 882 2870 (Boezberq)

209 2883 241 2916 H
271 2886 287 2918 1
316 2883 374 2918 68.

161 2943 331 2980 Vocontii
357 2943 512 2992 populus
538 2943 568 2980 H
598 2945 614 2979 1
643 2942 702 2979 66.

825 230 969 267 INDEX

928 347 1067 383 Vocula
1091 358 1124 383 v.
1152 347 1297 391 Dillius,
1323 341 1542 385 Sariolenum

924 408 1136 454 Volaginius
1161 417 1352 453 percussor
1371 407 1597 444 Scriboniani
1615 407 1645 443 H

968 470 990 504 2
1018 470 1076 504 75.

925 529 1124 564 Volandum
1160 530 1352 565 Armeniae
1387 529 1575 566 castellum
1604 530 1648 566 13

974 590 1033 626 39.

929 650 1081 685 Volesus
1107 651 1259 686 Messala
1284 651 1307 686 3
1333 650 1394 686 68.

927 711 1126 759 Vologeses
1163 711 1372 746 Parthorum
1406 724 1470 749 rex
1508 714 1550 750 12
1591 713 1646 749 14.

974 773 1003 807 H
1032 776 1047 807 1
1076 774 1134 810 40.
1163 784 1207 808 ex
1238 774 1372 819 pellice
1393 775 1529 811 Graeca
1549 779 1648 810 ortus

979 836 1021 870 12
1046 835 1105 869 44.
1132 835 1338 870 Armeniam
1364 836 1502 872 invadit
1519 837 1564 871 12
1588 836 1648 873 50.

974 895 1056 929 inde
1082 895 1245 930 abscedit
1277 897 1320 932 13
1346 898 1378 933 7.
1405 897 1548 933 obsides
1574 897 1651 932 Ro-

975 956 1088 990 manis
1113 956 1220 990 tradit
1245 957 1288 992 13
1310 958 1345 992 9.
1373 960 1502 992 iterum
1514 957 1650 993 bellum

971 1020 1092 1050 movet
1130 1016 1172 1050 13
1198 1016 1257 1051 34.
1310 1016 1517 1052 defectione
1555 1017 1651 1063 Hyr-

977 1086 1146 1110 canorum
1172 1077 1346 1112 attinetur
1377 1078 1419 1113 13
1434 1079 1494 1122 37,
1526 1079 1570 1113 14
1590 1078 1650 1114 25.

976 1136 1170 1171 concilium
1198 1142 1304 1171 vocat
1335 1138 1378 1172 15
1399 1138 1432 1172 2.
1461 1148 1556 1172 arma
1575 1137 1651 1172 Ro-

978 1207 1081 1231 mana
1105 1198 1195 1231 vitat
1224 1198 1265 1232 15
1293 1198 1327 1235 5.
1361 1197 1532 1234 adversus
1559 1197 1651 1236 Pne-

977 1261 1049 1290 tum
1073 1257 1314 1301 proficiscitur
1338 1257 1380 1293 15
1403 1257 1459 1293 10.
1486 1257 1587 1292 illum
1605 1257 1651 1292 ad

978 1316 1121 1352 foedam
1157 1318 1359 1362 pactionem
1393 1317 1579 1364 compellit
1608 1319 1650 1354 15

981 1376 1035 1411 14.
1086 1376 1228 1423 legatos
1262 1377 1306 1412 ad
1331 1378 1510 1413 Neronem
1544 1378 1653 1412 mittit

980 1438 1023 1472 15
1050 1437 1108 1472 24.
1141 1438 1361 1483 Vespasiano
1386 1437 1523 1473 auxilia
1547 1438 1652 1473 offert

976 1496 1006 1531 H
1035 1497 1058 1532 4
1087 1498 1146 1534 51.
1175 1499 1253 1533 eius
1279 1490 1389 1534 frater
1412 1509 1448 1534 v.
1465 1497 1651 1534 Tiridates.

981 1556 1044 1603 (de
1081 1559 1236 1594 nominis
1262 1558 1376 1594 forma
1401 1569 1436 1595 v.
1462 1563 1584 1594 annot.
1611 1558 1655 1594 ad

985 1619 1028 1654 13
1056 1619 1108 1666 7.)

938 1678 1059 1714 Volsci
1090 1680 1130 1714 11
1159 1680 1217 1715 24.

939 1739 1108 1775 Volusius
1145 1739 1318 1774 Proculus
1356 1739 1573 1775 chiliarchus
1617 1741 1654 1775 in

974 1799 1090 1834 classe
1115 1799 1308 1834 misenensi
1336 1800 1380 1835 15
1405 1800 1450 1835 51
1479 1804 1515 1835 et
1539 1800 1598 1835 57.

934 1859 975 1894 C.
1005 1859 1176 1894 Volusius
1203 1859 1233 1893 H
1257 1859 1281 1894 3
1308 1858 1367 1894 29.

935 1919 975 1954 L.
1004 1919 1174 1954 Volusius
1202 1919 1353 1954 moritur
1376 1919 1400 1954 3
1425 1918 1485 1954 30.

930 1980 969 2015 L.
1000 1980 1171 2015 Volusius
1201 1981 1244 2015 12
1269 1980 1328 2015 22.
1357 1985 1516 2015 extrema
1540 1983 1657 2015 aetate

981 2042 1131 2075 moritur
1159 2040 1201 2075 13
1228 2041 1288 2076 30.
1333 2041 1410 2075 eius
1439 2040 1588 2076 divitiae
1613 2039 1658 2075 13

984 2101 1043 2144 30,
1073 2102 1116 2135 14
1141 2101 1199 2136 56.

932 2160 974 2203 Q.
1003 2159 1173 2194 Volusius
1199 2160 1325 2194 consul
1356 2162 1398 2196 13
1423 2161 1481 2196 25.
1528 2170 1656 2195 census

975 2231 1040 2266 per
1065 2220 1198 2255 Gallias
1227 2222 1302 2268 agit
1331 2221 1373 2256 14
1399 2220 1458 2256 46.

938 2281 1108 2316 Vonones
1137 2281 1248 2315 Medis
1285 2281 1493 2326 praesidens
1528 2280 1571 2316 ad
1594 2291 1657 2316 re-

983 2352 1091 2388 gnum
1118 2340 1326 2376 Parthorum
1355 2341 1567 2379 accitur.12
1600 2342 1656 2377 14.

982 2401 1132 2435 moritur
1156 2400 1241 2436 ibid.
1268 2406 1370 2446 pater
1395 2400 1591 2447 Vologesis
1608 2400 1655 2434 ib.

932 2461 1100 2497 Vonones
1136 2461 1346 2496 Parthorum
1371 2472 1435 2496 rex
1460 2462 1482 2496 2
1513 2463 1528 2495 1
1561 2465 1597 2495 et
1621 2461 1657 2495 2.

980 2521 1130 2566 pellitur
1154 2531 1268 2568 regno
1295 2523 1318 2558 2
1344 2521 1380 2555 3.
1405 2521 1449 2555 ab
1477 2520 1658 2554 Armeniis

985 2592 1051 2616 rex
1077 2586 1219 2616 creatur
1244 2583 1265 2616 2
1292 2581 1327 2615 4.
1363 2580 1447 2614 inde
1472 2584 1660 2614 amovetur

986 2644 1009 2678 2
1034 2641 1092 2676 56.
1118 2642 1154 2676 in
1175 2641 1337 2676 Ciliciam
1357 2644 1544 2675 amovetur
1561 2642 1584 2676 2
1599 2640 1658 2676 58.

981 2702 1205 2748 gratissimus
1225 2701 1346 2736 Pisoni
1370 2701 1455 2736 ibid.
1484 2699 1660 2735 occiditur

985 2764 1008 2797 2
1034 2762 1092 2797 68.
1137 2763 1214 2797 eius
1239 2761 1333 2796 filius
1359 2759 1584 2795 Meherdates
1616 2759 1659 2794 12

987 2821 1040 2856 10.

937 2882 1109 2916 Votienus
1137 2871 1324 2917 Montaniis
1348 2881 1372 2914 4
1395 2880 1455 2916 42.

933 2946 1057 2978 votum
1102 2941 1229 2980 Civilis
1263 2941 1451 2979 barbarum
1490 2941 1519 2976 H
1546 2941 1571 2977 4
1591 2939 1656 2977 61.
