1768 3216
845 181 984 220 mm
1005 182 1065 219 ιν.
1371 210 1373 212 -
1625 189 1700 242 φ

191 307 256 346 que
275 296 446 332 Caesaris
463 297 687 334 Domitianus
711 300 861 346 accepit,
887 300 949 334 sed
975 312 1019 334 ex
1031 306 1188 347 paterna
1198 302 1348 347 fortuna
1363 307 1502 338 tantm
1519 302 1700 340 licentiam

190 360 373 406 usurpavit
387 372 398 393 .-
426 358 1165 422 wQQmo.
1218 363 1349 399 Lucius
1381 363 1539 400 Vitellius
1563 362 1600 400 s'e
1622 379 1700 402 cum

189 420 262 455 suis
285 419 485 455 cohortibus
507 420 660 455 arbitrio
683 421 828 455 victoris
849 423 1023 468 permisit,
1049 422 1132 457 dein
1155 423 1362 468 interfectus
1378 429 1430 459 est
1449 427 1519 474 (2).
1554 425 1699 473 Capuae

190 479 312 515 domus
336 480 490 515 illustres
516 481 674 526 afflictae
700 479 837 526 legione
862 482 969 516 tertia
994 481 1175 517 hiemandi
1200 494 1311 518 causa
1325 484 1376 518 ibi
1392 484 1525 520 locata.
1564 486 1700 522 Romae

189 546 332 575 senatus
367 540 579 587 Vespasiano
611 545 740 574 cuncta
762 541 983 588 principibus
1005 541 1112 576 solita
1137 542 1310 587 decrevit,
1346 544 1488 588 tandem
1524 545 1638 581 laetus
1665 553 1699 582 et

188 601 266 647 spei
303 607 419 635 certus
457 602 526 648 (3).
578 600 695 635 Duces
726 602 885 647 partium
918 603 1088 648 praemiis
1125 602 1267 647 donati‚·
1311 604 1523 650 Capitolium
1563 607 1701 642 restitui

185 659 334 707 placuit.
386 659 454 695 Per
492 671 570 694 eam
609 661 830 695 occasionem
864 661 1046 696 Helvidius
1083 661 1226 697 Priscus
1267 664 1477 698 sententiam
1512 666 1700 711 aliquoties

185 721 376 767 prompsit,
414 720 516 765 idque
547 731 700 767 magnae
730 721 869 767 gloriae
906 727 940 756 et
972 732 1126 767 magnae
1166 724 1323 769 offensae
1347 725 1590 771 principium5
1625 727 1700 761 vita

187 782 263 816 eius
288 786 322 816 et
344 781 483 824 studia,
516 787 549 814 et
586 781 683 826 quali
706 783 855 827 fortuna
883 783 929 816 sit
950 793 1033 816 usus
1058 782 1199 829 (4—6).
1253 783 1355 818 Inter
1385 786 1499 830 ipsum
1527 792 1559 820 et
1591 787 1697 821 Mar-

187 839 312 874 cellum
338 840 380 874 de
406 840 580 874 mittendis
606 840 654 874 ad
676 841 874 887 principem
898 841 1024 886 legatis
1048 852 1134 875 acre
1159 843 1312 888 iurgium
1337 845 1478 891 (7—8).
1531 846 1699 880 Secutum

185 899 288 936 aliud
311 905 490 935 certamen
504 912 517 934 .·
554 911 638 934 nam
662 902 801 935 aerarii
827 911 951 935 curam
978 901 1100 935 consul
1125 901 1328 947 designatus
1352 915 1430 937 cum
1450 905 1611 951 principi
1635 917 1697 939 re..

183 965 362 1003 servaret,
392 959 573 994 Heluidius
598 961 748 995 arbitrio
774 966 916 995 senatus
942 960 1117 1006 agendum
1145 963 1281 996 censuit
1289 975 1302 1005 ,-
1329 962 1406 996 alia
1431 963 1590 998 Helvidii
1614 976 1695 998 sen-

185 1021 298 1056 tentia
320 1021 424 1055 nimis
450 1021 564 1055 libera
589 1021 657 1068 (9).
709 1020 852 1055 Publius
878 1021 983 1056 Celer
1008 1027 1198 1056 accusatus
1226 1023 1318 1069 (10).
1362 1023 1552 1058 Mucianus
1576 1025 1698 1059 urbem

183 1082 372 1128 ingressus
388 1087 518 1116 cuncta
539 1081 643 1116 simul
665 1081 706 1116 in
729 1093 768 1116 se
793 1082 916 1116 traxit.
970 1081 1187 1128 Calpurnius
1214 1082 1430 1118 Gales-ianus
1457 1085 1605 1128 occisus,
1633 1085 1697 1119 Iu-

183 1141 253 1176 lius
276 1141 416 1177 Priscus
441 1143 707 1188 praetoriarum
731 1142 793 1177 sub
830 1141 967 1177 Vitellio
1006 1141 1202 1177 cohortium
1229 1145 1434 1190 praefectus
1468 1156 1506 1179 se
1533 1146 1607 1192 ipse
1632 1146 1694 1180 in-

185 1203 326 1248 terfecit
352 1203 447 1250 (11).

323 1263 411 1310 Cap.
443 1263 587 1299 12-37
604 1274 617 1297 .·
657 1263 739 1298 belli
781 1263 987 1298 Germanici
1019 1263 1126 1298 initia
1157 1269 1191 1298 et
1218 1275 1439 1310 progressus.
1490 1265 1583 1300 Eius
1616 1266 1698 1301 belli

184 1333 316 1359 causae
344 1334 455 1370 penes
488 1324 640 1358 Batavos
682 1329 725 1358 et·
746 1322 875 1358 lulium
901 1323 1050 1358 Civilem
1076 1324 1267 1372 (12—13).
1320 1324 1409 1359 Cum
1432 1326 1531 1360 iussu
1563 1326 1697 1361 Vitellii

183 1385 399 1420 Batauorum
423 1385 582 1418 iuventus
606 1384 655 1418 ad
680 1384 850 1418 delectum
872 1389 1041 1427 occatur,
1077 1385 1289 1430 compositae
1321 1386 1504 1420 seditionis
1530 1390 1695 1421 auctores

181 1446 330 1480 munina
356 1445 442 1479 dare
464 1444 696 1492 popularibus
722 1444 939 1488 dissuadent,
962 1443 1086 1479 Civilis
1108 1445 1284 1491 primores
1308 1446 1422 1491 gentis
1448 1446 1498 1480 ad
1523 1446 1695 1492 defectio-

182 1516 263 1540 nem
295 1511 328 1540 et
361 1517 465 1540 arma
496 1506 660 1540 hortatur
693 1506 787 1552 (14).
841 1505 1097 1550 Canninefates
1131 1512 1272 1552 partem
1303 1506 1443 1540 insulae
1480 1507 1697 1541 Batavorum

184 1565 336 1600 colentes
375 1565 527 1600 consilia
556 1566 759 1608 sociamine,-
799 1565 924 1599 ltorum
966 1565 1038 1598 dua:
1073 1565 1211 1599 Brinno
1247 1566 1374 1599 accitis
1408 1571 1510 1600 trans
1535 1566 1698 1601 Rhenum

185 1627 310 1661 Frisiis
337 1626 487 1660 duarum
513 1626 708 1660 cohortium
730 1625 880 1659 hiberna
903 1625 1069 1671 irrumpit
1096 1631 1129 1660 et
1157 1625 1340 1668 excindit,
1368 1631 1508 1660 ceterae
1535 1626 1696 1661 cobortes

183 1688 222 1722 in
246 1687 464 1734 superiorem
490 1685 630 1720 insulae
652 1691 792 1732 partem
818 1690 1082 1731 congregantur
1106 1686 1198 1732 (15).
1251 1685 1331 1720 Iam
1358 1685 1481 1719 Civilis
1509 1685 1694 1720 Cannine-

183 1750 278 1794 fates
317 1747 469 1781 Batavos
505 1747 636 1781 Frisios
662 1746 830 1793 adoersus
856 1747 1037 1781 Romanos
1069 1745 1186 1789 ducit,
1221 1756 1393 1792 prospero
1423 1746 1561 1792 proelio
1586 1748 1696 1781 vincit

185 1809 276 1857 (16).
329 1808 498 1843 Germani
520 1808 655 1853 legatos
679 1808 806 1841 misere
830 1806 971 1840 aua-ilia
995 1807 1182 1852 offerentes
1214 1805 1323 1840 Civili
1330 1819 1344 1849 ‚·
1388 1808 1463 1853 ipse
1495 1807 1696 1842 Galliarum

184 1869 386 1903 societatem
411 1874 489 1902 arte
515 1868 682 1913 donisque
705 1867 886 1914 affectavit
909 1867 1001 1913 (17).
1056 1866 1208 1901 Flaccus
1236 1867 1472 1910 Hordeonius,
1497 1869 1694 1914 superioris

186 1930 399 1964 Germaniae
423 1929 570 1974 legatus,
592 1928 726 1974 primos
740 1926 863 1961 Civilis
889 1932 1036 1961 conatus
1059 1937 1127 1973 per
1153 1926 1465 1961 dissimulationem
1490 1926 1591 1971 aluit,
1623 1933 1696 1962 tum

185 1989 353 2024 adversus
382 1989 514 2023 bostem
529 1989 690 2023 Munium
708 1988 908 2034 Lupercum
932 1999 1012 2022 cum
1035 1987 1169 2021 duabus
1194 1987 1388 2033 legionibus
1413 1988 1518 2022 misit.
1569 1988 1696 2034 Fugati

184 2056 266 2085 sunt
290 2052 444 2086 Romani
469 2057 501 2085 et
525 2049 679 2096 legiones
701 2051 742 2083 in
766 2055 889 2084 castra
916 2049 1036 2093 quibus
1071 2048 1230 2083 Veterum
1261 2060 1390 2082 nomen
1421 2058 1459 2082 se
1482 2056 1694 2095 receperunt

186 2112 277 2158 (18).
322 2111 436 2146 Isdem
460 2111 578 2145 diebus
605 2111 820 2144 Batavorum
850 2109 1011 2143 cohortes
1035 2109 1132 2142 iussu
1153 2108 1282 2143 Vitellii
1304 2110 1344 2142 in
1367 2108 1489 2142 urbem
1508 2115 1696 2155 pergentes

185 2172 329 2207 nuntius
353 2183 377 2206 a
406 2171 516 2207 Civile
544 2171 763 2217 Mogontiaci
788 2171 1009 2215 essequam,-
1051 2175 1167 2215 spreto
1201 2169 1330 2203 Flacco
1361 2171 1580 2214 inferiorem·
1599 2170 1692 2204 Ger-

186 2234 343 2267 maniam
364 2233 519 2278 petivere
542 2237 579 2265 ut
603 2230 707 2265 Civili
734 2232 984 2276 iungerentur,
1009 2229 1049 2263 in
1076 2241 1115 2263 eo
1140 2230 1270 2263 itinere
1296 2231 1424 2263 castris
1448 2230 1692 2264 Bonnensibus

185 2293 462 2339 propinquantes
495 2290 634 2326 Gallum
660 2291 798 2336 primae
830 2290 979 2336 legionis
1012 2289 1165 2334 legatum
1200 2289 1353 2334 fundunt
1378 2290 1568 2336 (19-20).
1622 2290 1695 2324 Go-

189 2353 342 2387 hortium
370 2352 522 2386 adventu
544 2352 627 2385 iusti
651 2352 824 2384 exercitus
864 2351 989 2384 ductor
1015 2350 1138 2384 Civilis
1177 2360 1257 2383 suos
1281 2350 1321 2383 in
1346 2349 1456 2383 cerba
1488 2350 1696 2395 Vespasiani

190 2413 313 2459 adigit,
336 2424 418 2446 mox
446 2412 578 2447 bostem
604 2411 726 2458 palam
750 2400 863 2445 induit
888 2416 922 2445 et
952 2412 1077 2446 Vetera
1103 2421 1307 2456 expugnare
1333 2415 1483 2444 conatur
1501 2410 1691 2458 (21-23).

191 2473 341 2511 Flaccus
370 2475 507 2520 cognito
533 2478 730 2507 castrorum
753 2472 884 2506 obsidio
908 2471 1075 2506 Voculam
1101 2482 1178 2505 cum
1205 2469 1344 2505 vexillis
1367 2470 1543 2516 legionum
1558 2470 1692 2504 auxilio

190 2537 305 2578 mittit,
328 2536 402 2581 ipse
426 2535 512 2568 navi
533 2539 669 2568 secutus
685 2533 845 2567 Bonnam
869 2534 974 2576 venit,
1001 2532 1084 2566 inde
1111 2533 1150 2566 in
1171 2531 1348 2566 coloniam
1368 2524 1691 2577 Agrippinensium.

193 2596 291 2630 Odiis
313 2594 460 2628 militum
488 2595 604 2639 impar
627 2592 737 2627 Dillio
762 2593 915 2626 Voculae
935 2593 1096 2639 permisit
1119 2602 1288 2626 summam
1313 2602 1445 2632 rerum,
1472 2591 1530 2624 cui
1556 2590 1694 2623 additus

193 2656 392 2691 Herennius
421 2654 554 2689 Gallus.
606 2653 676 2687 Sed
702 2653 806 2687 duces
831 2654 999 2687 seditione
1024 2652 1171 2686 militum
1196 2652 1297 2685 carie
1320 2651 1479 2696 impediti
1503 2650 1692 2697 (24-27).

195 2715 340 2750 Interea
365 2713 511 2749 Civilem
533 2713 709 2746 immensis
747 2713 906 2746 auctibus
935 2714 1103 2746 universa
1136 2712 1332 2746 Germania
1362 2709 1517 2751 extollit,
1556 2709 1694 2755 iamque

193 2775 330 2810 vastari
362 2772 464 2808 Ubios
492 2773 730 2817 Trevirosque,
755 2778 788 2807 et
814 2772 891 2806 alia
914 2783 1023 2806 manu
1048 2771 1187 2806 Mosam
1214 2771 1364 2804 transiri
1388 2769 1501 2812 iubet,
1526 2770 1695 2805 obsidium

195 2835 371 2881 legionum
405 2833 582 2869 Veteribus
604 2843 642 2866 se
667 2833 925 2877 defensantium
948 2837 1049 2877 urget
1075 2831 1266 2883 (23'3⁰)·.
1316 2829 1416 2864 Haec
1440 2835 1523 2865 ante
1545 2830 1694 2864 Cremo-

195 2906 303 2930 nense
322 2894 498 2941 proelium
523 2894 560 2927 in
589 2892 783 2927 Germania
806 2899 918 2939 gesta,
946 2892 1043 2926 cuius
1069 2896 1228 2926 eventum
1252 2890 1392 2925 litterae
1416 2889 1566 2925 Antonii
1585 2889 1695 2924 Primi

198 2956 359 2992 docuere.
412 2952 535 2988 Civilis
560 2957 680 2999 aperte
710 2952 903 2988 desciscere
929 2962 953 2986 a
972 2951 1143 2987 Romanis
1166 2961 1271 2986 ausus
1289 2949 1469 2997 Alpinium
1486 2948 1694 2985 nomam
