<?xml version="1.0" encoding="UTF-8"?>
<!DOCTYPE html PUBLIC "-//W3C//DTD XHTML 1.0 Transitional//EN"
    "http://www.w3.org/TR/xhtml1/DTD/xhtml1-transitional.dtd">
<html xmlns="http://www.w3.org/1999/xhtml" xml:lang="en" lang="en">
 <head>
  <title>
</title>
<meta http-equiv="Content-Type" content="text/html;charset=utf-8" />
  <meta name='ocr-system' content='tesseract 3.04.00' />
  <meta name='ocr-capabilities' content='ocr_page ocr_carea ocr_par ocr_line ocrx_word'/>
</head>
<body>
  <div class='ocr_page' id='page_1' title='image "./operaadcodicesan03taciuoft/operaadcodicesan03taciuoft_0298.png"; bbox 0 0 1768 3216; ppageno 0'>
   <div class='ocr_carea' id='block_1_1' title="bbox 179 217 1671 293">
    <p class='ocr_par' dir='ltr' id='par_1_1' title="bbox 179 217 1671 293">
     <span class='ocr_line' id='line_1_1' title="bbox 179 217 1671 293; baseline 0.005 -46"><span class='ocrx_word' id='word_1_1' title='bbox 179 228 253 263; x_wconf 67' lang='lat'>233</span> <span class='ocrx_word' id='word_1_2' title='bbox 646 240 651 249; x_wconf 72' lang='lat'>„</span> <span class='ocrx_word' id='word_1_3' title='bbox 670 268 680 277; x_wconf 39' lang='lat' dir='ltr'>J</span> <span class='ocrx_word' id='word_1_4' title='bbox 755 218 840 287; x_wconf 20' lang='lat' dir='ltr'>buis</span> <span class='ocrx_word' id='word_1_5' title='bbox 847 217 1084 293; x_wconf 60' lang='lat' dir='ltr'>rpnmuvn</span> <span class='ocrx_word' id='word_1_6' title='bbox 1464 231 1496 255; x_wconf 73' lang='lat' dir='ltr'>a.</span> <span class='ocrx_word' id='word_1_7' title='bbox 1522 229 1561 255; x_wconf 76' lang='grc' dir='ltr'>ιι.</span> <span class='ocrx_word' id='word_1_8' title='bbox 1586 218 1671 257; x_wconf 79' lang='lat'>822.</span> 
     </span>
    </p>
   </div>
   <div class='ocr_carea' id='block_1_2' title="bbox 0 287 1675 395">
    <p class='ocr_par' dir='ltr' id='par_1_2' title="bbox 0 287 1675 395">
     <span class='ocr_line' id='line_1_2' title="bbox 0 287 1675 395; baseline -0.004 -11"><span class='ocrx_word' id='word_1_9' title='bbox 0 330 4 334; x_wconf 47' lang='grc'><strong><em>’</em></strong></span> <span class='ocrx_word' id='word_1_10' title='bbox 44 287 138 344; x_wconf 31' lang='lat' dir='ltr'>ml}</span> <span class='ocrx_word' id='word_1_11' title='bbox 180 339 325 395; x_wconf 91' lang='lat' dir='ltr'>quibus</span> <span class='ocrx_word' id='word_1_12' title='bbox 356 327 614 391; x_wconf 77' lang='lat' dir='ltr'>adpetentior</span> <span class='ocrx_word' id='word_1_13' title='bbox 645 334 779 376; x_wconf 84' lang='lat' dir='ltr'>famae</span> <span class='ocrx_word' id='word_1_14' title='bbox 807 334 1036 388; x_wconf 88' lang='lat' dir='ltr'>videretur,</span> <span class='ocrx_word' id='word_1_15' title='bbox 1070 334 1234 388; x_wconf 90' lang='lat' dir='ltr'>quando</span> <span class='ocrx_word' id='word_1_16' title='bbox 1268 335 1391 378; x_wconf 88' lang='lat' dir='ltr'>etiam</span> <span class='ocrx_word' id='word_1_17' title='bbox 1419 336 1675 393; x_wconf 67' lang='lat' dir='ltr'><strong>sapientibus</strong></span> 
     </span>
    </p>
   </div>
   <div class='ocr_carea' id='block_1_3' title="bbox 110 388 1711 1812">
    <p class='ocr_par' dir='ltr' id='par_1_3' title="bbox 140 388 1698 988">
     <span class='ocr_line' id='line_1_3' title="bbox 179 388 1674 473; baseline -0.001 -17"><span class='ocrx_word' id='word_1_18' title='bbox 179 414 325 468; x_wconf 89' lang='lat' dir='ltr'>cupido</span> <span class='ocrx_word' id='word_1_19' title='bbox 366 411 526 466; x_wconf 89' lang='lat' dir='ltr'>gloriae</span> <span class='ocrx_word' id='word_1_20' title='bbox 574 409 1018 473; x_wconf 41' lang='lat' dir='ltr'>novissirna„e&gt;gtgnur.</span> <span class='ocrx_word' id='word_1_21' title='bbox 1078 388 1674 454; x_wconf 59' lang='lat' dir='ltr'>RuinTs‘offium</span> 
     </span>
     <span class='ocr_line' id='line_1_4' title="bbox 173 471 1677 541; baseline 0 -13"><span class='ocrx_word' id='word_1_22' title='bbox 173 488 333 541; x_wconf 80' lang='lat' dir='ltr'>pulsuS,</span> <span class='ocrx_word' id='word_1_23' title='bbox 378 488 421 525; x_wconf 89' lang='lat' dir='ltr'>ut</span> <span class='ocrx_word' id='word_1_24' title='bbox 453 483 608 525; x_wconf 81' lang='lat' dir='ltr'><strong>Galbae</strong></span> <span class='ocrx_word' id='word_1_25' title='bbox 637 484 872 538; x_wconf 91' lang='lat' dir='ltr'>principatu</span> <span class='ocrx_word' id='word_1_26' title='bbox 901 471 1048 537; x_wconf 75' lang='lat' dir='ltr'>rediit,</span> <span class='ocrx_word' id='word_1_27' title='bbox 1082 484 1329 526; x_wconf 67' lang='lat' dir='ltr'>Marcellum⁴</span> <span class='ocrx_word' id='word_1_28' title='bbox 1353 484 1523 539; x_wconf 88' lang='lat' dir='ltr'><strong>Eprium</strong></span> <span class='ocrx_word' id='word_1_29' title='bbox 1554 485 1677 539; x_wconf 67' lang='lat' dir='ltr'>dela-</span> 
     </span>
     <span class='ocr_line' id='line_1_5' title="bbox 173 558 1675 614; baseline 0.001 -12"><span class='ocrx_word' id='word_1_30' title='bbox 173 565 302 602; x_wconf 89' lang='lat' dir='ltr'>torem</span> <span class='ocrx_word' id='word_1_31' title='bbox 343 558 554 600; x_wconf 75' lang='lat' dir='ltr'>Thraseae</span> <span class='ocrx_word' id='word_1_32' title='bbox 605 571 808 600; x_wconf 89' lang='lat' dir='ltr'>accusare</span> <span class='ocrx_word' id='word_1_33' title='bbox 851 559 1109 614; x_wconf 84' lang='lat' dir='ltr'>adgreditur.</span> <span class='ocrx_word' id='word_1_34' title='bbox 1179 559 1239 601; x_wconf 91' lang='lat' dir='ltr'>Ea</span> <span class='ocrx_word' id='word_1_35' title='bbox 1287 559 1421 613; x_wconf 88' lang='lat' dir='ltr'>ultio,</span> <span class='ocrx_word' id='word_1_36' title='bbox 1470 559 1675 603; x_wconf 88' lang='lat' dir='ltr'>incertum</span> 
     </span>
     <span class='ocr_line' id='line_1_6' title="bbox 140 632 1698 684; baseline 0.001 -9"><span class='ocrx_word' id='word_1_37' title='bbox 140 632 302 675; x_wconf 70' lang='lat' dir='ltr'>sinaior</span> <span class='ocrx_word' id='word_1_38' title='bbox 333 645 385 674; x_wconf 88' lang='lat' dir='ltr'>an</span> <span class='ocrx_word' id='word_1_39' title='bbox 421 632 582 684; x_wconf 89' lang='lat' dir='ltr'>iustior,</span> <span class='ocrx_word' id='word_1_40' title='bbox 615 637 804 674; x_wconf 87' lang='lat' dir='ltr'>senatum</span> <span class='ocrx_word' id='word_1_41' title='bbox 838 632 880 674; x_wconf 91' lang='lat' dir='ltr'>in</span> <span class='ocrx_word' id='word_1_42' title='bbox 906 632 1043 674; x_wconf 89' lang='lat' dir='ltr'>studia</span> <span class='ocrx_word' id='word_1_43' title='bbox 1075 633 1315 676; x_wconf 82' lang='lat' dir='ltr'>diduxerat:</span> <span class='ocrx_word' id='word_1_44' title='bbox 1345 645 1441 676; x_wconf 89' lang='lat' dir='ltr'>nam</span> <span class='ocrx_word' id='word_1_45' title='bbox 1471 634 1509 677; x_wconf 86' lang='lat' dir='ltr'>si</span> <span class='ocrx_word' id='word_1_46' title='bbox 1540 634 1698 682; x_wconf 54' lang='lat' dir='ltr'>statie·-⁴</span> 
     </span>
     <span class='ocr_line' id='line_1_7' title="bbox 167 705 1674 761; baseline 0.002 -13"><span class='ocrx_word' id='word_1_47' title='bbox 167 711 231 749; x_wconf 86' lang='lat' dir='ltr'>ret</span> <span class='ocrx_word' id='word_1_48' title='bbox 259 706 496 759; x_wconf 83' lang='lat' dir='ltr'>Marcellus,</span> <span class='ocrx_word' id='word_1_49' title='bbox 528 718 680 761; x_wconf 83' lang='lat' dir='ltr'>agmen</span> <span class='ocrx_word' id='word_1_50' title='bbox 712 719 882 749; x_wconf 91' lang='lat' dir='ltr'>reorum</span> <span class='ocrx_word' id='word_1_51' title='bbox 912 708 1188 750; x_wconf 82' lang='lat' dir='ltr'>sternebatur.</span> <span class='ocrx_word' id='word_1_52' title='bbox 1235 705 1372 751; x_wconf 89' lang='lat' dir='ltr'>Primo</span> <span class='ocrx_word' id='word_1_53' title='bbox 1403 709 1544 761; x_wconf 82' lang='lat' dir='ltr'>minax</span> <span class='ocrx_word' id='word_1_54' title='bbox 1571 721 1674 751; x_wconf 78' lang='lat' dir='ltr'>cer-</span> 
     </span>
     <span class='ocr_line' id='line_1_8' title="bbox 168 781 1672 836; baseline 0.003 -14"><span class='ocrx_word' id='word_1_55' title='bbox 168 785 318 834; x_wconf 89' lang='lat' dir='ltr'>tamen,</span> <span class='ocrx_word' id='word_1_56' title='bbox 351 785 391 823; x_wconf 87' lang='lat' dir='ltr'>et</span> <span class='ocrx_word' id='word_1_57' title='bbox 422 781 608 835; x_wconf 82' lang='lat' dir='ltr'>egregiis</span> <span class='ocrx_word' id='word_1_58' title='bbox 637 782 854 836; x_wconf 89' lang='lat' dir='ltr'>utriusque</span> <span class='ocrx_word' id='word_1_59' title='bbox 884 783 1144 824; x_wconf 90' lang='lat' dir='ltr'>orationibus</span> <span class='ocrx_word' id='word_1_60' title='bbox 1177 787 1382 826; x_wconf 89' lang='lat' dir='ltr'>testatum.</span> <span class='ocrx_word' id='word_1_61' title='bbox 1424 783 1523 827; x_wconf 86' lang='lat' dir='ltr'>Mox</span> <span class='ocrx_word' id='word_1_62' title='bbox 1546 783 1672 826; x_wconf 82' lang='lat' dir='ltr'>dubia</span> 
     </span>
     <span class='ocr_line' id='line_1_9' title="bbox 166 848 1674 932; baseline 0.003 -36"><span class='ocrx_word' id='word_1_63' title='bbox 166 855 376 897; x_wconf 91' lang='lat' dir='ltr'>voluntate</span> <span class='ocrx_word' id='word_1_64' title='bbox 421 855 602 909; x_wconf 84' lang='lat' dir='ltr'>Galbae,</span> <span class='ocrx_word' id='word_1_65' title='bbox 657 856 794 898; x_wconf 90' lang='lat' dir='ltr'>multis</span> <span class='ocrx_word' id='word_1_66' title='bbox 847 848 1480 932; x_wconf 57' lang='lat' dir='ltr'>senatorufflueprecantibus,</span> <span class='ocrx_word' id='word_1_67' title='bbox 1532 858 1674 901; x_wconf 87' lang='lat' dir='ltr'>omisit</span> 
     </span>
     <span class='ocr_line' id='line_1_10' title="bbox 166 901 1673 988; baseline 0.003 -16"><span class='ocrx_word' id='word_1_68' title='bbox 166 931 344 982; x_wconf 86' lang='lat' dir='ltr'>Priscus,</span> <span class='ocrx_word' id='word_1_69' title='bbox 377 931 519 983; x_wconf 89' lang='lat' dir='ltr'>variis,</span> <span class='ocrx_word' id='word_1_70' title='bbox 552 935 597 972; x_wconf 88' lang='lat' dir='ltr'>ut</span> <span class='ocrx_word' id='word_1_71' title='bbox 626 936 721 973; x_wconf 91' lang='lat' dir='ltr'>sunt</span> <span class='ocrx_word' id='word_1_72' title='bbox 752 931 964 974; x_wconf 89' lang='lat' dir='ltr'>hominum</span> <span class='ocrx_word' id='word_1_73' title='bbox 996 901 1489 988; x_wconf 51' lang='lat' dir='ltr'>ingenlaf&#39;se&#39;ffiiio‘iffims</span> <span class='ocrx_word' id='word_1_74' title='bbox 1521 933 1673 976; x_wconf 89' lang='lat' dir='ltr'>mode-</span> 
     </span>
    </p>

    <p class='ocr_par' dir='ltr' id='par_1_4' title="bbox 117 1005 1404 1063">
     <span class='ocr_line' id='line_1_11' title="bbox 117 1005 1404 1063; baseline 0.005 -19"><span class='ocrx_word' id='word_1_75' title='bbox 117 1006 368 1048; x_wconf 66' lang='lat' dir='ltr'>rorationem</span> <span class='ocrx_word' id='word_1_76' title='bbox 399 1005 653 1047; x_wconf 86' lang='lat' dir='ltr'>laudantium</span> <span class='ocrx_word' id='word_1_77' title='bbox 684 1011 753 1048; x_wconf 91' lang='lat' dir='ltr'>aut</span> <span class='ocrx_word' id='word_1_78' title='bbox 784 1009 1061 1050; x_wconf 83' lang='lat' dir='ltr'>constantiam</span> <span class='ocrx_word' id='word_1_79' title='bbox 1091 1009 1404 1063; x_wconf 89' lang='lat' dir='ltr'>requirentium.</span> 
     </span>
    </p>

    <p class='ocr_par' dir='ltr' id='par_1_5' title="bbox 166 1081 1671 1362">
     <span class='ocr_line' id='line_1_12' title="bbox 303 1081 1671 1138; baseline 0.003 -17"><span class='ocrx_word' id='word_1_80' title='bbox 303 1081 494 1122; x_wconf 88' lang='lat' dir='ltr'>Ceterum</span> <span class='ocrx_word' id='word_1_81' title='bbox 544 1093 594 1122; x_wconf 92' lang='lat' dir='ltr'>eo</span> <span class='ocrx_word' id='word_1_82' title='bbox 643 1086 813 1124; x_wconf 86' lang='lat' dir='ltr'>senatus</span> <span class='ocrx_word' id='word_1_83' title='bbox 859 1083 927 1124; x_wconf 91' lang='lat' dir='ltr'>die</span> <span class='ocrx_word' id='word_1_84' title='bbox 973 1095 1054 1137; x_wconf 87' lang='lat' dir='ltr'>quo</span> <span class='ocrx_word' id='word_1_85' title='bbox 1103 1083 1155 1126; x_wconf 89' lang='lat' dir='ltr'>de</span> <span class='ocrx_word' id='word_1_86' title='bbox 1196 1084 1372 1138; x_wconf 89' lang='lat' dir='ltr'>imperio</span> <span class='ocrx_word' id='word_1_87' title='bbox 1423 1083 1671 1138; x_wconf 85' lang='lat' dir='ltr'>Vespasiani</span> 
     </span>
     <span class='ocr_line' id='line_1_13' title="bbox 169 1154 1670 1213; baseline 0.003 -17"><span class='ocrx_word' id='word_1_88' title='bbox 169 1156 418 1207; x_wconf 86' lang='lat' dir='ltr'>censebant,</span> <span class='ocrx_word' id='word_1_89' title='bbox 459 1154 674 1209; x_wconf 85' lang='lat' dir='ltr'>placuerat</span> <span class='ocrx_word' id='word_1_90' title='bbox 703 1156 807 1198; x_wconf 90' lang='lat' dir='ltr'>mitti</span> <span class='ocrx_word' id='word_1_91' title='bbox 838 1157 889 1198; x_wconf 89' lang='lat' dir='ltr'>ad</span> <span class='ocrx_word' id='word_1_92' title='bbox 919 1157 1150 1211; x_wconf 88' lang='lat' dir='ltr'>principem</span> <span class='ocrx_word' id='word_1_93' title='bbox 1182 1157 1362 1213; x_wconf 88' lang='lat' dir='ltr'>legatos.</span> <span class='ocrx_word' id='word_1_94' title='bbox 1422 1156 1528 1199; x_wconf 85' lang='lat' dir='ltr'>Hinc</span> <span class='ocrx_word' id='word_1_95' title='bbox 1559 1157 1670 1200; x_wconf 86' lang='lat' dir='ltr'>inter</span> 
     </span>
     <span class='ocr_line' id='line_1_14' title="bbox 166 1229 1670 1288; baseline 0.003 -18"><span class='ocrx_word' id='word_1_96' title='bbox 166 1229 398 1272; x_wconf 89' lang='lat' dir='ltr'>Helvidium</span> <span class='ocrx_word' id='word_1_97' title='bbox 429 1234 469 1270; x_wconf 88' lang='lat' dir='ltr'>et</span> <span class='ocrx_word' id='word_1_98' title='bbox 498 1230 667 1284; x_wconf 87' lang='lat' dir='ltr'>Eprium</span> <span class='ocrx_word' id='word_1_99' title='bbox 698 1243 798 1272; x_wconf 88' lang='lat' dir='ltr'>acre</span> <span class='ocrx_word' id='word_1_100' title='bbox 844 1231 1036 1286; x_wconf 88' lang='lat' dir='ltr'>iurgium.</span> <span class='ocrx_word' id='word_1_101' title='bbox 1099 1232 1265 1274; x_wconf 90' lang='lat' dir='ltr'>Priscus</span> <span class='ocrx_word' id='word_1_102' title='bbox 1297 1232 1397 1288; x_wconf 87' lang='lat' dir='ltr'>eligi</span> <span class='ocrx_word' id='word_1_103' title='bbox 1426 1232 1670 1275; x_wconf 83' lang='lat' dir='ltr'>nominatim</span> 
     </span>
     <span class='ocr_line' id='line_1_15' title="bbox 166 1306 1671 1362; baseline 0.002 -16"><span class='ocrx_word' id='word_1_104' title='bbox 166 1318 189 1346; x_wconf 90' lang='lat' dir='ltr'>a</span> <span class='ocrx_word' id='word_1_105' title='bbox 235 1306 544 1360; x_wconf 87' lang='lat' dir='ltr'>magistratibus</span> <span class='ocrx_word' id='word_1_106' title='bbox 588 1306 758 1359; x_wconf 89' lang='lat' dir='ltr'>iuratis,</span> <span class='ocrx_word' id='word_1_107' title='bbox 799 1306 1022 1349; x_wconf 84' lang='lat' dir='ltr'>Marcellus</span> <span class='ocrx_word' id='word_1_108' title='bbox 1059 1319 1206 1350; x_wconf 87' lang='lat' dir='ltr'>urnam</span> <span class='ocrx_word' id='word_1_109' title='bbox 1253 1306 1489 1361; x_wconf 84' lang='lat' dir='ltr'>postulabat</span> <span class='ocrx_word' id='word_1_110' title='bbox 1503 1320 1515 1359; x_wconf 81' lang='lat'><em>3</em></span> <span class='ocrx_word' id='word_1_111' title='bbox 1564 1318 1671 1362; x_wconf 85' lang='lat' dir='ltr'>quae</span> 
     </span>
    </p>

    <p class='ocr_par' dir='ltr' id='par_1_6' title="bbox 116 1381 1711 1736">
     <span class='ocr_line' id='line_1_16' title="bbox 116 1381 1711 1436; baseline 0.004 -16"><span class='ocrx_word' id='word_1_112' title='bbox 116 1381 349 1422; x_wconf 70' lang='lat' dir='ltr'>asconsulis</span> <span class='ocrx_word' id='word_1_113' title='bbox 399 1381 607 1436; x_wconf 86' lang='lat' dir='ltr'>designati</span> <span class='ocrx_word' id='word_1_114' title='bbox 658 1382 866 1423; x_wconf 88' lang='lat' dir='ltr'>sententia</span> <span class='ocrx_word' id='word_1_115' title='bbox 906 1382 1055 1424; x_wconf 88' lang='lat' dir='ltr'>fuerat.</span> <span class='ocrx_word' id='word_1_116' title='bbox 1129 1383 1211 1425; x_wconf 92' lang='lat' dir='ltr'>Sed</span> <span class='ocrx_word' id='word_1_117' title='bbox 1251 1382 1442 1433; x_wconf 75' lang='lat' dir='ltr'>Marcelli</span> <span class='ocrx_word' id='word_1_118' title='bbox 1488 1382 1711 1427; x_wconf 66' lang='lat' dir='ltr'>studium?</span> 
     </span>
     <span class='ocr_line' id='line_1_17' title="bbox 165 1455 1671 1511; baseline 0.001 -15"><span class='ocrx_word' id='word_1_119' title='bbox 165 1455 356 1509; x_wconf 89' lang='lat' dir='ltr'>proprius</span> <span class='ocrx_word' id='word_1_120' title='bbox 384 1456 513 1496; x_wconf 90' lang='lat' dir='ltr'>rubor</span> <span class='ocrx_word' id='word_1_121' title='bbox 545 1456 781 1509; x_wconf 86' lang='lat' dir='ltr'>excitabat,</span> <span class='ocrx_word' id='word_1_122' title='bbox 826 1469 879 1498; x_wconf 88' lang='lat' dir='ltr'>ne</span> <span class='ocrx_word' id='word_1_123' title='bbox 911 1456 1003 1498; x_wconf 89' lang='lat' dir='ltr'>aliis</span> <span class='ocrx_word' id='word_1_124' title='bbox 1035 1456 1182 1498; x_wconf 87' lang='lat' dir='ltr'>electis</span> <span class='ocrx_word' id='word_1_125' title='bbox 1210 1457 1471 1511; x_wconf 89' lang='lat' dir='ltr'>posthabitus</span> <span class='ocrx_word' id='word_1_126' title='bbox 1513 1456 1671 1498; x_wconf 86' lang='lat' dir='ltr'>crede-</span> 
     </span>
     <span class='ocr_line' id='line_1_18' title="bbox 168 1530 1670 1585; baseline 0.001 -15"><span class='ocrx_word' id='word_1_127' title='bbox 168 1533 293 1571; x_wconf 88' lang='lat' dir='ltr'>retur.</span> <span class='ocrx_word' id='word_1_128' title='bbox 354 1530 643 1584; x_wconf 84' lang='lat' dir='ltr'>Paulatimque</span> <span class='ocrx_word' id='word_1_129' title='bbox 667 1544 743 1585; x_wconf 90' lang='lat' dir='ltr'>per</span> <span class='ocrx_word' id='word_1_130' title='bbox 770 1531 1086 1574; x_wconf 87' lang='lat' dir='ltr'>altercationem</span> <span class='ocrx_word' id='word_1_131' title='bbox 1117 1531 1169 1573; x_wconf 89' lang='lat' dir='ltr'>ad</span> <span class='ocrx_word' id='word_1_132' title='bbox 1212 1531 1432 1574; x_wconf 88' lang='lat' dir='ltr'>continuas</span> <span class='ocrx_word' id='word_1_133' title='bbox 1475 1535 1517 1573; x_wconf 91' lang='lat' dir='ltr'>et</span> <span class='ocrx_word' id='word_1_134' title='bbox 1555 1531 1670 1573; x_wconf 85' lang='lat' dir='ltr'>infe-</span> 
     </span>
     <span class='ocr_line' id='line_1_19' title="bbox 168 1587 1670 1660; baseline 0.002 -15"><span class='ocrx_word' id='word_1_135' title='bbox 168 1607 253 1646; x_wconf 88' lang='lat' dir='ltr'>stas</span> <span class='ocrx_word' id='word_1_136' title='bbox 295 1587 509 1647; x_wconf 87' lang='lat' dir='ltr'>orationes</span> <span class='ocrx_word' id='word_1_137' title='bbox 557 1606 748 1659; x_wconf 88' lang='lat' dir='ltr'>provecti</span> <span class='ocrx_word' id='word_1_138' title='bbox 788 1611 914 1659; x_wconf 88' lang='lat' dir='ltr'>sunt,</span> <span class='ocrx_word' id='word_1_139' title='bbox 954 1610 1185 1660; x_wconf 87' lang='lat' dir='ltr'>quaerente</span> <span class='ocrx_word' id='word_1_140' title='bbox 1228 1605 1423 1648; x_wconf 87' lang='lat' dir='ltr'>Helvidio</span> <span class='ocrx_word' id='word_1_141' title='bbox 1469 1606 1566 1660; x_wconf 90' lang='lat' dir='ltr'>quid</span> <span class='ocrx_word' id='word_1_142' title='bbox 1615 1606 1670 1648; x_wconf 84' lang='lat' dir='ltr'>ita</span> 
     </span>
     <span class='ocr_line' id='line_1_20' title="bbox 161 1678 1671 1736; baseline 0.003 -17"><span class='ocrx_word' id='word_1_143' title='bbox 161 1678 383 1721; x_wconf 89' lang='lat' dir='ltr'>Marcellus</span> <span class='ocrx_word' id='word_1_144' title='bbox 414 1680 612 1722; x_wconf 87' lang='lat' dir='ltr'>iudicium</span> <span class='ocrx_word' id='word_1_145' title='bbox 646 1681 961 1735; x_wconf 86' lang='lat' dir='ltr'>magistratuum</span> <span class='ocrx_word' id='word_1_146' title='bbox 992 1685 1271 1735; x_wconf 88' lang='lat' dir='ltr'>pavesceret:</span> <span class='ocrx_word' id='word_1_147' title='bbox 1321 1693 1417 1724; x_wconf 89' lang='lat' dir='ltr'>esse</span> <span class='ocrx_word' id='word_1_148' title='bbox 1448 1681 1507 1724; x_wconf 90' lang='lat' dir='ltr'>illi</span> <span class='ocrx_word' id='word_1_149' title='bbox 1536 1693 1671 1736; x_wconf 86' lang='lat' dir='ltr'>pecu—</span> 
     </span>
    </p>

    <p class='ocr_par' dir='ltr' id='par_1_7' title="bbox 110 1752 1671 1812">
     <span class='ocr_line' id='line_1_21' title="bbox 110 1752 1671 1812; baseline 0.002 -19"><span class='ocrx_word' id='word_1_150' title='bbox 110 1752 272 1795; x_wconf 70' lang='lat' dir='ltr'>nortiam</span> <span class='ocrx_word' id='word_1_151' title='bbox 302 1757 342 1794; x_wconf 91' lang='lat' dir='ltr'>et</span> <span class='ocrx_word' id='word_1_152' title='bbox 372 1753 668 1808; x_wconf 87' lang='lat' dir='ltr'>eloquentiam,</span> <span class='ocrx_word' id='word_1_153' title='bbox 703 1755 795 1809; x_wconf 91' lang='lat' dir='ltr'>quis</span> <span class='ocrx_word' id='word_1_154' title='bbox 826 1755 977 1797; x_wconf 89' lang='lat' dir='ltr'>multos</span> <span class='ocrx_word' id='word_1_155' title='bbox 1009 1756 1203 1809; x_wconf 86' lang='lat' dir='ltr'>anteiret,</span> <span class='ocrx_word' id='word_1_156' title='bbox 1235 1756 1278 1797; x_wconf 91' lang='lat' dir='ltr'>ni</span> <span class='ocrx_word' id='word_1_157' title='bbox 1307 1756 1511 1799; x_wconf 87' lang='lat' dir='ltr'>memoria</span> <span class='ocrx_word' id='word_1_158' title='bbox 1542 1755 1671 1812; x_wconf 87' lang='lat' dir='ltr'>flagi-</span> 
     </span>
    </p>
   </div>
   <div class='ocr_carea' id='block_1_4' title="bbox 163 1913 761 2052">
    <p class='ocr_par' dir='ltr' id='par_1_8' title="bbox 163 1913 761 2052">
     <span class='ocr_line' id='line_1_22' title="bbox 300 1913 761 1961; baseline 0.007 -15"><span class='ocrx_word' id='word_1_159' title='bbox 300 1914 331 1946; x_wconf 88' lang='lat'>1.</span> <span class='ocrx_word' id='word_1_160' title='bbox 378 1913 457 1959; x_wconf 82' lang='lat' dir='ltr'>adp.</span> <span class='ocrx_word' id='word_1_161' title='bbox 495 1913 570 1948; x_wconf 74' lang='lat' dir='ltr'>Ma:</span> <span class='ocrx_word' id='word_1_162' title='bbox 606 1926 686 1961; x_wconf 84' lang='lat' dir='ltr'>app.</span> <span class='ocrx_word' id='word_1_163' title='bbox 723 1915 761 1949; x_wconf 88' lang='lat' dir='ltr'>G.</span> 
     </span>
     <span class='ocr_line' id='line_1_23' title="bbox 165 1960 725 1998; baseline 0.005 -4"><span class='ocrx_word' id='word_1_164' title='bbox 165 1960 221 1994; x_wconf 83' lang='lat'>14.</span> <span class='ocrx_word' id='word_1_165' title='bbox 252 1971 406 1995; x_wconf 82' lang='lat' dir='ltr'>nurnam</span> <span class='ocrx_word' id='word_1_166' title='bbox 432 1962 504 1996; x_wconf 67' lang='lat' dir='ltr'>Ma:</span> <span class='ocrx_word' id='word_1_167' title='bbox 533 1963 559 1997; x_wconf 92' lang='lat' dir='ltr'>G</span> <span class='ocrx_word' id='word_1_168' title='bbox 585 1975 725 1998; x_wconf 81' lang='lat' dir='ltr'>urnam.</span> 
     </span>
     <span class='ocr_line' id='line_1_24' title="bbox 163 2007 352 2052; baseline 0.005 -11"><span class='ocrx_word' id='word_1_169' title='bbox 163 2017 260 2052; x_wconf 82' lang='lat' dir='ltr'>quer.</span> <span class='ocrx_word' id='word_1_170' title='bbox 287 2007 352 2042; x_wconf 69' lang='lat' dir='ltr'>Ma.</span> 
     </span>
    </p>
   </div>
   <div class='ocr_carea' id='block_1_5' title="bbox 811 1914 1666 2001">
    <p class='ocr_par' dir='ltr' id='par_1_9' title="bbox 811 1914 1666 2001">
     <span class='ocr_line' id='line_1_25' title="bbox 861 1914 1666 1963; baseline 0.002 -14"><span class='ocrx_word' id='word_1_171' title='bbox 861 1915 895 1950; x_wconf 90' lang='grc'>8.</span> <span class='ocrx_word' id='word_1_172' title='bbox 935 1915 1165 1961; x_wconf 63' lang='grc' dir='ltr'><em>ἀεῇσαηιίωη</em></span> <span class='ocrx_word' id='word_1_173' title='bbox 1199 1914 1273 1950; x_wconf 65' lang='lat' dir='ltr'>Ma:</span> <span class='ocrx_word' id='word_1_174' title='bbox 1318 1916 1346 1951; x_wconf 91' lang='lat' dir='ltr'>G</span> <span class='ocrx_word' id='word_1_175' title='bbox 1386 1915 1666 1963; x_wconf 72' lang='lat' dir='ltr'>deprecantibus.</span> 
     </span>
     <span class='ocr_line' id='line_1_26' title="bbox 811 1963 1666 2001; baseline 0.004 -4"><span class='ocrx_word' id='word_1_176' title='bbox 811 1963 866 1998; x_wconf 85' lang='lat'>16.</span> <span class='ocrx_word' id='word_1_177' title='bbox 896 1964 1125 1998; x_wconf 81' lang='lat' dir='ltr'>crederentur</span> <span class='ocrx_word' id='word_1_178' title='bbox 1150 1963 1228 1998; x_wconf 65' lang='lat' dir='ltr'>Ma:</span> <span class='ocrx_word' id='word_1_179' title='bbox 1256 1964 1283 1998; x_wconf 89' lang='lat' dir='ltr'>G</span> <span class='ocrx_word' id='word_1_180' title='bbox 1312 1966 1528 2001; x_wconf 75' lang='lat' dir='ltr'>crederetur.</span> <span class='ocrx_word' id='word_1_181' title='bbox 1609 1964 1666 2000; x_wconf 88' lang='lat'>18.</span> 
     </span>
    </p>
   </div>
   <div class='ocr_carea' id='block_1_6' title="bbox 159 2158 1670 2443">
    <p class='ocr_par' dir='ltr' id='par_1_10' title="bbox 159 2158 1670 2443">
     <span class='ocr_line' id='line_1_27' title="bbox 957 2158 1669 2204; baseline 0.003 -12"><span class='ocrx_word' id='word_1_182' title='bbox 957 2158 1209 2204; x_wconf 77' lang='lat' dir='ltr'>Vespasianum</span> <span class='ocrx_word' id='word_1_183' title='bbox 1249 2158 1300 2192; x_wconf 74' lang='lat' dir='ltr'>ita</span> <span class='ocrx_word' id='word_1_184' title='bbox 1342 2158 1455 2192; x_wconf 80' lang='lat' dir='ltr'>studio</span> <span class='ocrx_word' id='word_1_185' title='bbox 1495 2158 1669 2194; x_wconf 74' lang='lat' dir='ltr'>libertatis</span> 
     </span>
     <span class='ocr_line' id='line_1_28' title="bbox 949 2207 1668 2253; baseline 0.004 -14"><span class='ocrx_word' id='word_1_186' title='bbox 949 2207 1092 2253; x_wconf 80' lang='lat' dir='ltr'>offendit</span> <span class='ocrx_word' id='word_1_187' title='bbox 1111 2213 1147 2240; x_wconf 81' lang='lat' dir='ltr'>ut</span> <span class='ocrx_word' id='word_1_188' title='bbox 1169 2213 1322 2252; x_wconf 81' lang='lat' dir='ltr'>putaret,</span> <span class='ocrx_word' id='word_1_189' title='bbox 1335 2207 1373 2241; x_wconf 79' lang='lat' dir='ltr'>id</span> <span class='ocrx_word' id='word_1_190' title='bbox 1393 2213 1535 2253; x_wconf 84' lang='lat' dir='ltr'>optante</span> <span class='ocrx_word' id='word_1_191' title='bbox 1553 2219 1668 2242; x_wconf 79' lang='lat' dir='ltr'>avun—</span> 
     </span>
     <span class='ocr_line' id='line_1_29' title="bbox 949 2255 1670 2301; baseline 0.006 -13"><span class='ocrx_word' id='word_1_192' title='bbox 949 2255 1025 2289; x_wconf 82' lang='lat' dir='ltr'>culo</span> <span class='ocrx_word' id='word_1_193' title='bbox 1060 2255 1227 2298; x_wconf 78' lang='lat' dir='ltr'>Claudio,</span> <span class='ocrx_word' id='word_1_194' title='bbox 1269 2257 1458 2301; x_wconf 79' lang='lat' dir='ltr'>pristinum</span> <span class='ocrx_word' id='word_1_195' title='bbox 1498 2256 1670 2292; x_wconf 69' lang='lat' dir='ltr'>libertatis</span> 
     </span>
     <span class='ocr_line' id='line_1_30' title="bbox 947 2305 1670 2350; baseline 0.003 -13"><span class='ocrx_word' id='word_1_196' title='bbox 947 2309 1073 2337; x_wconf 80' lang='lat' dir='ltr'>statum</span> <span class='ocrx_word' id='word_1_197' title='bbox 1095 2315 1196 2350; x_wconf 85' lang='lat' dir='ltr'>posse</span> <span class='ocrx_word' id='word_1_198' title='bbox 1223 2305 1410 2338; x_wconf 81' lang='lat' dir='ltr'>revocari.-</span> <span class='ocrx_word' id='word_1_199' title='bbox 1438 2315 1503 2350; x_wconf 78' lang='lat' dir='ltr'>quo</span> <span class='ocrx_word' id='word_1_200' title='bbox 1528 2306 1670 2340; x_wconf 77' lang='lat' dir='ltr'>nomine</span> 
     </span>
     <span class='ocr_line' id='line_1_31' title="bbox 947 2353 1667 2399; baseline 0.004 -14"><span class='ocrx_word' id='word_1_201' title='bbox 947 2364 1027 2386; x_wconf 82' lang='lat' dir='ltr'>reus</span> <span class='ocrx_word' id='word_1_202' title='bbox 1043 2379 1052 2395; x_wconf 94' lang='lat'>,</span> <span class='ocrx_word' id='word_1_203' title='bbox 1097 2363 1142 2386; x_wconf 92' lang='lat' dir='ltr'>ac</span> <span class='ocrx_word' id='word_1_204' title='bbox 1182 2359 1327 2399; x_wconf 85' lang='lat' dir='ltr'>praeter</span> <span class='ocrx_word' id='word_1_205' title='bbox 1357 2364 1451 2399; x_wconf 80' lang='lat' dir='ltr'>spem</span> <span class='ocrx_word' id='word_1_206' title='bbox 1490 2353 1667 2389; x_wconf 75' lang='lat' dir='ltr'>absolutus</span> 
     </span>
     <span class='ocr_line' id='line_1_32' title="bbox 159 2397 1007 2443; baseline 0.007 -15"><span class='ocrx_word' id='word_1_207' title='bbox 159 2397 256 2429; x_wconf 86' lang='lat' dir='ltr'>tiano</span> <span class='ocrx_word' id='word_1_208' title='bbox 283 2398 455 2440; x_wconf 90' lang='lat' dir='ltr'>occisus),</span> <span class='ocrx_word' id='word_1_209' title='bbox 468 2398 742 2433; x_wconf 86' lang='lat' dir='ltr'>ArrianusDiss.</span> <span class='ocrx_word' id='word_1_210' title='bbox 759 2399 876 2443; x_wconf 86' lang='lat' dir='ltr'>Epict.</span> <span class='ocrx_word' id='word_1_211' title='bbox 948 2407 1007 2435; x_wconf 83' lang='lat' dir='ltr'>est.</span> 
     </span>
    </p>
   </div>
   <div class='ocr_carea' id='block_1_7' title="bbox 159 2153 879 2392">
    <p class='ocr_par' dir='ltr' id='par_1_11' title="bbox 159 2153 879 2392">
     <span class='ocr_line' id='line_1_33' title="bbox 164 2153 879 2200; baseline 0.004 -13"><span class='ocrx_word' id='word_1_212' title='bbox 164 2158 199 2187; x_wconf 82' lang='lat' dir='ltr'>et</span> <span class='ocrx_word' id='word_1_213' title='bbox 227 2153 394 2188; x_wconf 89' lang='lat' dir='ltr'>Helvidio</span> <span class='ocrx_word' id='word_1_214' title='bbox 421 2155 543 2200; x_wconf 89' lang='lat' dir='ltr'>iniqua</span> <span class='ocrx_word' id='word_1_215' title='bbox 570 2155 764 2190; x_wconf 86' lang='lat' dir='ltr'>hauserunt</span> <span class='ocrx_word' id='word_1_216' title='bbox 787 2157 879 2191; x_wconf 91' lang='lat' dir='ltr'>Sue-</span> 
     </span>
     <span class='ocr_line' id='line_1_34' title="bbox 162 2203 879 2239; baseline 0.006 -5"><span class='ocrx_word' id='word_1_217' title='bbox 162 2203 283 2237; x_wconf 87' lang='lat' dir='ltr'>tonius</span> <span class='ocrx_word' id='word_1_218' title='bbox 312 2208 347 2236; x_wconf 87' lang='lat' dir='ltr'>et</span> <span class='ocrx_word' id='word_1_219' title='bbox 372 2203 440 2237; x_wconf 92' lang='lat' dir='ltr'>Dio</span> <span class='ocrx_word' id='word_1_220' title='bbox 479 2206 514 2238; x_wconf 91' lang='lat' dir='ltr'>in</span> <span class='ocrx_word' id='word_1_221' title='bbox 552 2204 641 2238; x_wconf 91' lang='lat' dir='ltr'>locis</span> <span class='ocrx_word' id='word_1_222' title='bbox 674 2210 756 2239; x_wconf 86' lang='lat' dir='ltr'>ante</span> <span class='ocrx_word' id='word_1_223' title='bbox 782 2205 879 2239; x_wconf 88' lang='lat' dir='ltr'>indi-</span> 
     </span>
     <span class='ocr_line' id='line_1_35' title="bbox 162 2251 878 2288; baseline 0.003 -4"><span class='ocrx_word' id='word_1_224' title='bbox 162 2251 262 2285; x_wconf 88' lang='lat' dir='ltr'>catis.</span> <span class='ocrx_word' id='word_1_225' title='bbox 315 2251 473 2286; x_wconf 86' lang='lat' dir='ltr'>Tacitino</span> <span class='ocrx_word' id='word_1_226' title='bbox 506 2263 606 2286; x_wconf 88' lang='lat' dir='ltr'>more</span> <span class='ocrx_word' id='word_1_227' title='bbox 640 2253 684 2287; x_wconf 86' lang='lat' dir='ltr'>de</span> <span class='ocrx_word' id='word_1_228' title='bbox 714 2253 878 2288; x_wconf 86' lang='lat' dir='ltr'>Helvidio</span> 
     </span>
     <span class='ocr_line' id='line_1_36' title="bbox 159 2298 878 2347; baseline 0.006 -15"><span class='ocrx_word' id='word_1_229' title='bbox 159 2298 297 2333; x_wconf 90' lang='lat' dir='ltr'>Plinius</span> <span class='ocrx_word' id='word_1_230' title='bbox 322 2299 435 2344; x_wconf 83' lang='lat' dir='ltr'>Epist.</span> <span class='ocrx_word' id='word_1_231' title='bbox 468 2299 529 2334; x_wconf 89' lang='lat' dir='ltr'>Vll</span> <span class='ocrx_word' id='word_1_232' title='bbox 558 2301 601 2336; x_wconf 88' lang='lat'>19</span> <span class='ocrx_word' id='word_1_233' title='bbox 629 2305 753 2347; x_wconf 89' lang='lat' dir='ltr'>(quem</span> <span class='ocrx_word' id='word_1_234' title='bbox 783 2302 878 2336; x_wconf 89' lang='lat' dir='ltr'>idem</span> 
     </span>
     <span class='ocr_line' id='line_1_37' title="bbox 159 2347 877 2392; baseline 0.003 -11"><span class='ocrx_word' id='word_1_235' title='bbox 159 2347 208 2381; x_wconf 88' lang='lat' dir='ltr'>IX</span> <span class='ocrx_word' id='word_1_236' title='bbox 237 2349 280 2383; x_wconf 89' lang='grc'>13</span> <span class='ocrx_word' id='word_1_237' title='bbox 308 2348 467 2383; x_wconf 84' lang='lat' dir='ltr'>celebrat</span> <span class='ocrx_word' id='word_1_238' title='bbox 493 2349 584 2383; x_wconf 84' lang='lat' dir='ltr'>alius</span> <span class='ocrx_word' id='word_1_239' title='bbox 613 2355 678 2392; x_wconf 87' lang='lat' dir='ltr'>est,</span> <span class='ocrx_word' id='word_1_240' title='bbox 706 2361 725 2384; x_wconf 83' lang='lat' dir='ltr'>a</span> <span class='ocrx_word' id='word_1_241' title='bbox 751 2351 877 2384; x_wconf 87' lang='lat' dir='ltr'>Domi-</span> 
     </span>
    </p>
   </div>
   <div class='ocr_carea' id='block_1_8' title="bbox 156 2444 878 3029">
    <p class='ocr_par' dir='ltr' id='par_1_12' title="bbox 156 2444 878 3029">
     <span class='ocr_line' id='line_1_38' title="bbox 159 2444 875 2486; baseline 0.004 -9"><span class='ocrx_word' id='word_1_242' title='bbox 159 2445 172 2477; x_wconf 90' lang='lat' dir='ltr'>l</span> <span class='ocrx_word' id='word_1_243' title='bbox 199 2446 233 2486; x_wconf 86' lang='lat'>2,</span> <span class='ocrx_word' id='word_1_244' title='bbox 262 2444 306 2477; x_wconf 90' lang='lat' dir='ltr'>lV</span> <span class='ocrx_word' id='word_1_245' title='bbox 339 2448 368 2479; x_wconf 93' lang='lat'>1.</span> <span class='ocrx_word' id='word_1_246' title='bbox 408 2446 528 2481; x_wconf 89' lang='lat' dir='ltr'>Schol.</span> <span class='ocrx_word' id='word_1_247' title='bbox 561 2448 721 2481; x_wconf 82' lang='lat' dir='ltr'>luvenal.</span> <span class='ocrx_word' id='word_1_248' title='bbox 753 2448 779 2480; x_wconf 96' lang='lat' dir='ltr'>V</span> <span class='ocrx_word' id='word_1_249' title='bbox 806 2448 875 2483; x_wconf 88' lang='lat'>36:</span> 
     </span>
     <span class='ocr_line' id='line_1_39' title="bbox 160 2491 877 2540; baseline 0.008 -16"><span class='ocrx_word' id='word_1_250' title='bbox 160 2491 339 2526; x_wconf 78' lang='lat' dir='ltr'>Helvidius</span> <span class='ocrx_word' id='word_1_251' title='bbox 366 2494 523 2538; x_wconf 79' lang='lat' dir='ltr'>Priscus,</span> <span class='ocrx_word' id='word_1_252' title='bbox 561 2502 637 2540; x_wconf 87' lang='lat' dir='ltr'>post</span> <span class='ocrx_word' id='word_1_253' title='bbox 675 2496 877 2530; x_wconf 80' lang='lat' dir='ltr'>damnatio-</span> 
     </span>
     <span class='ocr_line' id='line_1_40' title="bbox 158 2543 874 2587; baseline 0.006 -14"><span class='ocrx_word' id='word_1_254' title='bbox 158 2551 238 2574; x_wconf 84' lang='lat' dir='ltr'>nem</span> <span class='ocrx_word' id='word_1_255' title='bbox 262 2543 377 2575; x_wconf 76' lang='lat' dir='ltr'>soceri</span> <span class='ocrx_word' id='word_1_256' title='bbox 401 2543 500 2577; x_wconf 83' lang='lat' dir='ltr'>Paeti</span> <span class='ocrx_word' id='word_1_257' title='bbox 531 2543 724 2587; x_wconf 83' lang='lat' dir='ltr'>Thraseae,</span> <span class='ocrx_word' id='word_1_258' title='bbox 763 2545 874 2578; x_wconf 80' lang='lat' dir='ltr'>inler-</span> 
     </span>
     <span class='ocr_line' id='line_1_41' title="bbox 160 2589 876 2637; baseline 0.006 -15"><span class='ocrx_word' id='word_1_259' title='bbox 160 2589 255 2623; x_wconf 72' lang='lat' dir='ltr'>dicta</span> <span class='ocrx_word' id='word_1_260' title='bbox 276 2590 343 2624; x_wconf 74' lang='lat' dir='ltr'>sibi</span> <span class='ocrx_word' id='word_1_261' title='bbox 373 2590 501 2634; x_wconf 79' lang='lat' dir='ltr'>ltalia,</span> <span class='ocrx_word' id='word_1_262' title='bbox 536 2591 762 2637; x_wconf 82' lang='lat' dir='ltr'>Apolloniam</span> <span class='ocrx_word' id='word_1_263' title='bbox 789 2604 876 2626; x_wconf 92' lang='lat' dir='ltr'>con-</span> 
     </span>
     <span class='ocr_line' id='line_1_42' title="bbox 160 2638 876 2685; baseline 0.006 -14"><span class='ocrx_word' id='word_1_264' title='bbox 160 2638 272 2672; x_wconf 80' lang='lat' dir='ltr'>cessit.</span> <span class='ocrx_word' id='word_1_265' title='bbox 313 2639 383 2672; x_wconf 79' lang='lat' dir='ltr'>Sed</span> <span class='ocrx_word' id='word_1_266' title='bbox 406 2646 483 2685; x_wconf 87' lang='lat' dir='ltr'>post</span> <span class='ocrx_word' id='word_1_267' title='bbox 509 2641 731 2684; x_wconf 80' lang='lat' dir='ltr'>interfectum</span> <span class='ocrx_word' id='word_1_268' title='bbox 758 2641 876 2675; x_wconf 84' lang='lat' dir='ltr'>Nero-</span> 
     </span>
     <span class='ocr_line' id='line_1_43' title="bbox 159 2688 878 2723; baseline 0.003 -3"><span class='ocrx_word' id='word_1_269' title='bbox 159 2697 238 2720; x_wconf 86' lang='lat' dir='ltr'>nem</span> <span class='ocrx_word' id='word_1_270' title='bbox 262 2688 439 2722; x_wconf 82' lang='lat' dir='ltr'>restitutus</span> <span class='ocrx_word' id='word_1_271' title='bbox 476 2699 500 2721; x_wconf 90' lang='lat' dir='ltr'>a</span> <span class='ocrx_word' id='word_1_272' title='bbox 527 2688 640 2722; x_wconf 88' lang='lat' dir='ltr'>Galba</span> <span class='ocrx_word' id='word_1_273' title='bbox 665 2701 737 2722; x_wconf 89' lang='lat' dir='ltr'>non</span> <span class='ocrx_word' id='word_1_274' title='bbox 773 2689 878 2723; x_wconf 82' lang='lat' dir='ltr'>aliter</span> 
     </span>
     <span class='ocr_line' id='line_1_44' title="bbox 160 2735 876 2783; baseline 0.006 -15"><span class='ocrx_word' id='word_1_275' title='bbox 160 2746 262 2779; x_wconf 85' lang='lat' dir='ltr'>quam</span> <span class='ocrx_word' id='word_1_276' title='bbox 286 2735 395 2769; x_wconf 77' lang='lat' dir='ltr'>libero</span> <span class='ocrx_word' id='word_1_277' title='bbox 421 2738 573 2771; x_wconf 81' lang='lat' dir='ltr'>civitatis</span> <span class='ocrx_word' id='word_1_278' title='bbox 595 2744 688 2772; x_wconf 82' lang='lat' dir='ltr'>statu</span> <span class='ocrx_word' id='word_1_279' title='bbox 710 2739 788 2783; x_wconf 74' lang='lat' dir='ltr'>eqit.</span> <span class='ocrx_word' id='word_1_280' title='bbox 809 2738 876 2771; x_wconf 78' lang='lat' dir='ltr'>Hic</span> 
     </span>
     <span class='ocr_line' id='line_1_45' title="bbox 159 2784 874 2830; baseline 0.006 -14"><span class='ocrx_word' id='word_1_281' title='bbox 159 2789 229 2817; x_wconf 84' lang='lat' dir='ltr'>tam</span> <span class='ocrx_word' id='word_1_282' title='bbox 265 2784 457 2819; x_wconf 78' lang='lat' dir='ltr'>industrius</span> <span class='ocrx_word' id='word_1_283' title='bbox 492 2786 585 2830; x_wconf 80' lang='lat' dir='ltr'>fuit,</span> <span class='ocrx_word' id='word_1_284' title='bbox 628 2792 665 2820; x_wconf 84' lang='lat' dir='ltr'>ut</span> <span class='ocrx_word' id='word_1_285' title='bbox 698 2798 774 2820; x_wconf 88' lang='lat' dir='ltr'>cum</span> <span class='ocrx_word' id='word_1_286' title='bbox 814 2786 874 2820; x_wconf 81' lang='lat' dir='ltr'>sub</span> 
     </span>
     <span class='ocr_line' id='line_1_46' title="bbox 158 2832 874 2879; baseline 0.006 -14"><span class='ocrx_word' id='word_1_287' title='bbox 158 2832 298 2866; x_wconf 86' lang='lat' dir='ltr'>Nerone</span> <span class='ocrx_word' id='word_1_288' title='bbox 324 2833 500 2868; x_wconf 78' lang='lat' dir='ltr'>Achaiam</span> <span class='ocrx_word' id='word_1_289' title='bbox 525 2841 688 2879; x_wconf 83' lang='lat' dir='ltr'>quaestor</span> <span class='ocrx_word' id='word_1_290' title='bbox 705 2836 874 2869; x_wconf 50' lang='lat' dir='ltr'>*admini-</span> 
     </span>
     <span class='ocr_line' id='line_1_47' title="bbox 157 2883 874 2929; baseline 0.006 -16"><span class='ocrx_word' id='word_1_291' title='bbox 157 2886 320 2923; x_wconf 84' lang='lat' dir='ltr'>strasset,</span> <span class='ocrx_word' id='word_1_292' title='bbox 371 2883 528 2917; x_wconf 76' lang='lat' dir='ltr'>civitates</span> <span class='ocrx_word' id='word_1_293' title='bbox 571 2884 743 2928; x_wconf 82' lang='lat' dir='ltr'>quaedam</span> <span class='ocrx_word' id='word_1_294' title='bbox 789 2895 874 2929; x_wconf 80' lang='lat' dir='ltr'>quas</span> 
     </span>
     <span class='ocr_line' id='line_1_48' title="bbox 156 2929 874 2982; baseline 0.013 -22"><span class='ocrx_word' id='word_1_295' title='bbox 156 2940 228 2962; x_wconf 87' lang='lat' dir='ltr'>non</span> <span class='ocrx_word' id='word_1_296' title='bbox 253 2929 392 2964; x_wconf 82' lang='lat' dir='ltr'>adierat</span> <span class='ocrx_word' id='word_1_297' title='bbox 416 2931 655 2967; x_wconf 82' lang='lat' dir='ltr'>inclamarent</span> <span class='ocrx_word' id='word_1_298' title='bbox 692 2934 735 2968; x_wconf 84' lang='grc' dir='ltr'>αἱ</span> <span class='ocrx_word' id='word_1_299' title='bbox 762 2932 874 2982; x_wconf 79' lang='grc' dir='ltr'>ἡμεῖν</span> 
     </span>
     <span class='ocr_line' id='line_1_49' title="bbox 159 2975 872 3029; baseline 0.008 -19"><span class='ocrx_word' id='word_1_300' title='bbox 159 2975 203 3022; x_wconf 82' lang='lat' dir='ltr'>(l.</span> <span class='ocrx_word' id='word_1_301' title='bbox 231 2980 295 3013; x_wconf 76' lang='grc' dir='ltr'>καὶ</span> <span class='ocrx_word' id='word_1_302' title='bbox 321 2977 431 3027; x_wconf 76' lang='grc' dir='ltr'>ἡμῖν)</span> <span class='ocrx_word' id='word_1_303' title='bbox 458 2983 622 3029; x_wconf 81' lang='grc' dir='ltr'><em>πρέπον.</em></span> <span class='ocrx_word' id='word_1_304' title='bbox 659 2982 727 3017; x_wconf 80' lang='lat' dir='ltr'>Hic</span> <span class='ocrx_word' id='word_1_305' title='bbox 747 2987 872 3029; x_wconf 82' lang='lat' dir='ltr'>postea</span> 
     </span>
    </p>
   </div>
   <div class='ocr_carea' id='block_1_9' title="bbox 941 2449 1666 3029">
    <p class='ocr_par' dir='ltr' id='par_1_13' title="bbox 945 2449 1666 2787">
     <span class='ocr_line' id='line_1_50' title="bbox 1024 2449 1665 2494; baseline 0.006 -12"><span class='ocrx_word' id='word_1_306' title='bbox 1024 2449 1161 2494; x_wconf 83' lang='lat' dir='ltr'>quando</span> <span class='ocrx_word' id='word_1_307' title='bbox 1198 2470 1244 2476; x_wconf 89' lang='lat'>—</span> <span class='ocrx_word' id='word_1_308' title='bbox 1276 2452 1442 2484; x_wconf 73' lang='lat' dir='ltr'>eaeuicur:</span> <span class='ocrx_word' id='word_1_309' title='bbox 1484 2453 1665 2486; x_wconf 80' lang='lat' dir='ltr'>sententia</span> 
     </span>
     <span class='ocr_line' id='line_1_51' title="bbox 946 2497 1664 2542; baseline 0.003 -13"><span class='ocrx_word' id='word_1_310' title='bbox 946 2498 1142 2542; x_wconf 88' lang='lat' dir='ltr'>antiquitus</span> <span class='ocrx_word' id='word_1_311' title='bbox 1180 2497 1363 2532; x_wconf 88' lang='lat' dir='ltr'>celebrata</span> <span class='ocrx_word' id='word_1_312' title='bbox 1396 2503 1432 2532; x_wconf 86' lang='lat' dir='ltr'>et</span> <span class='ocrx_word' id='word_1_313' title='bbox 1462 2509 1483 2533; x_wconf 82' lang='lat' dir='ltr'>a</span> <span class='ocrx_word' id='word_1_314' title='bbox 1506 2498 1664 2534; x_wconf 78' lang='lat' dir='ltr'>moseo..</span> 
     </span>
     <span class='ocr_line' id='line_1_52' title="bbox 946 2545 1662 2591; baseline 0.006 -13"><span class='ocrx_word' id='word_1_315' title='bbox 946 2545 1022 2579; x_wconf 86' lang='lat' dir='ltr'>ride</span> <span class='ocrx_word' id='word_1_316' title='bbox 1047 2545 1089 2579; x_wconf 86' lang='lat' dir='ltr'>ad</span> <span class='ocrx_word' id='word_1_317' title='bbox 1106 2545 1290 2580; x_wconf 86' lang='lat' dir='ltr'>Platonem</span> <span class='ocrx_word' id='word_1_318' title='bbox 1317 2546 1430 2581; x_wconf 85' lang='lat' dir='ltr'>relata</span> <span class='ocrx_word' id='word_1_319' title='bbox 1456 2557 1513 2591; x_wconf 80' lang='lat' dir='ltr'>ap.</span> <span class='ocrx_word' id='word_1_320' title='bbox 1529 2548 1662 2582; x_wconf 81' lang='lat' dir='ltr'>Athen.</span> 
     </span>
     <span class='ocr_line' id='line_1_53' title="bbox 946 2592 1666 2643; baseline 0.014 -17"><span class='ocrx_word' id='word_1_321' title='bbox 946 2593 992 2627; x_wconf 90' lang='lat' dir='ltr'>Xl</span> <span class='ocrx_word' id='word_1_322' title='bbox 1026 2604 1061 2638; x_wconf 89' lang='lat' dir='ltr'>p.</span> <span class='ocrx_word' id='word_1_323' title='bbox 1090 2594 1159 2629; x_wconf 82' lang='lat'>507</span> <span class='ocrx_word' id='word_1_324' title='bbox 1180 2593 1230 2627; x_wconf 88' lang='lat' dir='ltr'>D:</span> <span class='ocrx_word' id='word_1_325' title='bbox 1282 2596 1446 2643; x_wconf 76' lang='grc' dir='ltr'><em>ἔσχατον</em></span> <span class='ocrx_word' id='word_1_326' title='bbox 1490 2592 1557 2633; x_wconf 80' lang='grc' dir='ltr'>τὸν</span> <span class='ocrx_word' id='word_1_327' title='bbox 1599 2600 1666 2640; x_wconf 76' lang='grc' dir='ltr'>τῆς</span> 
     </span>
     <span class='ocr_line' id='line_1_54' title="bbox 946 2641 1666 2693; baseline 0.007 -17"><span class='ocrx_word' id='word_1_328' title='bbox 946 2641 1056 2686; x_wconf 74' lang='grc' dir='ltr'><strong><em>δόξης</em></strong></span> <span class='ocrx_word' id='word_1_329' title='bbox 1082 2646 1231 2689; x_wconf 80' lang='grc' dir='ltr'><em>χιτῶνα</em></span> <span class='ocrx_word' id='word_1_330' title='bbox 1255 2644 1298 2680; x_wconf 76' lang='grc' dir='ltr'>ἐν</span> <span class='ocrx_word' id='word_1_331' title='bbox 1329 2645 1381 2692; x_wconf 77' lang='grc' dir='ltr'>τῷ</span> <span class='ocrx_word' id='word_1_332' title='bbox 1410 2644 1571 2693; x_wconf 72' lang='grc' dir='ltr'><em>θανάτῳ</em></span> <span class='ocrx_word' id='word_1_333' title='bbox 1595 2645 1666 2681; x_wconf 67' lang='lat' dir='ltr'>au-</span> 
     </span>
     <span class='ocr_line' id='line_1_55' title="bbox 945 2691 1664 2744; baseline 0.007 -19"><span class='ocrx_word' id='word_1_334' title='bbox 945 2693 998 2738; x_wconf 78' lang='grc' dir='ltr'>τῴ</span> <span class='ocrx_word' id='word_1_335' title='bbox 1025 2691 1293 2740; x_wconf 73' lang='grc' dir='ltr'><em>ἀποδυόμεθα,</em></span> <span class='ocrx_word' id='word_1_336' title='bbox 1318 2695 1360 2729; x_wconf 72' lang='grc' dir='ltr'>ἓν</span> <span class='ocrx_word' id='word_1_337' title='bbox 1387 2693 1602 2744; x_wconf 68' lang='grc' dir='ltr'><strong><em>διαθήκαις,</em></strong></span> <span class='ocrx_word' id='word_1_338' title='bbox 1622 2695 1664 2730; x_wconf 75' lang='grc' dir='ltr'>ἐν</span> 
     </span>
     <span class='ocr_line' id='line_1_56' title="bbox 946 2739 1425 2787; baseline 0.002 -12"><span class='ocrx_word' id='word_1_339' title='bbox 946 2739 1176 2787; x_wconf 76' lang='grc' dir='ltr'><em>ἐκκομιδαῖς,</em></span> <span class='ocrx_word' id='word_1_340' title='bbox 1205 2743 1246 2776; x_wconf 76' lang='grc' dir='ltr'>ἐν</span> <span class='ocrx_word' id='word_1_341' title='bbox 1272 2742 1425 2787; x_wconf 70' lang='grc' dir='ltr'><em>τάφοις.</em></span> 
     </span>
    </p>

    <p class='ocr_par' dir='ltr' id='par_1_14' title="bbox 941 2788 1662 3029">
     <span class='ocr_line' id='line_1_57' title="bbox 1017 2788 1662 2837; baseline 0.006 -16"><span class='ocrx_word' id='word_1_342' title='bbox 1017 2788 1229 2823; x_wconf 81' lang='lat' dir='ltr'>Marcellum</span> <span class='ocrx_word' id='word_1_343' title='bbox 1254 2789 1406 2835; x_wconf 82' lang='lat' dir='ltr'>Eprium</span> <span class='ocrx_word' id='word_1_344' title='bbox 1421 2811 1466 2817; x_wconf 97' lang='lat'><strong>—</strong></span> <span class='ocrx_word' id='word_1_345' title='bbox 1493 2790 1662 2837; x_wconf 64' lang='lat' dir='ltr'>adgredi-</span> 
     </span>
     <span class='ocr_line' id='line_1_58' title="bbox 945 2838 1662 2874; baseline 0.006 -5"><span class='ocrx_word' id='word_1_346' title='bbox 945 2842 1026 2870; x_wconf 83' lang='lat' dir='ltr'>tur.-</span> <span class='ocrx_word' id='word_1_347' title='bbox 1065 2843 1211 2871; x_wconf 87' lang='lat' dir='ltr'>senatus</span> <span class='ocrx_word' id='word_1_348' title='bbox 1247 2838 1463 2872; x_wconf 85' lang='lat' dir='ltr'>consultatio</span> <span class='ocrx_word' id='word_1_349' title='bbox 1500 2844 1536 2873; x_wconf 87' lang='lat' dir='ltr'>et</span> <span class='ocrx_word' id='word_1_350' title='bbox 1569 2839 1662 2874; x_wconf 80' lang='lat' dir='ltr'>acris</span> 
     </span>
     <span class='ocr_line' id='line_1_59' title="bbox 945 2885 1660 2930; baseline 0.004 -12"><span class='ocrx_word' id='word_1_351' title='bbox 945 2885 1157 2930; x_wconf 89' lang='lat' dir='ltr'>disceptatio</span> <span class='ocrx_word' id='word_1_352' title='bbox 1173 2886 1208 2920; x_wconf 84' lang='lat' dir='ltr'>h.</span> <span class='ocrx_word' id='word_1_353' title='bbox 1237 2885 1261 2920; x_wconf 94' lang='lat' dir='ltr'>l.</span> <span class='ocrx_word' id='word_1_354' title='bbox 1281 2892 1477 2922; x_wconf 84' lang='lat' dir='ltr'>memorata</span> <span class='ocrx_word' id='word_1_355' title='bbox 1502 2888 1538 2921; x_wconf 88' lang='lat' dir='ltr'>in</span> <span class='ocrx_word' id='word_1_356' title='bbox 1554 2886 1660 2922; x_wconf 85' lang='lat' dir='ltr'>finem</span> 
     </span>
     <span class='ocr_line' id='line_1_60' title="bbox 942 2934 1660 2982; baseline 0.006 -16"><span class='ocrx_word' id='word_1_357' title='bbox 942 2934 1026 2967; x_wconf 87' lang='lat' dir='ltr'>anni</span> <span class='ocrx_word' id='word_1_358' title='bbox 1054 2940 1149 2979; x_wconf 76' lang='lat' dir='ltr'>post</span> <span class='ocrx_word' id='word_1_359' title='bbox 1188 2934 1368 2970; x_wconf 83' lang='lat' dir='ltr'>Christum</span> <span class='ocrx_word' id='word_1_360' title='bbox 1406 2935 1454 2971; x_wconf 88' lang='lat'>68</span> <span class='ocrx_word' id='word_1_361' title='bbox 1490 2935 1578 2982; x_wconf 81' lang='lat'>(821</span> <span class='ocrx_word' id='word_1_362' title='bbox 1615 2936 1660 2970; x_wconf 84' lang='lat' dir='ltr'>ab</span> 
     </span>
     <span class='ocr_line' id='line_1_61' title="bbox 941 2982 1659 3029; baseline 0.006 -14"><span class='ocrx_word' id='word_1_363' title='bbox 941 2982 1049 3029; x_wconf 86' lang='lat' dir='ltr'>urbe)</span> <span class='ocrx_word' id='word_1_364' title='bbox 1077 2983 1227 3028; x_wconf 85' lang='lat' dir='ltr'>incidit,</span> <span class='ocrx_word' id='word_1_365' title='bbox 1264 2984 1300 3019; x_wconf 93' lang='lat' dir='ltr'>h.</span> <span class='ocrx_word' id='word_1_366' title='bbox 1332 2995 1365 3019; x_wconf 91' lang='lat' dir='ltr'>e.</span> <span class='ocrx_word' id='word_1_367' title='bbox 1392 2989 1475 3019; x_wconf 84' lang='lat' dir='ltr'>ante</span> <span class='ocrx_word' id='word_1_368' title='bbox 1503 2984 1540 3019; x_wconf 87' lang='lat' dir='ltr'>id</span> <span class='ocrx_word' id='word_1_369' title='bbox 1565 2989 1659 3019; x_wconf 87' lang='lat' dir='ltr'>tem-</span> 
     </span>
    </p>
   </div>
  </div>
 </body>
</html>
