1768 3216
735 234 1050 283 ms'romAnvM
1387 231 1389 234 ’
1431 251 1464 278 a.
1492 251 1527 277 u.
1553 238 1637 278 823.

145 246 219 289 18ῦὶ

146 351 395 423 praetoriam
426 361 636 404 triremem
663 357 831 403 flumine
870 357 999 413 Lupia
1041 355 1195 419 donum
1235 354 1420 398 Veledae
1454 349 1639 400 ,traxere

149 434 318 484 Civilem
352 434 500 491 cupido
532 433 684 476 invasit
724 431 914 476 navalem
928 408 1087 481 &tem
1133 425 1384 473 ostentandi.
1448 428 1712 484 ³Gomplet23

149 512 256 569 quod
288 508 519 562 biremium,
554 520 741 564 quaeque
772 506 951 562 simplici
981 505 1131 549 ordine
1163 505 1405 561 agebantur.
1466 503 1644 546 Adiecta

149 589 296 643 ingens
323 586 504 628 lintrium
532 585 610 627 vis.
666 583 868 626 Tricenos
899 581 1276 637 quadragenosque
1306 595 1331 624 ηι
1378 593 1403 622 *
1448 593 1474 622 :ez
1506 591 1648 621 arma-

118 662 284 707 smen'ta
313 659 546 703 Liburnicis
578 658 724 701 solita:
765 661 806 700 et
840 656 962 700 simul
1004 660 1150 711 captae
1179 655 1326 697 lintres
1357 653 1515 710 sagulis
1544 665 1647 696 ver-

149 732 398 778 sicoloribus
429 732 538 776 haud
572 732 774 775 indecore
793 744 869 786 pro
888 730 994 774 velis
1015 730 1275 773 iuvabantur.
1322 728 1504 783 Spatium
1535 727 1649 770 velut

150 810 344 864 aequoris
387 808 588 860 electum,
638 818 719 862 quo
758 807 902 848 Mosae
944 804 1122 846 fluminis
1166 816 1213 846 os
1258 815 1418 845 amnem
1461 802 1649 846 Rhenum

151 885 321 927 Oceano
355 882 555 926 adfundit.
619 881 754 925 Causa
796 880 1066 922 instruendae
1107 878 1282 930 classis,
1328 889 1454 932 super
1483 877 1650 919 insitam

152 959 266 1015 genti
296 957 519 1000 vanitatem
539 990 550 1011 ,
578 961 621 999 ut
652 969 702 999 eo
731 960 896 998 terrore
927 958 1182 998 commeatus
1215 953 1346 995 Gallia
1378 952 1650 994 adventantes

104 1033 512 1088 minterciperentur.
573 1029 980 1075 Cerialis‘miraculo
1021 1030 1154 1085 magis
1195 1040 1316 1083 quam
1354 1031 1463 1069 metu
1500 1026 1653 1069 direxit

155 1109 345 1165 classem,
378 1119 549 1149 numero
581 1107 795 1161 imparem,
829 1118 908 1148 usu
937 1105 1156 1160 remigum,
1188 1103 1514 1158 gubernatorum
1546 1105 1649 1154 arte,

155 1183 319 1225 navium
363 1181 648 1237 magnitudine
693 1180 912 1235 potiorem.
993 1179 1065 1221 His
1106 1177 1259 1220 flumen
1299 1175 1550 1227 secundum3
1594 1174 1653 1218 illi

305 1370 335 1402 1.
368 1366 471 1413 Inpia
496 1366 562 1409 Ma,
582 1367 690 1413 impia
720 1366 758 1408 G,
788 1366 903 1412 Lupia
932 1364 1029 1400 Harl.
1137 1364 1259 1399 uelede
1286 1362 1351 1398 Ma.
1465 1365 1499 1398 2.
1527 1362 1656 1398 invasit

158 1416 290 1452 editor:
321 1411 373 1450 Ma
397 1416 516 1450 inuasi
541 1416 694 1458 incessit,
726 1415 753 1449 G
778 1415 931 1449 incessit.
1029 1414 1063 1449 3.
1102 1423 1231 1458 queque
1258 1412 1322 1447 Ma.
1421 1412 1455 1447 4.
1489 1411 1656 1457 lyntrium

158 1464 223 1500 Ma.
301 1465 335 1497 in
363 1464 462 1498 hiatu
480 1472 546 1498 'ser
574 1475 650 1498 cum
680 1464 741 1497 lin.
775 1474 882 1507 super
907 1474 926 1495 r
952 1461 1017 1504 Ma,
1043 1472 1114 1495 non
1141 1473 1176 1495 se
1204 1467 1247 1504 et,
1275 1466 1312 1494 ut
1338 1465 1455 1494 narrat
1475 1460 1654 1494 Pichena:

422 1514 456 1547 5.
483 1512 582 1546 solite
609 1511 674 1555 Ma,
709 1512 776 1546 soli
812 1512 861 1546 G:
909 1511 1013 1545 solita
1045 1511 1137 1544 liber
1174 1509 1386 1543 Harleianus
1426 1514 1462 1543 et
1498 1509 1649 1553 Lipsius.

159 1562 290 1607 lyntres
317 1556 381 1595 Ma.
477 1561 508 1595 7.
537 1561 681 1595 electum
708 1560 772 1604 Ma,
801 1571 871 1594 non
902 1561 1058 1593 eiectum.
1135 1559 1168 1594 9.
1198 1564 1379 1602 commeat,·
1411 1557 1466 1603 (h.
1499 1569 1531 1592 e.
1560 1568 1657 1591 com-

158 1612 307 1654 meatus)
335 1609 398 1643 Ma.
514 1608 627 1654 yallict
651 1608 716 1644 Ma.
830 1610 884 1644 10.
913 1609 1208 1655 interciperentur
1239 1606 1310 1641 Ma:
1338 1607 1589 1652 interciperent
1617 1604 1656 1639 G.

159 1659 294 1693 derexit
323 1657 398 1692 Ma:
426 1657 452 1692 G
479 1657 619 1693 direxit.
745 1659 799 1692 11.
832 1659 905 1703 inp.
934 1656 998 1691 Ma.
1107 1656 1291 1702 remigium
1319 1653 1398 1690 Ma:
1424 1654 1452 1689 G
1477 1656 1656 1702 remiqum.

159 1526 222 1548 ceu
249 1513 287 1547 G.

1020 1830 1174 1864 quaeque
1191 1818 1342 1865 simplici
1359 1809 1482 1852 ordine
1499 1818 1660 1864 uqeban-

949 1873 1028 1902 tur.-
1072 1878 1183 1902 naves
1214 1867 1368 1912 simplici
1395 1877 1573 1901 remorum
1599 1878 1660 1902 re-

235 1820 375 1865 }lumine
405 1820 539 1865 Lupia.-
576 1830 647 1854 uno
673 1831 696 1866 p
721 1819 877 1853 fluminis

165 1878 293 1902 nomen
321 1869 424 1902 effert
450 1869 481 1903 M
509 1868 522 1902 1
550 1868 614 1911 60,
650 1868 683 1902 lt
710 1870 752 1911 73
789 1879 878 1902 can-

165 1917 242 1951 dem
270 1919 480 1960 scripturam
517 1918 677 1961 quamvis
717 1918 752 1950 in
792 1927 876 1961 pra-

165 1975 246 1997 vum
274 1964 505 1998 deformatam
532 1976 626 1998 nunc
653 1965 878 1999 commendat

165 2011 231 2054 Ma,
258 2013 341 2045 item
354 2013 536 2046 Strabonis
549 2013 665 2058 (vlit
690 2014 712 2048 3
739 2014 875 2060 p.291)

167 2065 202 2094 et
226 2059 352 2093 Dionis
383 2058 477 2105 (LIV
502 2058 569 2105 33)
597 2063 788 2101 Λουπίας.

240 2107 324 2152 Gap.
353 2109 413 2144 23.
442 2108 587 2142 Civilem
604 2109 726 2154 cupido
745 2109 874 2143 invasit

168 2156 329 2190 navalem
370 2157 482 2191 aciem
525 2157 746 2191 ostentandi:
788 2157 880 2191 haec

169 2204 298 2249 cupido
334 2204 486 2240 Civilem
513 2206 664 2249 invasit,
691 2210 877 2251 postquam

167 2256 246 2298 ipse
273 2255 385 2299 captis
406 2255 562 2300 navigiis
588 2259 726 2297 auctus,
754 2254 876 2288 hostes

167 2301 314 2347 perditis
331 2302 442 2336 isdem
463 2304 635 2336 attenuati
651 2302 876 2337 videbantur.

167 2350 289 2384 Aseivi
319 2356 435 2384 auten]
464 2352 592 2385 invasit
631 2362 694 2396 pro
729 2351 877 2397 vulgato

168 2400 320 2442 incessit,
363 2400 445 2444 quia
491 2399 560 2433 hoc
597 2400 756 2433 secundo
797 2400 877 2434 loco

167 2448 320 2490 posit-mn
350 2457 390 2480 ac
416 2446 555 2492 vulgari
585 2459 650 2481 usu
677 2449 789 2494 magis
812 2450 877 2481 tri-

168 2499 241 2527 tum
269 2494 303 2527 in
330 2495 570 2539 suspicionem
600 2496 743 2541 glossae
771 2496 877 2531 cadit.

168 2538 208 2576 In
220 2542 418 2577 Mediceum
435 2545 550 2577 invasi
576 2553 639 2587 pro
662 2545 790 2578 invasit
812 2545 878 2578 de-

168 2591 269 2624 venit
279 2590 360 2625 dum
374 2591 490 2625 scriba
508 2593 543 2625 in
565 2591 878 2639 ιῖρχετῦπῳΙίῐῑθ-

168 2641 242 2672 rain
269 2638 294 2672 T
319 2640 402 2674 ame
429 2642 624 2684 proximam
657 2640 671 2674 I
705 2642 878 2687 (incessit)

169 2686 349 2735 neglexit..
398 2687 531 2723 Invasit
555 2694 672 2723 autem
702 2691 878 2735 exquisite

171 2735 306 2769 dictum
334 2736 378 2771 de
406 2736 622 2779 vehemente
649 2742 684 2771 et
710 2739 782 2772 acri
811 2739 879 2772 ho-

169 2785 274 2817 minis
300 2786 508 2829 impotentis
547 2785 726 2831 cupidine.
774 2786 878 2821 Conf.

169 2830 183 2864 1
218 2831 285 2866 61:
333 2834 456 2879 cupido
511 2835 701 2869 Caesarem
745 2835 880 2870 invadit

169 2880 324 2914 solvendi
347 2893 508 2927 suprema
532 2883 694 2919 militibus
721 2884 877 2928 ducique.

171 2926 212 2960 H.
228 2927 284 2982 ,ΙΙΙ
308 2929 375 2964 63;
404 2935 503 2965 tanta
530 2933 672 2978 torpedo
699 2933 879 2968 invaserat

172 2984 335 3010 animum.

948 1918 1154 1963 inigumque
1181 1916 1306 1950 ordine
1333 1920 1435 1950 actae
1463 1917 1661 1964 (μονήρεις

949 1965 1083 1999 Graece
1111 1965 1296 2011 dicuntur)
1338 1975 1416 2000 cum
1453 1965 1598 1998 nominc
1639 1968 1664 1999 a'

946 2014 1054 2047 remis
1084 2014 1195 2057 petito
1216 2012 1309 2057 apud
1324 2013 1469 2046 Latinos
1484 2017 1659 2057 carerent,

948 2061 1015 2094 hac
1041 2060 1190 2107 ambage
1217 2072 1301 2094 usus
1330 2065 1384 2094 est
1408 2060 1562 2096 Tacitus.

1021 2111 1172 2144 tricenos
1199 2110 1507 2155 quaquenosque
1532 2130 1578 2136 -
1600 2120 1660 2144 so-

949 2157 1040 2191 tita:
1081 2162 1162 2202 post
1190 2163 1396 2192 enumerata
1421 2159 1566 2192 navium
1593 2170 1660 2204 ge-

951 2216 1037 2240 nera
1066 2206 1205 2240 additur
1235 2207 1411 2252 quomodo
1440 2207 1528 2242 viris
1542 2217 1660 2241 arma-

950 2255 1152 2300 mentisque
1178 2257 1375 2290 instructae
1405 2256 1551 2290 fuerint.
1591 2255 1659 2290 Sed

950 2304 1076 2336 triceni
1102 2303 1395 2350 quadragenique
1412 2309 1660 2350 propugnato-

950 2362 1006 2385 res
1051 2351 1144 2385 haud
1171 2351 1279 2386 dubie
1308 2354 1343 2386 in
1385 2353 1586 2387 biremibus·
1625 2357 1662 2387 et.

950 2410 1041 2445 quac
1086 2400 1241 2445 simplici
1284 2402 1409 2436 ordine
1447 2401 1659 2447 agebantur,

949 2450 1082 2481 nonin
1112 2448 1278 2482 lintribus
1318 2450 1441 2492 fuere,
1480 2461 1571 2495 quae
1608 2453 1661 2483 tot

950 2506 1081 2540 capere
1107 2505 1176 2529 non
1205 2501 1381 2540 poterant.
1416 2498 1540 2543 Itaque
1565 2508 1660 2542 pun..

950 2549 1042 2576 ctum
1069 2546 1171 2588 posui
1198 2550 1278 2588 post
1314 2544 1471 2579 lintrium
1505 2546 1557 2579 vis
1595 2555 1659 2589 pro

950 2597 1124 2626 commate
1163 2592 1278 2626 adhuc
1321 2593 1483 2638 vulgato.
1536 2593 1661 2628 Manca

950 2651 1040 2686 quae
1067 2646 1274 2687 sequuntur,
1306 2642 1356 2675 sic
1385 2642 1461 2676 fere
1483 2642 1660 2686 expleve-

948 2690 1039 2722 rim:
1070 2691 1221 2724 tricenos
1253 2691 1566 2736 quadragenosque
1600 2702 1660 2726 ar-

949 2743 1063 2771 matos
1090 2748 1200 2773 naves
1216 2738 1325 2781 ferre,
1353 2745 1575 2774 armamenta
1594 2739 1659 2774 Li-

950 2787 1104 2821 hurnicis
1129 2787 1245 2831 solita,
1272 2791 1311 2821 ut
1326 2787 1491 2822 librarius
1508 2789 1661 2832 scriptor

951 2846 970 2869 a
996 2836 1140 2869 nominc
1171 2842 1326 2870 armatos
1364 2836 1407 2871 ad
1441 2842 1662 2871 armamenta

951 2883 1182 2918 aberraverit.
1235 2884 1386 2918 Navium
1438 2890 1659 2920 armamenta

950 2937 1030 2966 sunt
1060 2932 1143 2967 vela
1172 2937 1207 2967 et
1235 2933 1352 2967 funes.

1023 2991 1160 3016 amnem
1185 2981 1373 3018 Rhenum.-
1408 2980 1453 3018 cf.
1470 2983 1589 3016 annot.
1617 2980 1660 3017 ad
