1768 3216
126 197 216 241 2123
242 198 303 237 69.
599 195 736 232 LIBER
759 195 823 232 111.
875 194 963 231 GAP.
989 194 1147 236 69-71.
1555 195 1628 229 261

124 316 290 372 imperii
325 327 468 359 arcem
505 325 774 368 regressum3
820 312 919 354 inde
964 316 1165 354 armatum
1213 323 1366 368 agmen
1408 310 1627 363 emissum3

123 395 295 435 stratam
324 389 608 432 innocentium
639 387 840 430 caedibus
871 386 1187 429 celeberrimam
1218 387 1335 429 urbis
1356 390 1542 441 partem3
1572 399 1627 429 ne

125 465 330 520 Capitolio
373 464 541 519 quidem
585 463 800 505 abstineri.
860 462 1063 516 Togatum
1107 474 1256 516 nempe
1297 474 1345 504 se
1376 465 1417 503 et
1444 473 1627 524 ungi-ure

123 539 388 589 senatoribus
407 571 420 592 ,
471 538 569 580 dum
613 538 722 579 inter
760 537 1061 590 Vespasianum
1106 549 1155 578 ac
1202 536 1410 578 Vitellium
1454 535 1628 590 proeliis

121 615 352 670 legionum,
387 611 693 667 captivitatibus
723 611 902 663 urbium,
934 610 1218 652 deditionibus
1251 610 1484 651 cohortium
1512 609 1659 652 iudi-⁵

129 693 269 741 cutm-3
298 689 380 730 iam
399 687 610 742 Hispaniis
626 686 944 739 Germaniisque
974 689 1014 726 et
1029 685 1242 727 Britannia
1275 685 1625 738 desciscentibus,

77 774 81 776 ’
122 763 293 807 fratrem
307 761 554 816 Vespasiani
584 761 789 802 mansisse
819 760 863 801 in
896 759 993 812 fide,
1025 760 1164 801 donec
1194 759 1301 802 ultro
1330 761 1382 802 ad
1412 762 1628 804 conditio-

120 849 198 879 nes
227 840 464 878 vocaretur.
523 835 673 876 Pacem
704 839 745 875 et
780 833 1054 875 concordiam
1084 834 1207 875 victis
1231 834 1362 887 utilia,
1392 836 1627 879 victoribus

119 914 276 958 tantum
323 909 496 964 pulchra
542 921 651 950 esse.
711 908 756 951 Si
809 908 1101 950 conventionis
1139 909 1370 962 paeniteat,
1424 921 1509 951 non
1562 923 1624 963 se,

120 996 243 1051 quem
272 983 446 1038 perfidia
478 982 707 1038 deceperit,
742 981 855 1024 ferro
886 986 1073 1035 peteret,
1107 994 1194 1023 non
1221 982 1348 1024 filium
1378 983 1625 1037 Vespasiani
1640 993 1679 1021 ιο

64 1062 70 1068 ’“
120 1059 193 1101 vix
222 1058 451 1112 puberem:
484 1061 680 1111 quantum
711 1057 866 1098 occisis
900 1068 984 1098 uno
1015 1069 1121 1098 sene
1151 1061 1192 1098 et
1222 1069 1306 1098 uno
1338 1057 1490 1100 iuvene
1519 1071 1625 1112 pro-

117 1133 224 1176 fici?
256 1133 340 1175 Iret
372 1132 537 1174 obviam
569 1132 822 1187 legionibuS‚
861 1135 902 1173 et
929 1131 982 1173 de
1009 1143 1168 1173 summa
1197 1143 1336 1174 rerum
1366 1132 1451 1173 illic
1483 1137 1626 1175 certa-

116 1213 203 1251 ret:
249 1212 391 1250 cetera
419 1206 648 1248 secundum
680 1210 871 1249 eventum
902 1206 1053 1260 proelii
1086 1218 1272 1248 cessura.
1334 1207 1535 1261 Trepidus
1569 1208 1622 1249 ad

116 1283 222 1326 haec
246 1281 436 1325 Vitellius
466 1294 599 1335 pauca
628 1280 836 1336 purgandi
865 1281 931 1322 sui
962 1293 1090 1323 causa
1121 1281 1354 1335 respondit,
1387 1282 1548 1336 culpam
1580 1282 1624 1323 in

117 1357 287 1399 militem
319 1356 573 1408 conferens,
625 1357 742 1397 cuius
775 1356 904 1396 nimio
943 1355 1086 1397 ardori
1117 1356 1315 1409 imparem
1347 1369 1442 1398 esse
1472 1357 1676 1398 mode-15

116 1433 238 1477 stiam
267 1444 398 1475 suam.
460 1432 511 1473 Et
540 1431 699 1472 monuit
736 1431 968 1473 Martialem
1017 1435 1061 1471 ut
1101 1443 1177 1484 per
1214 1436 1421 1474 secretam
1459 1433 1624 1474 aedium

115 1511 274 1567 partem
303 1506 466 1548 occulte
496 1506 646 1557 abiret,
678 1518 731 1547 ne
761 1518 785 1547 a
815 1505 1012 1546 militibus
1043 1506 1322 1547 internuntius
1354 1507 1515 1548 invisae
1547 1520 1626 1560 pa-

121 1581 182 1623 cis
212 1581 529 1622 interficeretur.
591 1580 683 1634 lpse
714 1592 851 1633 neque
883 1580 1053 1621 iubendi
1084 1592 1220 1633 neque
1262 1581 1432 1622 vetandi
1460 1585 1623 1634 potens,

48 1657 102 1698 ⁷1
119 1668 204 1698 non
255 1656 337 1697 iam
380 1656 607 1709 imperator
647 1655 723 1696 sed
763 1659 920 1695 tantum
966 1655 1065 1696 belli
1110 1667 1237 1696 causa
1279 1659 1380 1696 erat.
1444 1655 1623 1696 Vixdum

116 1742 315 1785 regresso
356 1730 399 1771 in
431 1729 676 1783 Capitolium
714 1729 902 1771 Martiale
950 1729 1093 1770 furens
1134 1729 1253 1771 miles
1295 1729 1466 1781 aderat,
1511 1715 1624 1770 nullo
1639 1743 1678 1771 πυ

122 1804 244 1857 duce,
276 1804 358 1846 sibi
389 1803 564 1858 quisque
592 1808 752 1846 auctor.
815 1804 905 1846 Cito
937 1804 1105 1859 agmine
1135 1804 1272 1846 forum
1304 1809 1345 1845 et
1370 1804 1627 1846 imminentia

255 1925 291 1959 2.
317 1923 392 1958 ced.
419 1923 486 1958 Ma.
580 1925 620 1958 ⁷5.
655 1923 886 1969 captivitabus
911 1922 987 1958 Ma:
1015 1923 1044 1958 G
1067 1923 1342 1970 captiuitatilms.
1416 1923 1452 1958 6.
1480 1935 1624 1969 germa—

116 1973 238 2043 m’gque
261 1971 391 2029 naz-G
414 1972 608 2018 germaniis
633 1983 708 2016 que.
810 1973 903 2042 grint.
933 1970 998 2006 Ma.
1085 1973 1118 2006 7.
1139 1972 1283 2028 ροιιάἰσ.
1313 1971 1373 2006 Or.
1445 1973 1493 2041 a9.
1521 1984 1623 2029 seque

116 2020 810 2115 ffrdbgepffioffinus.134333-m
835 2048 905 2104 '17.
933 2021 1198 2104 a211232e52⁸1⁸0²2⁸⁸2⁸2
1212 2019 1483 2104 αῇῗοζηειιςῑὲἷιωῖ
1512 2032 1623 2104 mn&

116 2118 263 2153 innuendi
286 2117 351 2152 Μ’.
425 2119 485 2154 21.
511 2118 598 2152 inm.
626 2117 691 2152 Μ’.

117 2227 210 2262 falso
247 2228 391 2273 degredi
428 2228 692 2262 commendavit
717 2227 835 2262 Erne-
906 2227 1094 2262 admodum
1128 2239 1146 2262 e
1170 2228 1391 2262 senatoribus
1424 2233 1479 2262 est
1513 2239 1622 2262 sena-

116 2277 230 2310 stius:
255 2287 335 2310 nam
362 2275 502 2322 digredi
530 2281 566 2310 et
594 2277 767 2310 festinare
792 2276 836 2310 ad
905 2282 972 2311 tor.
1024 2275 1140 2310 Simili
1177 2277 1213 2310 vi
1249 2287 1330 2309 mox
1365 2287 1435 2310 uno
1475 2288 1557 2310 sene
1590 2283 1622 2311 et

118 2325 317 2358 exercitum
342 2323 551 2358 Flavianum
578 2325 730 2358 Sabinus
766 2334 835 2368 po-
904 2336 974 2359 uno
1000 2325 1124 2358 iuvene
1153 2325 1286 2359 dictum
1315 2329 1380 2358 est.
1482 2325 1622 2359 iudica-

118 2377 222 2414 terat,
249 2372 392 2418 deyredi
403 2377 523 2406 autem
540 2377 576 2406 et
587 2374 717 2406 morari
740 2373 836 2407 circa
905 2380 986 2408 eur.-
1013 2374 1141 2407 vitavit
1167 2373 1317 2408 verbum
1339 2374 1454 2419 magis
1474 2373 1620 2408 solitum

119 2420 336 2465 Capitolium
361 2422 440 2455 sine
478 2430 572 2455 noxa
606 2431 678 2454 non
704 2422 832 2466 potuit.
905 2422 1131 2456 diiudicatur.
1184 2421 1337 2457 Perinde
1361 2422 1402 2456 Η.
1428 2422 1476 2457 IV
1507 2422 1561 2458 14.

118 2468 174 2503 Cf.
207 2480 237 2503 c.
266 2469 313 2504 '78
331 2480 342 2502 t
379 2469 553 2514 digressus
588 2469 732 2504 Narnia
766 2470 834 2504 Ve-

116 2518 278 2563 ,pas-'ann‘
302 2519 486 2552 exercitus.

167 2564 253 2610 Cap.
272 2566 329 2602 70.
385 2565 641 2600 simulationem
656 2578 805 2612 prorsus
819 2579 830 2600 .·

118 2623 239 2647 senem
253 2613 442 2658 loquacem
470 2619 505 2648 et
519 2625 636 2648 rerum
655 2621 835 2649 momenta

118 2661 238 2695 verbis
279 2666 454 2695 terentem
490 2663 603 2696 multa
641 2673 721 2696 cum
758 2669 834 2698 arte

119 2708 260 2744 Tacitus
286 2711 411 2754 pinxit.
468 2709 571 2744 Conf.
602 2711 672 2745 75:
699 2723 833 2745 sermo-

977 2494 1157 2539 Hispcmiis
1184 2494 1448 2537 Gemaniisque
1480 2500 1512 2528 et
1539 2495 1622 2528 Bri-

903 2543 1052 2576 tannia:
1078 2544 1260 2587 componit
1284 2548 1396 2576 terras
1411 2543 1622 2588 longissime

903 2593 1001 2625 sitas.
1062 2591 1234 2636 Hispania
1280 2596 1387 2636 atque
1433 2590 1621 2624 Germania

903 2640 1007 2681 binis*
1044 2641 1240 2684 provinciis
1281 2640 1459 2673 discretae
1494 2644 1619 2680 erant,

904 2688 998 2722 unde
1033 2699 1201 2722 numerus
1233 2687 1492 2721 multitudinis:
1534 2687 1620 2720 Bri-

118 2758 174 2792 „ss
200 2758 327 2792 nimius
354 2763 432 2791 em,
458 2768 535 2803 sqq·
904 2738 1030 2770 tannia
1042 2742 1173 2778 autem,
1204 2737 1288 2781 quia
1305 2735 1366 2768 nni
1390 2734 1512 2780 legato
1530 2745 1620 2769 con-

201 2817 308 2839 mmm
334 2817 351 2839 e
377 2806 623 2840 senatoribus:
661 2813 832 2842 converoe
904 2785 1013 2819 sulari
1039 2785 1214 2829 parebat,
1252 2782 1445 2829 singularis
1482 2786 1618 2818 numeri

119 2854 177 2887 ein
210 2855 364 2899 einziqer
400 2855 565 2888 Senator.
638 2855 757 2890 Aliud.
781 2862 835 2891 est
905 2834 1018 2867 forma
1044 2834 1202 2897 effertur‘

119 2902 214 2947 quod
241 2903 347 2947 paulo
374 2908 457 2938 ante
492 2903 626 2949 legitur
662 2915 680 2936 e
705 2905 834 2950 primi-
974 2914 1097 2949 pacem
1123 2908 1155 2936 et
1182 2903 1409 2937 concordiam
1427 2904 1529 2940 victis
1545 2906 1620 2940 uei-

114 2950 301 2997 pilaribus,
329 2951 363 2987 h.
393 2963 425 2987 e.
444 2950 681 2999 primipilari,
707 2963 834 2998 quem-
903 2951 980 2986 lia.-
1009 2951 1055 2986 cf.
1086 2957 1206 2987 annot.
1235 2951 1279 2987 ad
1306 2951 1319 2986 1
1347 2951 1404 2988 46.
