1768 3216
131 214 333 253 asc-{ww
614 211 749 249 LIBER
773 212 836 249 111.
888 210 976 248 cn.
1003 211 1161 248 38—41.
1568 212 1642 246 23³

137 332 301 375 inisset.
352 332 443 375 Nec
474 332 652 375 deerant
698 331 769 386 qui
810 334 1034 372 monerent
1076 333 1122 371 ut
1168 340 1262 371 cum
1311 327 1525 371 fidissimis
1569 340 1646 383 per

139 407 332 450 occultos
375 408 591 460 tramites,
642 407 771 449 vitata
807 406 1030 457 Ravenna,
1074 404 1292 447 Hostiliam
1340 403 1646 446 Cremonamve

135 487 348 538 pergeret.
407 483 516 525 Aliis
538 482 733 536 placebat
761 481 908 523 accitis
940 492 994 521 ex
1023 479 1127 521 urbe
1152 479 1375 533 praetoriis
1405 478 1646 521 cohortibus

138 557 279 600 valida
330 569 456 599 manu
508 567 793 611 perrumpere.
856 555 950 609 Ipse
996 553 1130 595 inutili
1174 553 1443 595 cunctatione
1492 552 1648 608 agendi

138 607 646 686 terhpffionsultando
684 630 968 684 consumpsit:
1021 640 1121 670 mox
1160 632 1380 682 utrumque
1424 627 1678 673 consiliums
1727 638 1732 641 ·

135 710 405 762 aspernatus,
454 706 565 761 quod
596 706 706 747 inter
732 705 930 759 ancipitia
956 703 1226 745 deterrimum
1257 707 1343 755 est,
1380 702 1477 744 dum
1507 702 1646 744 media

68 786 120 825 41
136 782 347 836 sequitur,
390 793 471 824 nec
504 792 630 823 ausus
664 784 727 822 est
756 780 859 822 satis
887 791 968 820 nec
997 778 1193 832 providit.
1254 777 1393 819 Missis
1429 776 1482 819 ad
1511 776 1647 818 Vitel-

133 857 235 899 lium
269 855 421 897 litteris
463 855 661 897 auxilium
708 853 903 908 postulat.
964 853 1133 894 Venere
1174 856 1260 893 tres
1307 851 1505 893 cohortes
1550 863 1645 893 cum
1689 886 1701 931 χ

134 930 200 974 ala
228 929 494 982 Britannica,
532 941 671 983 neque
712 927 766 971 ad
796 926 1025 970 fallendum
1053 931 1171 990 aptus
1201 938 1399 991 numerus
1426 938 1565 990 neque
1592 926 1644 967 ad
1698 878 1749 1032 «K

100 1057 105 1059 ξ
132 1004 450 1076 pgpflmdQ.
511 1004 594 1047 Sed
639 978 1141 1046 Valeffitanto
1167 988 1356 1055 ''isdi'dem
1386 966 1716 1043 ‘d‘i‘scriminewi

134 1080 306 1126 infamia
334 1080 492 1133 caruit,
523 1091 605 1134 quo
637 1079 774 1121 minus
808 1089 960 1132 rapere
991 1077 1175 1118 inlicitas
1206 1076 1439 1131 voluptates
1478 1076 1645 1117 adulte-

132 1155 291 1209 riisque
318 1167 370 1197 ac
401 1155 554 1210 stupris
581 1154 770 1209 polluere
800 1153 1009 1207 hospitum
1041 1152 1189 1194 domus
1207 1151 1466 1193 crederetur.
1521 1151 1697 1234 Λὼτ-ΙΓ
1746 1194 1768 1239 (

132 1234 227 1272 rant
271 1229 338 1271 vis
381 1233 424 1270 et
470 1230 651 1284 pecunia
697 1232 738 1270 et
782 1227 942 1269 ruentis
988 1227 1181 1288 fortunae
1216 1226 1452 1289 [togis-„sima
1494 1225 1711 1267 libidostM
1757 1237 1768 1241 ·

130 1302 329 1346 Adventu
362 1303 528 1344 demum
556 1303 742 1357 peditum
774 1285 1042 1356 equitumque
1080 1301 1264 1354 pravitas
1297 1286 1464 1341 consilii
1494 1301 1640 1354 patuit,
1670 1291 1762 1356 ⁴2⁹ss

132 1378 229 1432 quia
259 1389 339 1420 nec
366 1378 526 1420 vadere
554 1390 631 1432 per
660 1378 804 1419 hostes
835 1381 919 1418 tam
949 1389 1079 1431 parva
1119 1387 1244 1417 manu
1276 1379 1469 1429 poterat,
1517 1375 1693 1416 etiamis
1722 1350 1768 1401 εἷ

131 1452 168 1495 si
201 1452 403 1495 fidissima
445 1452 580 1505 foret,
609 1465 690 1494 nec
721 1452 927 1507 integram
956 1451 1080 1492 fidem
1109 1451 1346 1492 attulerant.
1405 1450 1543 1491 Pudor
1574 1454 1641 1491 ta-

130 1539 227 1569 men
254 1532 297 1569 et
322 1528 560 1582 praesentis
591 1527 712 1569 ducis
743 1526 984 1568 reverentia
1014 1526 1271 1578 morabatur,
1303 1525 1413 1567 haud
1446 1525 1640 1566 diuturna

130 1603 270 1646 vincla
310 1603 418 1658 apud
461 1604 609 1646 avidos
676 1603 930 1664 ericulorum
975 1606 1018 1643 et
1058 1601 1283 1643 dedecoris
1325 1613 1515 1643 securos.
1576 1601 1638 1642 Eo

132 1681 266 1730 metu,
312 1681 354 1719 et
387 1678 533 1732 paucis
573 1689 679 1731 quos
709 1667 889 1719 adversa
927 1688 1012 1718 non
1039 1679 1301 1717 mutaverant
1331 1675 1637 1728 comitantibus,

265 1855 301 1892 9.
327 1855 546 1891 brittannica
570 1854 635 1891 Ma.
1182 1857 1238 1892 17.
1271 1856 1476 1891 reuerentia
1500 1854 1579 1890 Ma:
1610 1855 1638 1892 G

131 1904 350 1940 reuerentia.

736 1858 791 1893 10.
819 1861 982 1904 paenetr.
1012 1854 1078 1891 Ma.

132 2064 208 2107 pite
225 2063 388 2108 proximo
413 2063 492 2108 ipse
511 2062 769 2108 suppeditavit,
794 2064 853 2097 in-

133 2113 237 2146 terim
288 2114 548 2146 accuratiorem
608 2114 851 2147 narrationem

133 2161 258 2205 paucis
277 2160 400 2195 verbis
428 2161 668 2205 praecipiens.
729 2161 852 2196 Media

132 2209 288 2253 sequitur
299 2208 444 2252 Valens,
470 2209 553 2242 dum
583 2220 703 2254 neque
728 2209 851 2244 valida

67 2273 72 2277 ·
133 2267 239 2290 manu
258 2256 471 2297 Cremonam
495 2259 705 2302 perrumpit,
733 2268 850 2303 neque

90 2895 116 2940 ἰ

100 2941 112 3008 l

131 2306 356 2339 statim-cum
381 2305 563 2339 fidissimis
596 2317 661 2350 per
687 2307 850 2340 occultos

131 2354 293 2387 tramites
310 2353 446 2388 'eodem
473 2359 701 2398 approperat.

209 2423 295 2470 Cap.
318 2427 378 2460 41.
406 2425 469 2459 ala
498 2425 729 2459 Britannica:
759 2425 849 2461 haec
884 2454 886 2456 -

132 2484 176 2508 ex
217 2473 331 2518 copiis
357 2474 574 2508 Britannicis
611 2485 681 2508 una
713 2475 848 2509 Romae

130 2527 372 2566 remanserat3
398 2534 433 2558 v.
461 2521 643 2559 u.111oo.
675 2522 742 2565 Qui
766 2533 848 2557 mox

130 2577 371 2605 memorantur
413 2572 563 2616 equites,
613 2572 639 2605 ii
676 2582 749 2606 non
784 2572 846 2607 alii

130 2623 213 2652 sunt
253 2624 360 2665 atque
397 2619 434 2654 hi
466 2620 567 2654 alarii
602 2620 758 2654 sociales
802 2633 846 2655 ex

130 2666 315 2700 Britannia
348 2669 479 2709 asciti,
514 2679 593 2701 cum
621 2668 790 2702 Vitellius
827 2681 847 2703 a

131 2713 258 2749 Rheno
284 2715 321 2748 in
346 2715 483 2749 ltaliam
513 2716 709 2750 contendit.

205 2785 376 2831 hospitum
401 2785 549 2822 domus:
586 2785 633 2820 cf.
663 2792 785 2823 annot.
805 2789 849 2822 ad

131 2834 174 2867 Α.
203 2835 340 2916 {nitentis
377 2884 544 2927 fortunae
580 2883 770 2917 novissima
798 2883 846 2918 li..

134 2930 212 2964 bido
233 2941 245 2963 .-
285 2935 367 2975 apte
396 2936 519 2965 monet
558 2929 735 2974 Pichena‚
768 2931 845 2977 ‘qui

133 2978 192 3012 diu
207 2979 277 3013 frui
294 2989 365 3013 non
380 2984 512 3024 sperat,
534 2978 674 3014 avidius
695 2979 846 3015 fruitur’.

975 2061 1097 2103 avidos
1118 2060 1380 2108 periculorum.-
1401 2061 1529 2096 Faerni
1550 2073 1640 2097 con-

920 2110 1094 2145 iecturam
1116 2110 1264 2156 pavidos
1287 2111 1527 2156 periculorum
1554 2122 1640 2156 pro..

920 2159 980 2193 bat
994 2159 1203 2194 Ernestius:
1235 2160 1272 2193 id
1298 2170 1385 2193 vero
1412 2160 1456 2194 de
1477 2160 1639 2195 Valentis

919 2208 1096 2242 militibus
1126 2208 1219 2241 salso
1256 2208 1456 2253 praedicari
1495 2220 1540 2243 ex
1566 2214 1641 2243 tota

919 2255 1030 2290 Taciti
1042 2257 1247 2290 narratione
1260 2257 1385 2302 liquet.
1410 2256 1516 2291 Fides
1530 2260 1640 2300 enim,

919 2315 990 2337 non
1021 2305 1193 2338 fortitudo
1222 2310 1258 2339 et
1284 2305 1446 2347 audacia,
1475 2305 1548 2338 illis
1570 2306 1641 2339 mi-

920 2353 1043 2386 litibus
1070 2353 1197 2387 deruit.
1251 2353 1320 2387 Sed
1354 2354 1469 2397 ipsum
1503 2354 1540 2387 in
1568 2365 1639 2399 quo

918 2401 1069 2435 offendit
1107 2401 1297 2436 Ernestius
1335 2407 1415 2446 post
1449 2402 1649 2445 Faernum„

918 2450 1118 2493 periculum
1153 2451 1319 2493 ostendi,
1357 2452 1386 2484 si
1421 2462 1442 2484 a
1478 2451 1638 2495 partibus

921 2498 1057 2532 Vitellii
1085 2504 1283 2542 manerent,
1311 2499 1449 2533 nullum
1466 2505 1525 2534 aut
1542 2500 1637 2542 leve,

916 2548 946 2582 si
983 2547 1027 2580 ad
1062 2549 1221 2582 victores
1256 2549 1477 2590 transirent,
1519 2550 1637 2582 acrius

915 2596 1118 2640 inspectum
1147 2599 1344 2631 evanescit.
1372 2597 1532 2641 Namque
1561 2597 1636 2630 Va-

916 2644 1025 2678 lentis
1051 2645 1156 2679 miles
1185 2645 1230 2679 de
1261 2646 1414 2679 victoria
1440 2645 1636 2678 Flaviano..

916 2703 992 2726 rum
1019 2693 1109 2726 nihil
1136 2694 1218 2727 dum
1244 2693 1394 2735 audivit,
1425 2698 1532 2737 atque
1551 2697 1635 2727 ante

917 2752 994 2775 eam
1022 2742 1208 2775 victoriam
1232 2741 1417 2774 Vitelliani
1442 2740 1635 2775 Flavianos

915 2799 1065 2823 numero
1092 2789 1244 2822 militum
1279 2790 1315 2822 in
1351 2788 1454 2822 Italia
1482 2800 1635 2834 supera..

915 2837 1013 2870 bant.
1042 2837 1110 2870 Sed
1136 2837 1251 2870 nihilo
1276 2838 1392 2871 minus
1410 2837 1543 2872 milites
1572 2840 1632 2884 qui

916 2895 995 2918 cum
1023 2884 1174 2919 Valente
1201 2890 1302 2919 erant
1322 2886 1366 2919 ad
1389 2886 1633 2921 desectionem

916 2933 1135 2967 inclinabant
1173 2937 1212 2966 ut
1246 2933 1341 2967 avidi
1390 2935 1631 2979 periculorum

916 2986 951 3014 et
978 2981 1167 3015 dedecoris
1193 2985 1324 3016 securi.
