1768 3216
169 292 222 330 “34
641 282 644 284 ’
787 285 1054 326 GERMAMAE

174 410 401 465 accipiant,
449 419 675 462 rursusque
720 407 771 450 ad
821 412 994 462 nepotes
1039 406 1287 448 referantur.
1367 405 1480 459 Ergo
1523 405 1734 458 saeptam

172 484 368 540 pudicitia
400 487 541 538 agunt,
575 482 696 525 nullis
728 481 1059 536 spectaculorum
1092 480 1331 533 inlecebris,
1365 479 1486 520 nullis
1516 477 1668 519 convi-

171 539 339 600 viorum'
365 557 672 599 imitationibus
705 560 937 610 corrupt-ae.
998 556 1241 598 Litterarum
1275 553 1548 612 secretaxviri
1589 563 1668 606 pa-

170 633 273 675 riter
303 646 352 675 ac
381 631 562 674 feminae
594 632 801 687 ignorant.
850 631 1105 673 Paucissima
1135 631 1177 672 in
1198 635 1280 671 tam
1300 640 1522 672 numerosa
1539 629 1668 684 gente

143 706 400 759 sadulteria3
440 718 613 760 quorum
642 718 778 760 poena
805 717 1004 760 praesens
1037 709 1077 747 et
1110 705 1267 747 maritis
1298 703 1515 758 permissa.
1575 702 1666 744 Ac—

173 781 272 824 cisis
312 782 520 834 crinibus,
570 780 794 833 nudatam,
852 792 995 822 coram
1033 780 1276 834 propinquis
1319 778 1488 833 expellit
1539 777 1663 819 domo

173 857 359 909 maritus,
393 869 442 898 ac
472 868 548 910 per
581 867 745 897 omnem
775 855 913 896 vicum
943 855 1122 897 verbere
1154 854 1253 909 agit.
1305 870 1330 898 :tt
1390 869 1414 898 aa:
1475 866 1500 895 ῆι
1559 850 1670 892 Pub-

172 929 323 974 licatae
355 931 463 973 enim
494 930 719 984 pudicitiae
750 929 860 972 nulla
892 929 1038 972 venia:
1077 941 1160 970 non
1193 929 1351 980 forma,
1395 939 1479 968 non
1520 929 1669 978 aetate,

174 1018 258 1048 non
291 1005 438 1060 opibus
470 1005 657 1046 maritum
691 1004 911 1046 invenerit.

972 1003 1103 1044 Nemo
1140 1003 1249 1045 enirn
1285 1002 1369 1043 illic
1409 1001 1510 1043 vitia
1548 999 1672 1052 ridet,

313 1131 344 1172 1,
371 1135 470 1176 septa
496 1130 521 1164 P
547 1132 639 1176 (non
665 1135 800 1175 saepta,
828 1133 866 1163 ut
890 1133 1008 1163 narrat
1034 1127 1234 1174 Orellius):
1261 1133 1378 1174 septae
1395 1124 1672 1160 Arundelianus.

173 1181 207 1215 2.
232 1177 407 1213 illecebris
435 1177 471 1222 P,
500 1183 535 1212 et
563 1179 679 1213 statim
708 1179 801 1213 irrit.

174 1228 207 1263 7.
236 1227 353 1262 hiatus
381 1227 522 1273 signum
548 1227 591 1260 ab
619 1226 757 1261 editore
782 1231 851 1261 est.

175 1347 315 1387 potest,
354 1341 481 1387 quibus
508 1346 545 1375 ut
573 1340 681 1388 digna
709 1342 781 1376 sint
807 1341 889 1375 inde

175 1390 271 1437 quod
296 1390 470 1425 inviolata
497 1395 721 1433 manserunt,
761 1396 890 1435 sponte

177 1440 346 1475 eflicitur.
386 1438 515 1473 Reddit
542 1449 637 1472 arma
664 1438 788 1473 liberis
815 1440 889 1473 suis

175 1498 324 1534 sponsas
384 1487 663 1532 accipientibus,
715 1487 750 1521 hi
800 1498 890 1522 con-

177 1537 322 1584 iugibus
347 1537 424 1571 sive
450 1538 572 1570 matris
603 1535 762 1570 nuribus.

248 1619 438 1652 rursusque
465 1607 511 1641 ad
525 1613 666 1652 nepotes
683 1609 891 1652 reserantur

178 1658 264 1699 (und
295 1658 416 1691 weiter
449 1667 497 1690 an
533 1656 588 1690 die
628 1655 746 1690 Enkel
782 1656 890 1690 eber-

176 1707 376 1752 kommen).·
415 1709 566 1749 nepotes
593 1704 760 1750 intellige
796 1703 890 1738 filios

176 1765 294 1789 earum
306 1765 396 1799 quae
405 1753 509 1787 modo
519 1764 628 1787 nurus
637 1758 787 1787 vocatae
797 1757 890 1795 sunt,

176 1808 328 1847 nepotes
356 1813 478 1836 eorum
508 1811 596 1846 quos
624 1803 700 1846 ipsa
743 1811 890 1835 soceros

177 1852 296 1894 habet,
325 1862 403 1885 cum
438 1860 584 1884 uxorem
612 1850 749 1884 ducturi
787 1855 889 1884 sunt:

176 1901 308 1945 quippe
337 1899 378 1933 ad
418 1899 551 1943 primos
586 1900 645 1943 qui
682 1899 889 1944 coniugium

175 1950 301 1982 ineunt
328 1953 448 1982 cetera
483 1948 698 1982 referuntur.
749 1947 890 1982 Tacitus

175 1997 286 2042 igitur
315 2002 399 2039 tres,
430 2000 468 2029 ut
493 2006 558 2029 nos
585 1995 746 2038 dicimus,
775 2006 890 2042 gene-

175 2045 333 2079 rationes
361 2046 572 2087 composuit.
613 2044 699 2078 Mire
726 2044 890 2078 Doeder-

176 2091 283 2126 linius
307 2098 342 2127 et
368 2092 611 2126 Massmannus
636 2102 779 2135 pravam
798 2093 890 2126 scri-

176 2146 316 2184 pturam
340 2152 474 2182 rursus,
503 2151 602 2184 quae,
632 2151 701 2173 non
728 2141 841 2174 solum
869 2151 889 2173 a

177 2190 202 2222 Ρ
228 2190 291 2223 sed
316 2189 358 2223 ab
385 2189 527 2233 optimis
555 2189 755 2233 quibusque
787 2188 889 2222 codi-

178 2237 278 2271 cibus
304 2242 457 2281 spretnm
477 2263 486 2280 ,
515 2238 551 2270 in
578 2237 767 2271 verborum
801 2248 889 2271 con-

179 2291 314 2320 textum
341 2291 569 2330 receperunt.

239 2382 325 2426 Cap.
346 2381 400 2417 19.
428 2388 551 2428 saepta
575 2381 748 2428 pudicitia
763 2387 894 2427 ayunt.-

178 2432 227 2464 ita
265 2435 375 2476 agunt
416 2435 454 2463 ut
496 2430 668 2475 pudicitia
706 2442 726 2464 a
766 2432 893 2475 quovis

178 2531 332 2560 maneat.
386 2526 608 2560 Contrarium
645 2530 746 2561 vocis
773 2533 895 2573 saepta

181 2579 234 2609 est
261 2580 385 2621 aperta
415 2580 450 2608 et
474 2575 630 2619 vulgyata.
693 2576 775 2610 Alia
802 2577 894 2609 ima-

181 2624 265 2669 gine
306 2623 428 2657 Livius
467 2624 611 2667 scripsit
637 2623 685 2657 111
714 2624 759 2658 4:
794 2630 894 2669 post-

181 2682 284 2716 quam
318 2672 436 2705 omnia
475 2672 608 2717 pudore
649 2678 771 2717 saepta
811 2673 894 2705 ani-

179 2721 428 2754 madverterat.
456 2719 559 2764 Apud
586 2720 656 2754 Iac.
677 2719 894 2754 Gronovium

182 2771 225 2812 (t.
256 2768 286 2802 11
312 2780 345 2814 p.
374 2769 461 2814 577)
491 2780 534 2802 ex
567 2768 812 2802 Arundeliano
838 2769 895 2802 af-

180 2817 294 2850 fertur
319 2822 449 2862 septae,
476 2817 652 2861 scriptura
668 2817 894 2862 interpolata.

254 2886 453 2921 litterarum
486 2894 624 2922 secreta
658 2889 728 2922 viri
757 2889 896 2934 pariter

181 2945 226 2967 ac
250 2936 404 2980 feminae
425 2936 615 2981 iynorant:
644 2937 810 2983 intellige
836 2938 894 2971 vi-

180 2991 238 3016 ros
278 2994 319 3017 ac
353 2984 505 3018 feminas
543 2986 768 3020 matrimonio
812 2986 896 3019 iun-

183 3035 267 3066 ctas,
288 3031 332 3065 Hi
350 3032 411 3066 ubi
427 3038 567 3069 secreta
581 3033 780 3069 litterarum
796 3044 896 3069 com-

881 1178 915 1212 5.
944 1177 1070 1211 accisis
1098 1176 1123 1210 P
1149 1181 1184 1210 et
1211 1175 1294 1210 alii:
1320 1173 1483 1210 nonnulli
1513 1173 1670 1208 abscisis.

959 1342 1128 1384 mittunt,
1190 1340 1318 1375 illicita
1366 1349 1428 1374 eos
1476 1335 1672 1372 machinari

959 1391 1207 1434 praesumitur.
1237 1389 1324 1423 Rem
1351 1387 1476 1432 ipsam,
1505 1386 1540 1420 h.
1563 1398 1595 1421 e.
1623 1385 1672 1420 il-

960 1439 1079 1473 licitos
1107 1448 1259 1481 amores,
1287 1437 1457 1483 quianon
1485 1435 1674 1470 admittunt

960 1488 1138 1530 Germani,
1167 1487 1273 1520 etiam
1300 1490 1476 1520 secretum
1497 1483 1585 1518 illud
1608 1483 1672 1517 lit-

960 1541 1116 1570 terarum
1149 1535 1401 1569 commercium
1432 1534 1611 1579 ignorant.

1007 1630 1009 1633 s
1034 1618 1178 1651 quorum
1201 1616 1318 1652 poena
1340 1614 1510 1650 praesens
1537 1609 1568 1637 et
1592 1613 1672 1636 ma-

959 1657 1037 1690 ritis
1060 1657 1262 1702 permissa:
1294 1663 1465 1699 praesens
1503 1656 1558 1695 est
1597 1656 1674 1685 sta-

959 1705 1020 1738 tim
1038 1709 1119 1749 post
1135 1704 1361 1738 commissum
1383 1700 1568 1747 flagitium.
1594 1699 1674 1734 Non

960 1753 1053 1787 idem
1098 1758 1151 1787 est
1189 1751 1283 1797 quod
1313 1749 1445 1784 Caesar
1483 1748 1589 1782 tradit
1630 1747 1674 1781 de

961 1801 1071 1836 Gallis
1093 1800 1138 1835 VI
1168 1801 1230 1836 19:
1260 1800 1330 1834 viri
1354 1799 1392 1832 in
1417 1809 1544 1832 uxores
1572 1797 1675 1831 sicuti

959 1852 997 1884 in
1042 1849 1170 1884 liberos
1214 1849 1305 1883 vitae
1347 1847 1508 1891 necisque
1546 1845 1675 1879 habent

956 1904 1172 1944 potestatem.
1345 1896 1471 1930 accisis
1499 1894 1674 1929 crinibus:

960 1946 1049 1981 nihil
1078 1947 1283 1980 mutandum
1319 1945 1352 1978 in
1387 1944 1454 1978 liac
1486 1942 1674 1978 meliorum

960 1995 1129 2029 librorum
1168 1995 1358 2038 scriptura.
1410 1993 1535 2026 Crines
1576 1992 1672 2026 enim

959 2045 1180 2089 ignominiae
1221 2052 1326 2077 causa
1365 2041 1584 2075 acciduntur.
1634 2037 1673 2073 ld

961 2102 1037 2125 cum
1054 2091 1134 2125 aliis
1162 2101 1281 2136 parum
1309 2090 1504 2132 videretur,
1529 2088 1674 2123 abscisis

958 2140 1188 2174 substituere.

1014 2210 1216 2256 publicatae
1244 2211 1334 2244 enim
1357 2209 1550 2254 pudicitiae
1575 2206 1676 2251 malla

961 2259 1088 2292 venia.-
1118 2258 1161 2292 de
1189 2258 1347 2292 adultera
1368 2258 1457 2292 hacc
1483 2257 1578 2291 dicta
1596 2266 1676 2290 csse

963 2317 1032 2341 non
1061 2312 1222 2352 possunt.
1281 2306 1322 2340 Ei
1364 2308 1456 2340 enim
1485 2316 1562 2339 cum
1591 2314 1676 2350 gra-

962 2357 1145 2390 vissimam
1174 2366 1325 2400 poenam
1364 2366 1383 2389 a
1409 2356 1535 2389 marito
1568 2351 1676 2387 adhi-

963 2404 1039 2439 beri
1067 2403 1171 2438 modo
1199 2405 1399 2449 expositum
1436 2407 1552 2446 esset,
1592 2400 1676 2434 nul-

963 2452 1031 2487 lam
1081 2454 1222 2487 veniam
1266 2452 1413 2486 concedi
1456 2456 1583 2496 sponte
1628 2449 1676 2483 li-

963 2506 1060 2546 quet,
1112 2500 1196 2534 Tum
1236 2501 1271 2533 in
1309 2501 1469 2534 adultera
1505 2498 1677 2544 pudicitia

963 2549 1204 2592 adulteratur,
1234 2550 1270 2582 in
1298 2550 1441 2594 virgine
1463 2547 1675 2594 publicatur,

963 2597 997 2631 id
1028 2602 1081 2631 est
1106 2607 1175 2629 non
1205 2598 1409 2631 continetur
1447 2598 1539 2631 intra
1565 2595 1676 2629 casti-

963 2647 1044 2679 tatis
1071 2645 1259 2692 virginalis
1295 2648 1466 2680 terminos
1495 2649 1531 2679 et
1556 2642 1674 2678 muni-

966 2699 1115 2737 menta,
1166 2693 1229 2728 sed
1274 2695 1556 2729 communicatur
1597 2701 1676 2726 cum

967 2743 1060 2777 aliis.
1111 2742 1294 2776 Postremo
1334 2742 1377 2776 de
1412 2742 1677 2783 adulteranon

967 2797 1047 2836 apta
1076 2797 1129 2825 est
1156 2791 1371 2834 admonitio,
1400 2802 1473 2825 eain
1502 2801 1572 2825 non
1599 2788 1677 2822 sor-

966 2851 1034 2883 nia,
1061 2850 1131 2873 non
1160 2844 1278 2874 aetate
1305 2841 1468 2874 invenire
1491 2839 1676 2873 maritum:

966 2889 1072 2921 immo
1112 2889 1189 2932 ipsa
1226 2889 1390 2922 maritum
1430 2889 1497 2922 iam
1526 2885 1676 2927 invenit,

967 2936 1030 2970 sed
1055 2936 1192 2982 flagitio
1221 2937 1349 2970 amisit.
1393 2935 1447 2970 De
1474 2936 1542 2970 hac
1568 2932 1678 2981 igitur

968 2984 1038 3018 dici
1064 2985 1186 3019 debuit
1211 2995 1343 3019 novum
1370 2986 1533 3019 maritum
1555 2984 1677 3018 cinon

968 3034 1193 3080 contingere.
1225 3033 1324 3077 Quae
1350 3034 1471 3069 omnia
1486 3029 1678 3068 ostend-unt
