<?xml version="1.0" encoding="UTF-8"?>
<!DOCTYPE html PUBLIC "-//W3C//DTD XHTML 1.0 Transitional//EN"
    "http://www.w3.org/TR/xhtml1/DTD/xhtml1-transitional.dtd">
<html xmlns="http://www.w3.org/1999/xhtml" xml:lang="en" lang="en">
 <head>
  <title>
</title>
<meta http-equiv="Content-Type" content="text/html;charset=utf-8" />
  <meta name='ocr-system' content='tesseract 3.04.00' />
  <meta name='ocr-capabilities' content='ocr_page ocr_carea ocr_par ocr_line ocrx_word'/>
</head>
<body>
  <div class='ocr_page' id='page_1' title='image "./operaadcodicesan03taciuoft/operaadcodicesan03taciuoft_0363.png"; bbox 0 0 1768 3216; ppageno 0'>
   <div class='ocr_carea' id='block_1_1' title="bbox 47 1108 562 1162">
    <p class='ocr_par' dir='ltr' id='par_1_1' title="bbox 47 1108 562 1162">
     <span class='ocr_line' id='line_1_1' title="bbox 47 1108 562 1162; baseline -0.004 -10"><span class='ocrx_word' id='word_1_1' title='bbox 47 1113 106 1152; x_wconf 76' lang='grc'><strong>70</strong></span> <span class='ocrx_word' id='word_1_2' title='bbox 117 1119 251 1162; x_wconf 84' lang='lat' dir='ltr'><strong>quens</strong></span> <span class='ocrx_word' id='word_1_3' title='bbox 281 1108 562 1150; x_wconf 90' lang='lat' dir='ltr'><strong>contionibus.</strong></span> 
     </span>
    </p>
   </div>
   <div class='ocr_carea' id='block_1_2' title="bbox 113 363 1079 434">
    <p class='ocr_par' dir='ltr' id='par_1_2' title="bbox 113 363 1079 434">
     <span class='ocr_line' id='line_1_2' title="bbox 113 363 1079 434; baseline -0.001 -26"><span class='ocrx_word' id='word_1_4' title='bbox 113 363 305 408; x_wconf 79' lang='lat' dir='ltr'><strong>Vindicis</strong></span> <span class='ocrx_word' id='word_1_5' title='bbox 334 369 450 406; x_wconf 90' lang='lat' dir='ltr'><strong>motu</strong></span> <span class='ocrx_word' id='word_1_6' title='bbox 493 376 587 407; x_wconf 90' lang='lat' dir='ltr'><strong>cum</strong></span> <span class='ocrx_word' id='word_1_7' title='bbox 612 365 816 434; x_wconf 59' lang='lat' dir='ltr'><strong>Verginio</strong></span> <span class='ocrx_word' id='word_1_8' title='bbox 863 370 1079 408; x_wconf 84' lang='lat' dir='ltr'><strong>steterant.</strong></span> 
     </span>
    </p>
   </div>
   <div class='ocr_carea' id='block_1_3' title="bbox 583 246 1132 287">
    <p class='ocr_par' dir='ltr' id='par_1_3' title="bbox 583 246 1132 287">
     <span class='ocr_line' id='line_1_3' title="bbox 583 246 1132 287; baseline 0.007 -5"><span class='ocrx_word' id='word_1_9' title='bbox 583 246 719 284; x_wconf 80' lang='lat' dir='ltr'>LIBER</span> <span class='ocrx_word' id='word_1_10' title='bbox 743 249 804 285; x_wconf 79' lang='lat' dir='ltr'><strong>lv.</strong></span> <span class='ocrx_word' id='word_1_11' title='bbox 859 248 948 285; x_wconf 69' lang='lat' dir='ltr'><strong>CAP.</strong></span> <span class='ocrx_word' id='word_1_12' title='bbox 974 248 1132 287; x_wconf 85' lang='lat'><strong>68-70.</strong></span> 
     </span>
    </p>
   </div>
   <div class='ocr_carea' id='block_1_4' title="bbox 1542 247 1616 284">
    <p class='ocr_par' dir='ltr' id='par_1_4' title="bbox 1542 247 1616 284">
     <span class='ocr_line' id='line_1_4' title="bbox 1542 247 1616 284; baseline 0 0"><span class='ocrx_word' id='word_1_13' title='bbox 1542 247 1616 284; x_wconf 77' lang='lat'><strong>358</strong></span> 
     </span>
    </p>
   </div>
   <div class='ocr_carea' id='block_1_5' title="bbox 1138 364 1615 419">
    <p class='ocr_par' dir='ltr' id='par_1_5' title="bbox 1138 364 1615 419">
     <span class='ocr_line' id='line_1_5' title="bbox 1138 364 1615 419; baseline -0.002 -12"><span class='ocrx_word' id='word_1_14' title='bbox 1138 364 1351 407; x_wconf 87' lang='lat' dir='ltr'><strong>Deterruit</strong></span> <span class='ocrx_word' id='word_1_15' title='bbox 1390 364 1615 419; x_wconf 90' lang='lat' dir='ltr'><strong>plerosque</strong></span> 
     </span>
    </p>
   </div>
   <div class='ocr_carea' id='block_1_6' title="bbox 112 439 1650 717">
    <p class='ocr_par' dir='ltr' id='par_1_6' title="bbox 112 439 1650 717">
     <span class='ocr_line' id='line_1_6' title="bbox 112 439 1616 494; baseline 0 -14"><span class='ocrx_word' id='word_1_16' title='bbox 112 439 428 494; x_wconf 82' lang='lat' dir='ltr'><strong>provinciarum</strong></span> <span class='ocrx_word' id='word_1_17' title='bbox 458 439 702 482; x_wconf 80' lang='lat' dir='ltr'><strong>aemulatio:</strong></span> <span class='ocrx_word' id='word_1_18' title='bbox 735 439 846 494; x_wconf 87' lang='lat' dir='ltr'><strong>quod</strong></span> <span class='ocrx_word' id='word_1_19' title='bbox 876 440 988 481; x_wconf 87' lang='lat' dir='ltr'><strong>bello</strong></span> <span class='ocrx_word' id='word_1_20' title='bbox 1021 440 1176 493; x_wconf 81' lang='lat' dir='ltr'><strong>caput?</strong></span> <span class='ocrx_word' id='word_1_21' title='bbox 1223 439 1343 481; x_wconf 85' lang='lat' dir='ltr'>Unde</span> <span class='ocrx_word' id='word_1_22' title='bbox 1374 439 1439 481; x_wconf 92' lang='lat' dir='ltr'><strong>ius</strong></span> <span class='ocrx_word' id='word_1_23' title='bbox 1469 439 1616 493; x_wconf 87' lang='lat' dir='ltr'><strong>auspi-</strong></span> 
     </span>
     <span class='ocr_line' id='line_1_7' title="bbox 115 513 1616 568; baseline 0 -13"><span class='ocrx_word' id='word_1_24' title='bbox 115 513 309 567; x_wconf 80' lang='lat' dir='ltr'><strong>ciumque</strong></span> <span class='ocrx_word' id='word_1_25' title='bbox 339 514 587 568; x_wconf 86' lang='lat' dir='ltr'><strong>peteretur?</strong></span> <span class='ocrx_word' id='word_1_26' title='bbox 647 513 801 565; x_wconf 83' lang='lat' dir='ltr'><strong>Quam,</strong></span> <span class='ocrx_word' id='word_1_27' title='bbox 844 514 880 555; x_wconf 91' lang='lat' dir='ltr'><strong>si</strong></span> <span class='ocrx_word' id='word_1_28' title='bbox 922 518 1070 555; x_wconf 88' lang='lat' dir='ltr'><strong>cuncta</strong></span> <span class='ocrx_word' id='word_1_29' title='bbox 1109 514 1432 567; x_wconf 83' lang='lat' dir='ltr'><strong>provenissent,</strong></span> <span class='ocrx_word' id='word_1_30' title='bbox 1471 513 1616 556; x_wconf 90' lang='lat' dir='ltr'><strong>sedem</strong></span> 
     </span>
     <span class='ocr_line' id='line_1_8' title="bbox 114 587 1617 642; baseline 0.001 -14"><span class='ocrx_word' id='word_1_31' title='bbox 114 587 291 642; x_wconf 86' lang='lat' dir='ltr'><strong>imperio</strong></span> <span class='ocrx_word' id='word_1_32' title='bbox 320 587 544 642; x_wconf 81' lang='lat' dir='ltr'><strong>legerent?</strong></span> <span class='ocrx_word' id='word_1_33' title='bbox 586 587 777 629; x_wconf 88' lang='lat' dir='ltr'><strong>Nondum</strong></span> <span class='ocrx_word' id='word_1_34' title='bbox 804 588 1000 640; x_wconf 89' lang='lat' dir='ltr'><strong>victoria,</strong></span> <span class='ocrx_word' id='word_1_35' title='bbox 1034 588 1115 630; x_wconf 91' lang='lat' dir='ltr'><strong>iam</strong></span> <span class='ocrx_word' id='word_1_36' title='bbox 1146 588 1359 629; x_wconf 87' lang='lat' dir='ltr'>discordia</span> <span class='ocrx_word' id='word_1_37' title='bbox 1387 592 1491 639; x_wconf 90' lang='lat' dir='ltr'><strong>erat,</strong></span> <span class='ocrx_word' id='word_1_38' title='bbox 1523 588 1617 629; x_wconf 87' lang='lat' dir='ltr'><strong>aliis</strong></span> 
     </span>
     <span class='ocr_line' id='line_1_9' title="bbox 113 660 1650 717; baseline 0.001 -14"><span class='ocrx_word' id='word_1_39' title='bbox 113 660 304 713; x_wconf 80' lang='lat' dir='ltr'><strong>foedera,</strong></span> <span class='ocrx_word' id='word_1_40' title='bbox 332 662 577 715; x_wconf 83' lang='lat' dir='ltr'><strong>quibusdam</strong></span> <span class='ocrx_word' id='word_1_41' title='bbox 607 675 709 716; x_wconf 93' lang='lat' dir='ltr'><strong>opes</strong></span> <span class='ocrx_word' id='word_1_42' title='bbox 740 663 936 716; x_wconf 89' lang='lat' dir='ltr'><strong>viresque</strong></span> <span class='ocrx_word' id='word_1_43' title='bbox 969 666 1038 704; x_wconf 90' lang='lat' dir='ltr'><strong>aut</strong></span> <span class='ocrx_word' id='word_1_44' title='bbox 1066 666 1313 704; x_wconf 85' lang='lat' dir='ltr'><strong>vetustatem</strong></span> <span class='ocrx_word' id='word_1_45' title='bbox 1346 662 1523 717; x_wconf 87' lang='lat' dir='ltr'><strong>originis</strong></span> <span class='ocrx_word' id='word_1_46' title='bbox 1541 674 1650 716; x_wconf 78' lang='lat' dir='ltr'><strong>pers</strong></span> 
     </span>
    </p>
   </div>
   <div class='ocr_carea' id='block_1_7' title="bbox 113 735 557 791">
    <p class='ocr_par' dir='ltr' id='par_1_7' title="bbox 113 735 557 791">
     <span class='ocr_line' id='line_1_10' title="bbox 113 735 557 791; baseline 0.002 -14"><span class='ocrx_word' id='word_1_47' title='bbox 113 735 251 791; x_wconf 84' lang='lat' dir='ltr'><strong>iurgia</strong></span> <span class='ocrx_word' id='word_1_48' title='bbox 294 736 557 778; x_wconf 86' lang='lat' dir='ltr'><strong>iactantibus.</strong></span> 
     </span>
    </p>
   </div>
   <div class='ocr_carea' id='block_1_8' title="bbox 629 736 1616 791">
    <p class='ocr_par' dir='ltr' id='par_1_8' title="bbox 629 736 1616 791">
     <span class='ocr_line' id='line_1_11' title="bbox 629 736 1616 791; baseline -0.001 -13"><span class='ocrx_word' id='word_1_49' title='bbox 629 737 784 779; x_wconf 89' lang='lat' dir='ltr'><strong>Taedio</strong></span> <span class='ocrx_word' id='word_1_50' title='bbox 840 737 1068 778; x_wconf 81' lang='lat' dir='ltr'><strong>futurorum</strong></span> <span class='ocrx_word' id='word_1_51' title='bbox 1119 737 1357 791; x_wconf 87' lang='lat' dir='ltr'><strong>praesentia</strong></span> <span class='ocrx_word' id='word_1_52' title='bbox 1405 736 1616 790; x_wconf 84' lang='lat' dir='ltr'><strong>placuere.</strong></span> 
     </span>
    </p>
   </div>
   <div class='ocr_carea' id='block_1_9' title="bbox 114 809 1619 939">
    <p class='ocr_par' dir='ltr' id='par_1_9' title="bbox 114 809 1619 939">
     <span class='ocr_line' id='line_1_12' title="bbox 115 809 1618 865; baseline 0.001 -14"><span class='ocrx_word' id='word_1_53' title='bbox 115 809 362 852; x_wconf 76' lang='lat' dir='ltr'><strong>Scribuntur</strong></span> <span class='ocrx_word' id='word_1_54' title='bbox 391 810 441 852; x_wconf 90' lang='lat' dir='ltr'><strong>ad</strong></span> <span class='ocrx_word' id='word_1_55' title='bbox 474 811 672 853; x_wconf 86' lang='lat' dir='ltr'><strong>Treviros</strong></span> <span class='ocrx_word' id='word_1_56' title='bbox 703 811 904 865; x_wconf 79' lang='lat' dir='ltr'><strong>epistulae</strong></span> <span class='ocrx_word' id='word_1_57' title='bbox 937 812 1107 853; x_wconf 89' lang='lat' dir='ltr'><strong>nomine</strong></span> <span class='ocrx_word' id='word_1_58' title='bbox 1138 811 1378 863; x_wconf 89' lang='lat' dir='ltr'><strong>Galliarum,</strong></span> <span class='ocrx_word' id='word_1_59' title='bbox 1412 814 1454 852; x_wconf 92' lang='lat' dir='ltr'><strong>ut</strong></span> <span class='ocrx_word' id='word_1_60' title='bbox 1484 811 1618 852; x_wconf 87' lang='lat' dir='ltr'><strong>absti-</strong></span> 
     </span>
     <span class='ocr_line' id='line_1_13' title="bbox 114 885 1619 939; baseline 0.001 -14"><span class='ocrx_word' id='word_1_61' title='bbox 114 888 264 926; x_wconf 81' lang='lat' dir='ltr'><strong>nerent</strong></span> <span class='ocrx_word' id='word_1_62' title='bbox 294 885 447 936; x_wconf 85' lang='lat' dir='ltr'><strong>armiS,</strong></span> <span class='ocrx_word' id='word_1_63' title='bbox 479 885 730 939; x_wconf 80' lang='lat' dir='ltr'><strong>impetrabili</strong></span> <span class='ocrx_word' id='word_1_64' title='bbox 759 885 884 927; x_wconf 89' lang='lat' dir='ltr'><strong>venia</strong></span> <span class='ocrx_word' id='word_1_65' title='bbox 916 889 957 926; x_wconf 87' lang='lat' dir='ltr'><strong>et</strong></span> <span class='ocrx_word' id='word_1_66' title='bbox 984 885 1141 939; x_wconf 88' lang='lat' dir='ltr'><strong>paratis</strong></span> <span class='ocrx_word' id='word_1_67' title='bbox 1173 885 1548 939; x_wconf 84' lang='lat' dir='ltr'><strong>deprecatoribus,</strong></span> <span class='ocrx_word' id='word_1_68' title='bbox 1582 886 1619 927; x_wconf 91' lang='lat' dir='ltr'><strong>si</strong></span> 
     </span>
    </p>
   </div>
   <div class='ocr_carea' id='block_1_10' title="bbox 114 958 359 1012">
    <p class='ocr_par' dir='ltr' id='par_1_10' title="bbox 114 958 359 1012">
     <span class='ocr_line' id='line_1_14' title="bbox 114 958 359 1012; baseline 0 -13"><span class='ocrx_word' id='word_1_69' title='bbox 114 958 359 1012; x_wconf 84' lang='lat' dir='ltr'><strong>paeniteret.</strong></span> 
     </span>
    </p>
   </div>
   <div class='ocr_carea' id='block_1_11' title="bbox 439 959 1619 1014">
    <p class='ocr_par' dir='ltr' id='par_1_11' title="bbox 439 959 1619 1014">
     <span class='ocr_line' id='line_1_15' title="bbox 439 959 1619 1014; baseline 0 -12"><span class='ocrx_word' id='word_1_70' title='bbox 439 960 604 1002; x_wconf 79' lang='lat' dir='ltr'><strong>Restitit</strong></span> <span class='ocrx_word' id='word_1_71' title='bbox 642 959 753 1002; x_wconf 87' lang='lat' dir='ltr'><strong>idem</strong></span> <span class='ocrx_word' id='word_1_72' title='bbox 796 960 1066 1012; x_wconf 83' lang='lat' dir='ltr'><strong>Valentinus,</strong></span> <span class='ocrx_word' id='word_1_73' title='bbox 1111 960 1398 1014; x_wconf 84' lang='lat' dir='ltr'><strong>obstruxitque</strong></span> <span class='ocrx_word' id='word_1_74' title='bbox 1440 960 1619 1002; x_wconf 88' lang='lat' dir='ltr'><strong>civitatis</strong></span> 
     </span>
    </p>
   </div>
   <div class='ocr_carea' id='block_1_12' title="bbox 115 1033 1673 1089">
    <p class='ocr_par' dir='ltr' id='par_1_12' title="bbox 115 1033 1673 1089">
     <span class='ocr_line' id='line_1_16' title="bbox 115 1033 1673 1089; baseline 0.001 -14"><span class='ocrx_word' id='word_1_75' title='bbox 115 1045 219 1076; x_wconf 85' lang='lat' dir='ltr'><strong>suae</strong></span> <span class='ocrx_word' id='word_1_76' title='bbox 247 1046 387 1085; x_wconf 87' lang='lat' dir='ltr'><strong>aures,</strong></span> <span class='ocrx_word' id='word_1_77' title='bbox 415 1033 526 1075; x_wconf 88' lang='lat' dir='ltr'><strong>haud</strong></span> <span class='ocrx_word' id='word_1_78' title='bbox 554 1034 728 1088; x_wconf 86' lang='lat' dir='ltr'><strong>perinde</strong></span> <span class='ocrx_word' id='word_1_79' title='bbox 759 1035 1003 1076; x_wconf 89' lang='lat' dir='ltr'><strong>instruendo</strong></span> <span class='ocrx_word' id='word_1_80' title='bbox 1033 1034 1144 1076; x_wconf 91' lang='lat' dir='ltr'><strong>bello</strong></span> <span class='ocrx_word' id='word_1_81' title='bbox 1176 1035 1356 1077; x_wconf 85' lang='lat' dir='ltr'><strong>intentus</strong></span> <span class='ocrx_word' id='word_1_82' title='bbox 1378 1047 1501 1089; x_wconf 84' lang='lat' dir='ltr'><strong>quam</strong></span> <span class='ocrx_word' id='word_1_83' title='bbox 1531 1035 1673 1077; x_wconf 76' lang='lat' dir='ltr'><strong>fre-10</strong></span> 
     </span>
    </p>
   </div>
   <div class='ocr_carea' id='block_1_13' title="bbox 623 1109 1621 1164">
    <p class='ocr_par' dir='ltr' id='par_1_13' title="bbox 623 1109 1621 1164">
     <span class='ocr_line' id='line_1_17' title="bbox 623 1109 1621 1164; baseline 0.001 -15"><span class='ocrx_word' id='word_1_84' title='bbox 623 1109 754 1163; x_wconf 85' lang='lat' dir='ltr'><strong>Igitur</strong></span> <span class='ocrx_word' id='word_1_85' title='bbox 780 1122 867 1151; x_wconf 89' lang='lat' dir='ltr'><strong>non</strong></span> <span class='ocrx_word' id='word_1_86' title='bbox 895 1110 1057 1151; x_wconf 87' lang='lat' dir='ltr'><strong>Treviri</strong></span> <span class='ocrx_word' id='word_1_87' title='bbox 1085 1122 1223 1163; x_wconf 88' lang='lat' dir='ltr'><strong>neque</strong></span> <span class='ocrx_word' id='word_1_88' title='bbox 1253 1110 1466 1164; x_wconf 86' lang='lat' dir='ltr'><strong>Lingones</strong></span> <span class='ocrx_word' id='word_1_89' title='bbox 1502 1113 1621 1150; x_wconf 89' lang='lat' dir='ltr'><strong>cete-</strong></span> 
     </span>
    </p>
   </div>
   <div class='ocr_carea' id='block_1_14' title="bbox 117 1182 1620 1313">
    <p class='ocr_par' dir='ltr' id='par_1_14' title="bbox 117 1182 1620 1313">
     <span class='ocr_line' id='line_1_18' title="bbox 117 1182 1620 1245; baseline 0 -21"><span class='ocrx_word' id='word_1_90' title='bbox 117 1195 245 1224; x_wconf 82' lang='lat' dir='ltr'><strong>raeve</strong></span> <span class='ocrx_word' id='word_1_91' title='bbox 273 1182 492 1245; x_wconf 77' lang='lat' dir='ltr'><strong>rebellium</strong></span> <span class='ocrx_word' id='word_1_92' title='bbox 527 1183 717 1225; x_wconf 87' lang='lat' dir='ltr'><strong>civitates</strong></span> <span class='ocrx_word' id='word_1_93' title='bbox 748 1195 824 1238; x_wconf 90' lang='lat' dir='ltr'><strong>pro</strong></span> <span class='ocrx_word' id='word_1_94' title='bbox 857 1184 1144 1238; x_wconf 80' lang='lat' dir='ltr'><strong>magnitudine</strong></span> <span class='ocrx_word' id='word_1_95' title='bbox 1163 1185 1346 1238; x_wconf 90' lang='lat' dir='ltr'><strong>suscepti</strong></span> <span class='ocrx_word' id='word_1_96' title='bbox 1366 1183 1620 1225; x_wconf 89' lang='lat' dir='ltr'><strong>discriminis</strong></span> 
     </span>
     <span class='ocr_line' id='line_1_19' title="bbox 119 1258 1620 1313; baseline -0.001 -14"><span class='ocrx_word' id='word_1_97' title='bbox 119 1270 263 1313; x_wconf 85' lang='lat' dir='ltr'><strong>agere.</strong></span> <span class='ocrx_word' id='word_1_98' title='bbox 306 1258 368 1300; x_wconf 92' lang='lat' dir='ltr'><strong>Ne</strong></span> <span class='ocrx_word' id='word_1_99' title='bbox 395 1258 525 1300; x_wconf 91' lang='lat' dir='ltr'><strong>duces</strong></span> <span class='ocrx_word' id='word_1_100' title='bbox 556 1258 720 1312; x_wconf 86' lang='lat' dir='ltr'><strong>quidem</strong></span> <span class='ocrx_word' id='word_1_101' title='bbox 753 1259 796 1299; x_wconf 91' lang='lat' dir='ltr'><strong>in</strong></span> <span class='ocrx_word' id='word_1_102' title='bbox 825 1271 950 1300; x_wconf 90' lang='lat' dir='ltr'><strong>unum</strong></span> <span class='ocrx_word' id='word_1_103' title='bbox 982 1259 1217 1311; x_wconf 90' lang='lat' dir='ltr'><strong>consulere,</strong></span> <span class='ocrx_word' id='word_1_104' title='bbox 1250 1259 1325 1300; x_wconf 91' lang='lat' dir='ltr'><strong>sed</strong></span> <span class='ocrx_word' id='word_1_105' title='bbox 1358 1258 1500 1299; x_wconf 91' lang='lat' dir='ltr'><strong>Civilis</strong></span> <span class='ocrx_word' id='word_1_106' title='bbox 1527 1258 1620 1300; x_wconf 90' lang='lat' dir='ltr'><strong>avia</strong></span> 
     </span>
    </p>
   </div>
   <div class='ocr_carea' id='block_1_15' title="bbox 117 1331 645 1387">
    <p class='ocr_par' dir='ltr' id='par_1_15' title="bbox 117 1331 645 1387">
     <span class='ocr_line' id='line_1_20' title="bbox 117 1331 645 1387; baseline 0 -14"><span class='ocrx_word' id='word_1_107' title='bbox 117 1331 340 1387; x_wconf 77' lang='lat' dir='ltr'><strong>Belgarum</strong></span> <span class='ocrx_word' id='word_1_108' title='bbox 373 1332 619 1374; x_wconf 88' lang='lat' dir='ltr'><strong>circumibat</strong></span> <span class='ocrx_word' id='word_1_109' title='bbox 633 1364 645 1385; x_wconf 92' lang='lat'><strong>,</strong></span> 
     </span>
    </p>
   </div>
   <div class='ocr_carea' id='block_1_16' title="bbox 694 1332 1622 1386">
    <p class='ocr_par' dir='ltr' id='par_1_16' title="bbox 694 1332 1622 1386">
     <span class='ocr_line' id='line_1_21' title="bbox 694 1332 1622 1386; baseline -0.002 -12"><span class='ocrx_word' id='word_1_110' title='bbox 694 1332 789 1374; x_wconf 90' lang='lat' dir='ltr'><strong>dum</strong></span> <span class='ocrx_word' id='word_1_111' title='bbox 829 1332 1043 1374; x_wconf 87' lang='lat' dir='ltr'><strong>Claudium</strong></span> <span class='ocrx_word' id='word_1_112' title='bbox 1082 1333 1320 1374; x_wconf 80' lang='lat' dir='ltr'><strong>Labeonem</strong></span> <span class='ocrx_word' id='word_1_113' title='bbox 1360 1344 1511 1386; x_wconf 87' lang='lat' dir='ltr'><strong>capere</strong></span> <span class='ocrx_word' id='word_1_114' title='bbox 1552 1335 1622 1373; x_wconf 89' lang='lat' dir='ltr'><strong>aut</strong></span> 
     </span>
    </p>
   </div>
   <div class='ocr_carea' id='block_1_17' title="bbox 118 1406 1672 1462">
    <p class='ocr_par' dir='ltr' id='par_1_17' title="bbox 118 1406 1672 1462">
     <span class='ocr_line' id='line_1_22' title="bbox 118 1406 1672 1462; baseline 0 -15"><span class='ocrx_word' id='word_1_115' title='bbox 118 1406 342 1448; x_wconf 85' lang='lat' dir='ltr'><strong>exturbare</strong></span> <span class='ocrx_word' id='word_1_116' title='bbox 371 1407 536 1458; x_wconf 83' lang='lat' dir='ltr'><strong>nititur3</strong></span> <span class='ocrx_word' id='word_1_117' title='bbox 585 1407 796 1449; x_wconf 89' lang='lat' dir='ltr'><strong>Classicus</strong></span> <span class='ocrx_word' id='word_1_118' title='bbox 838 1420 972 1462; x_wconf 87' lang='lat' dir='ltr'><strong>segne</strong></span> <span class='ocrx_word' id='word_1_119' title='bbox 1003 1408 1247 1461; x_wconf 87' lang='lat' dir='ltr'><strong>plerumque</strong></span> <span class='ocrx_word' id='word_1_120' title='bbox 1291 1408 1419 1448; x_wconf 90' lang='lat' dir='ltr'><strong>otium</strong></span> <span class='ocrx_word' id='word_1_121' title='bbox 1450 1407 1672 1450; x_wconf 78' lang='lat' dir='ltr'><strong>trahens¹5</strong></span> 
     </span>
    </p>
   </div>
   <div class='ocr_carea' id='block_1_18' title="bbox 116 1480 863 1536">
    <p class='ocr_par' dir='ltr' id='par_1_18' title="bbox 116 1480 863 1536">
     <span class='ocr_line' id='line_1_23' title="bbox 116 1480 863 1536; baseline 0.001 -14"><span class='ocrx_word' id='word_1_122' title='bbox 116 1480 231 1523; x_wconf 91' lang='lat' dir='ltr'><strong>velut</strong></span> <span class='ocrx_word' id='word_1_123' title='bbox 256 1485 375 1535; x_wconf 87' lang='lat' dir='ltr'><strong>parto</strong></span> <span class='ocrx_word' id='word_1_124' title='bbox 422 1482 595 1536; x_wconf 88' lang='lat' dir='ltr'><strong>imperio</strong></span> <span class='ocrx_word' id='word_1_125' title='bbox 637 1482 863 1524; x_wconf 84' lang='lat' dir='ltr'><strong>fruebatur.</strong></span> 
     </span>
    </p>
   </div>
   <div class='ocr_carea' id='block_1_19' title="bbox 922 1482 1620 1536">
    <p class='ocr_par' dir='ltr' id='par_1_19' title="bbox 922 1482 1620 1536">
     <span class='ocr_line' id='line_1_24' title="bbox 922 1482 1620 1536; baseline -0.001 -12"><span class='ocrx_word' id='word_1_126' title='bbox 922 1482 984 1524; x_wconf 90' lang='lat' dir='ltr'><strong>Ne</strong></span> <span class='ocrx_word' id='word_1_127' title='bbox 1021 1483 1148 1524; x_wconf 88' lang='lat' dir='ltr'><strong>Tutor</strong></span> <span class='ocrx_word' id='word_1_128' title='bbox 1192 1482 1358 1536; x_wconf 84' lang='lat' dir='ltr'><strong>quidem</strong></span> <span class='ocrx_word' id='word_1_129' title='bbox 1400 1482 1620 1524; x_wconf 84' lang='lat' dir='ltr'><strong>maturavit</strong></span> 
     </span>
    </p>
   </div>
   <div class='ocr_carea' id='block_1_20' title="bbox 118 1555 1621 1610">
    <p class='ocr_par' dir='ltr' id='par_1_20' title="bbox 118 1555 1621 1610">
     <span class='ocr_line' id='line_1_25' title="bbox 118 1555 1621 1610; baseline 0 -13"><span class='ocrx_word' id='word_1_130' title='bbox 118 1555 380 1609; x_wconf 88' lang='lat' dir='ltr'><strong>superiorem</strong></span> <span class='ocrx_word' id='word_1_131' title='bbox 412 1555 661 1598; x_wconf 89' lang='lat' dir='ltr'><strong>Germaniae</strong></span> <span class='ocrx_word' id='word_1_132' title='bbox 691 1557 823 1610; x_wconf 88' lang='lat' dir='ltr'><strong>ripam</strong></span> <span class='ocrx_word' id='word_1_133' title='bbox 855 1561 895 1598; x_wconf 85' lang='lat' dir='ltr'><strong>ct</strong></span> <span class='ocrx_word' id='word_1_134' title='bbox 925 1557 1055 1598; x_wconf 87' lang='lat' dir='ltr'><strong>ardua</strong></span> <span class='ocrx_word' id='word_1_135' title='bbox 1073 1557 1238 1610; x_wconf 90' lang='lat' dir='ltr'><strong>Alpium</strong></span> <span class='ocrx_word' id='word_1_136' title='bbox 1260 1557 1482 1610; x_wconf 83' lang='lat' dir='ltr'><strong>praesidiis</strong></span> <span class='ocrx_word' id='word_1_137' title='bbox 1501 1556 1621 1597; x_wconf 91' lang='lat' dir='ltr'><strong>clau-</strong></span> 
     </span>
    </p>
   </div>
   <div class='ocr_carea' id='block_1_21' title="bbox 122 1628 238 1671">
    <p class='ocr_par' dir='ltr' id='par_1_21' title="bbox 122 1628 238 1671">
     <span class='ocr_line' id='line_1_26' title="bbox 122 1628 238 1671; baseline 0.01 -1"><span class='ocrx_word' id='word_1_138' title='bbox 122 1628 238 1671; x_wconf 89' lang='lat' dir='ltr'><strong>dere.</strong></span> 
     </span>
    </p>
   </div>
   <div class='ocr_carea' id='block_1_22' title="bbox 117 1774 678 1957">
    <p class='ocr_par' dir='ltr' id='par_1_22' title="bbox 117 1774 666 1957">
     <span class='ocr_line' id='line_1_27' title="bbox 254 1774 509 1821; baseline 0.004 -12"><span class='ocrx_word' id='word_1_139' title='bbox 254 1776 289 1810; x_wconf 86' lang='lat'><strong>5.</strong></span> <span class='ocrx_word' id='word_1_140' title='bbox 319 1775 414 1821; x_wconf 80' lang='lat' dir='ltr'><strong>saed.</strong></span> <span class='ocrx_word' id='word_1_141' title='bbox 442 1774 509 1810; x_wconf 66' lang='lat' dir='ltr'><strong>Ma.</strong></span> 
     </span>
     <span class='ocr_line' id='line_1_28' title="bbox 117 1823 505 1869; baseline 0.003 -12"><span class='ocrx_word' id='word_1_142' title='bbox 117 1824 189 1857; x_wconf 85' lang='lat' dir='ltr'><strong>tius</strong></span> <span class='ocrx_word' id='word_1_143' title='bbox 215 1823 309 1868; x_wconf 88' lang='lat' dir='ltr'><strong>apud</strong></span> <span class='ocrx_word' id='word_1_144' title='bbox 334 1824 505 1869; x_wconf 87' lang='lat' dir='ltr'><strong>Lipsium.</strong></span> 
     </span>
     <span class='ocr_line' id='line_1_29' title="bbox 117 1870 678 1919; baseline 0.005 -13"><span class='ocrx_word' id='word_1_145' title='bbox 117 1872 219 1918; x_wconf 78' lang='lat' dir='ltr'><strong>cplae</strong></span> <span class='ocrx_word' id='word_1_146' title='bbox 242 1870 310 1906; x_wconf 60' lang='lat' dir='ltr'><strong>Ma.</strong></span> <span class='ocrx_word' id='word_1_147' title='bbox 415 1872 451 1907; x_wconf 91' lang='lat'><strong>8.</strong></span> <span class='ocrx_word' id='word_1_148' title='bbox 479 1873 585 1919; x_wconf 60' lang='lat' dir='ltr'><strong>defo.</strong></span> <span class='ocrx_word' id='word_1_149' title='bbox 611 1874 678 1910; x_wconf 67' lang='lat' dir='ltr'><strong>Ma.</strong></span> 
     </span>
     <span class='ocr_line' id='line_1_30' title="bbox 122 1920 625 1957; baseline 0.006 -3"><span class='ocrx_word' id='word_1_150' title='bbox 122 1920 177 1955; x_wconf 89' lang='lat'><strong>18.</strong></span> <span class='ocrx_word' id='word_1_151' title='bbox 206 1921 534 1956; x_wconf 75' lang='lat' dir='ltr'><strong>unaecuineensima</strong></span> <span class='ocrx_word' id='word_1_152' title='bbox 558 1922 625 1957; x_wconf 70' lang='lat' dir='ltr'><strong>M2.</strong></span> 
     </span>
    </p>
   </div>
   <div class='ocr_carea' id='block_1_23' title="bbox 118 2066 846 3018">
    <p class='ocr_par' dir='ltr' id='par_1_23' title="bbox 118 2066 842 2450">
     <span class='ocr_line' id='line_1_31' title="bbox 121 2066 838 2103; baseline 0.003 -3"><span class='ocrx_word' id='word_1_153' title='bbox 121 2066 324 2102; x_wconf 84' lang='lat' dir='ltr'><strong>contrariae</strong></span> <span class='ocrx_word' id='word_1_154' title='bbox 351 2069 558 2101; x_wconf 86' lang='lat' dir='ltr'><strong>sententiae</strong></span> <span class='ocrx_word' id='word_1_155' title='bbox 593 2069 650 2102; x_wconf 90' lang='lat' dir='ltr'><strong>vis</strong></span> <span class='ocrx_word' id='word_1_156' title='bbox 686 2074 722 2103; x_wconf 87' lang='lat' dir='ltr'><strong>et</strong></span> <span class='ocrx_word' id='word_1_157' title='bbox 748 2070 838 2103; x_wconf 86' lang='lat' dir='ltr'><strong>ratio</strong></span> 
     </span>
     <span class='ocr_line' id='line_1_32' title="bbox 121 2114 839 2173; baseline 0.003 -25"><span class='ocrx_word' id='word_1_158' title='bbox 121 2114 325 2149; x_wconf 83' lang='lat' dir='ltr'><strong>declaretur</strong></span> <span class='ocrx_word' id='word_1_159' title='bbox 347 2120 457 2160; x_wconf 88' lang='lat' dir='ltr'><strong>atque</strong></span> <span class='ocrx_word' id='word_1_160' title='bbox 486 2117 606 2173; x_wconf 84' lang='lat' dir='ltr'><strong>imago</strong></span> <span class='ocrx_word' id='word_1_161' title='bbox 633 2117 735 2163; x_wconf 80' lang='lat' dir='ltr'><strong>vulgi</strong></span> <span class='ocrx_word' id='word_1_162' title='bbox 752 2128 839 2152; x_wconf 88' lang='lat' dir='ltr'><strong>ver-</strong></span> 
     </span>
     <span class='ocr_line' id='line_1_33' title="bbox 118 2160 837 2210; baseline 0.003 -13"><span class='ocrx_word' id='word_1_163' title='bbox 118 2163 176 2197; x_wconf 87' lang='lat' dir='ltr'><strong>bis</strong></span> <span class='ocrx_word' id='word_1_164' title='bbox 200 2160 406 2209; x_wconf 74' lang='lat' dir='ltr'><strong>magnifici,</strong></span> <span class='ocrx_word' id='word_1_165' title='bbox 433 2175 473 2198; x_wconf 90' lang='lat' dir='ltr'><strong>re</strong></span> <span class='ocrx_word' id='word_1_166' title='bbox 499 2165 617 2199; x_wconf 89' lang='lat' dir='ltr'><strong>inanis</strong></span> <span class='ocrx_word' id='word_1_167' title='bbox 645 2170 680 2199; x_wconf 87' lang='lat' dir='ltr'><strong>et</strong></span> <span class='ocrx_word' id='word_1_168' title='bbox 704 2167 837 2210; x_wconf 85' lang='lat' dir='ltr'><strong>pavidi,</strong></span> 
     </span>
     <span class='ocr_line' id='line_1_34' title="bbox 120 2213 839 2256; baseline 0.004 -11"><span class='ocrx_word' id='word_1_169' title='bbox 120 2216 301 2256; x_wconf 83' lang='lat' dir='ltr'><strong>postremo</strong></span> <span class='ocrx_word' id='word_1_170' title='bbox 344 2213 452 2246; x_wconf 89' lang='lat' dir='ltr'><strong>etiam</strong></span> <span class='ocrx_word' id='word_1_171' title='bbox 503 2213 639 2247; x_wconf 89' lang='lat' dir='ltr'><strong>invidia</strong></span> <span class='ocrx_word' id='word_1_172' title='bbox 679 2213 839 2248; x_wconf 85' lang='lat' dir='ltr'><strong>distracti</strong></span> 
     </span>
     <span class='ocr_line' id='line_1_35' title="bbox 120 2260 840 2306; baseline 0.004 -12"><span class='ocrx_word' id='word_1_173' title='bbox 120 2260 348 2304; x_wconf 86' lang='lat' dir='ltr'><strong>praebeatur,</strong></span> <span class='ocrx_word' id='word_1_174' title='bbox 374 2260 409 2294; x_wconf 89' lang='lat' dir='ltr'><strong>id</strong></span> <span class='ocrx_word' id='word_1_175' title='bbox 427 2260 525 2305; x_wconf 79' lang='lat' dir='ltr'><strong>quod</strong></span> <span class='ocrx_word' id='word_1_176' title='bbox 540 2263 734 2306; x_wconf 88' lang='lat' dir='ltr'><strong>praecipue</strong></span> <span class='ocrx_word' id='word_1_177' title='bbox 753 2274 840 2297; x_wconf 88' lang='lat' dir='ltr'><strong>sen-</strong></span> 
     </span>
     <span class='ocr_line' id='line_1_36' title="bbox 121 2308 837 2344; baseline 0.003 -3"><span class='ocrx_word' id='word_1_178' title='bbox 121 2309 205 2342; x_wconf 88' lang='lat' dir='ltr'><strong>titur</strong></span> <span class='ocrx_word' id='word_1_179' title='bbox 233 2308 271 2341; x_wconf 89' lang='lat' dir='ltr'><strong>in</strong></span> <span class='ocrx_word' id='word_1_180' title='bbox 306 2308 429 2342; x_wconf 80' lang='lat' dir='ltr'><strong>verbis</strong></span> <span class='ocrx_word' id='word_1_181' title='bbox 473 2315 505 2342; x_wconf 82' lang='lat' dir='ltr'><strong>et</strong></span> <span class='ocrx_word' id='word_1_182' title='bbox 538 2309 718 2344; x_wconf 73' lang='lat' dir='ltr'><strong>Valentini</strong></span> <span class='ocrx_word' id='word_1_183' title='bbox 757 2312 837 2344; x_wconf 77' lang='lat' dir='ltr'><strong>ani·</strong></span> 
     </span>
     <span class='ocr_line' id='line_1_37' title="bbox 118 2355 842 2404; baseline 0.003 -14"><span class='ocrx_word' id='word_1_184' title='bbox 118 2367 213 2390; x_wconf 69' lang='lat' dir='ltr'><strong>mum</strong></span> <span class='ocrx_word' id='word_1_185' title='bbox 237 2355 446 2399; x_wconf 76' lang='lat' dir='ltr'><strong>laudabant,</strong></span> <span class='ocrx_word' id='word_1_186' title='bbox 476 2357 658 2391; x_wconf 76' lang='lat' dir='ltr'><strong>consilium</strong></span> <span class='ocrx_word' id='word_1_187' title='bbox 678 2359 842 2404; x_wconf 79' lang='lat' dir='ltr'><strong>Auspicis</strong></span> 
     </span>
     <span class='ocr_line' id='line_1_38' title="bbox 119 2404 366 2450; baseline -0.004 -11"><span class='ocrx_word' id='word_1_188' title='bbox 119 2404 366 2450; x_wconf 72' lang='lat' dir='ltr'><strong>sequebantur.</strong></span> 
     </span>
    </p>

    <p class='ocr_par' dir='ltr' id='par_1_24' title="bbox 120 2452 842 2691">
     <span class='ocr_line' id='line_1_39' title="bbox 197 2452 842 2497; baseline -0.002 -11"><span class='ocrx_word' id='word_1_189' title='bbox 197 2452 288 2497; x_wconf 76' lang='lat' dir='ltr'><strong>quod</strong></span> <span class='ocrx_word' id='word_1_190' title='bbox 323 2452 480 2487; x_wconf 77' lang='lat' dir='ltr'><strong>Vindicis</strong></span> <span class='ocrx_word' id='word_1_191' title='bbox 515 2458 610 2486; x_wconf 79' lang='lat' dir='ltr'><strong>motu</strong></span> <span class='ocrx_word' id='word_1_192' title='bbox 642 2464 719 2486; x_wconf 78' lang='lat' dir='ltr'><strong>cnm</strong></span> <span class='ocrx_word' id='word_1_193' title='bbox 754 2453 842 2486; x_wconf 85' lang='lat' dir='ltr'><strong>Ver-</strong></span> 
     </span>
     <span class='ocr_line' id='line_1_40' title="bbox 120 2500 841 2546; baseline 0 -12"><span class='ocrx_word' id='word_1_194' title='bbox 120 2501 219 2546; x_wconf 65' lang='lat' dir='ltr'><strong>ginio</strong></span> <span class='ocrx_word' id='word_1_195' title='bbox 243 2506 438 2535; x_wconf 77' lang='lat' dir='ltr'><strong>steterant:</strong></span> <span class='ocrx_word' id='word_1_196' title='bbox 479 2500 575 2545; x_wconf 88' lang='lat' dir='ltr'><strong>quod</strong></span> <span class='ocrx_word' id='word_1_197' title='bbox 611 2505 696 2535; x_wconf 88' lang='lat' dir='ltr'><strong>tunc</strong></span> <span class='ocrx_word' id='word_1_198' title='bbox 721 2506 841 2546; x_wconf 82' lang='lat' dir='ltr'><strong>partes</strong></span> 
     </span>
     <span class='ocr_line' id='line_1_41' title="bbox 123 2549 842 2584; baseline -0.001 0"><span class='ocrx_word' id='word_1_199' title='bbox 123 2549 318 2584; x_wconf 81' lang='lat' dir='ltr'><strong>Galliarum</strong></span> <span class='ocrx_word' id='word_1_200' title='bbox 335 2559 407 2583; x_wconf 91' lang='lat' dir='ltr'><strong>non</strong></span> <span class='ocrx_word' id='word_1_201' title='bbox 436 2549 551 2583; x_wconf 87' lang='lat' dir='ltr'><strong>secuti</strong></span> <span class='ocrx_word' id='word_1_202' title='bbox 577 2549 640 2583; x_wconf 90' lang='lat' dir='ltr'><strong>sed</strong></span> <span class='ocrx_word' id='word_1_203' title='bbox 656 2560 734 2583; x_wconf 91' lang='lat' dir='ltr'><strong>cum</strong></span> <span class='ocrx_word' id='word_1_204' title='bbox 752 2551 842 2584; x_wconf 84' lang='lat' dir='ltr'><strong>Ver-</strong></span> 
     </span>
     <span class='ocr_line' id='line_1_42' title="bbox 123 2597 841 2643; baseline 0.001 -12"><span class='ocrx_word' id='word_1_205' title='bbox 123 2598 224 2643; x_wconf 76' lang='lat' dir='ltr'><strong>ginio</strong></span> <span class='ocrx_word' id='word_1_206' title='bbox 241 2602 277 2632; x_wconf 92' lang='lat' dir='ltr'><strong>et</strong></span> <span class='ocrx_word' id='word_1_207' title='bbox 291 2597 499 2643; x_wconf 83' lang='lat' dir='ltr'><strong>legionibus</strong></span> <span class='ocrx_word' id='word_1_208' title='bbox 513 2597 733 2632; x_wconf 78' lang='lat' dir='ltr'><strong>Germanicis</strong></span> <span class='ocrx_word' id='word_1_209' title='bbox 751 2599 841 2632; x_wconf 91' lang='lat' dir='ltr'><strong>Vin-</strong></span> 
     </span>
     <span class='ocr_line' id='line_1_43' title="bbox 124 2645 580 2691; baseline -0.004 -11"><span class='ocrx_word' id='word_1_210' title='bbox 124 2645 242 2680; x_wconf 86' lang='lat' dir='ltr'><strong>dicem</strong></span> <span class='ocrx_word' id='word_1_211' title='bbox 269 2650 580 2691; x_wconf 78' lang='lat' dir='ltr'><strong>oppugnaverant.</strong></span> 
     </span>
    </p>

    <p class='ocr_par' dir='ltr' id='par_1_25' title="bbox 126 2694 846 3018">
     <span class='ocr_line' id='line_1_44' title="bbox 196 2694 843 2739; baseline 0 -11"><span class='ocrx_word' id='word_1_212' title='bbox 196 2694 289 2728; x_wconf 73' lang='lat' dir='ltr'><strong>tmde</strong></span> <span class='ocrx_word' id='word_1_213' title='bbox 314 2695 368 2727; x_wconf 72' lang='lat' dir='ltr'><strong>ius</strong></span> <span class='ocrx_word' id='word_1_214' title='bbox 394 2694 655 2739; x_wconf 73' lang='lat' dir='ltr'><strong>auspiciumque</strong></span> <span class='ocrx_word' id='word_1_215' title='bbox 672 2705 683 2726; x_wconf 89' lang='lat'><strong>.·</strong></span> <span class='ocrx_word' id='word_1_216' title='bbox 721 2695 776 2728; x_wconf 78' lang='lat' dir='ltr'><strong>ius</strong></span> <span class='ocrx_word' id='word_1_217' title='bbox 799 2695 843 2728; x_wconf 87' lang='lat' dir='ltr'><strong>ad</strong></span> 
     </span>
     <span class='ocr_line' id='line_1_45' title="bbox 126 2742 843 2787; baseline 0.001 -12"><span class='ocrx_word' id='word_1_218' title='bbox 126 2742 252 2776; x_wconf 88' lang='lat' dir='ltr'><strong>civilia</strong></span> <span class='ocrx_word' id='word_1_219' title='bbox 279 2743 438 2785; x_wconf 83' lang='lat' dir='ltr'><strong>pertinet</strong></span> <span class='ocrx_word' id='word_1_220' title='bbox 472 2742 666 2787; x_wconf 79' lang='lat' dir='ltr'><strong>auspicium</strong></span> <span class='ocrx_word' id='word_1_221' title='bbox 700 2742 744 2775; x_wconf 89' lang='lat' dir='ltr'><strong>ad</strong></span> <span class='ocrx_word' id='word_1_222' title='bbox 770 2753 843 2776; x_wconf 89' lang='lat' dir='ltr'><strong>rcm</strong></span> 
     </span>
     <span class='ocr_line' id='line_1_46' title="bbox 126 2789 845 2834; baseline 0 -10"><span class='ocrx_word' id='word_1_223' title='bbox 126 2789 310 2824; x_wconf 87' lang='lat' dir='ltr'><strong>bellicam.</strong></span> <span class='ocrx_word' id='word_1_224' title='bbox 430 2801 495 2834; x_wconf 80' lang='lat' dir='ltr'><strong>per</strong></span> <span class='ocrx_word' id='word_1_225' title='bbox 523 2789 669 2834; x_wconf 69' lang='lat' dir='ltr'><strong>iurgia.-</strong></span> <span class='ocrx_word' id='word_1_226' title='bbox 697 2789 767 2824; x_wconf 89' lang='lat' dir='ltr'><strong>boc</strong></span> <span class='ocrx_word' id='word_1_227' title='bbox 791 2796 845 2824; x_wconf 86' lang='lat' dir='ltr'><strong>est</strong></span> 
     </span>
     <span class='ocr_line' id='line_1_47' title="bbox 128 2839 845 2882; baseline -0.004 -10"><span class='ocrx_word' id='word_1_228' title='bbox 128 2839 178 2872; x_wconf 88' lang='lat' dir='ltr'><strong>ita</strong></span> <span class='ocrx_word' id='word_1_229' title='bbox 204 2848 287 2872; x_wconf 87' lang='lat' dir='ltr'><strong>suas</strong></span> <span class='ocrx_word' id='word_1_230' title='bbox 323 2848 412 2882; x_wconf 90' lang='lat' dir='ltr'><strong>opes</strong></span> <span class='ocrx_word' id='word_1_231' title='bbox 445 2839 615 2882; x_wconf 87' lang='lat' dir='ltr'><strong>viresque</strong></span> <span class='ocrx_word' id='word_1_232' title='bbox 650 2843 711 2871; x_wconf 88' lang='lat' dir='ltr'><strong>aut</strong></span> <span class='ocrx_word' id='word_1_233' title='bbox 735 2844 845 2873; x_wconf 75' lang='lat' dir='ltr'><strong>vetu-</strong></span> 
     </span>
     <span class='ocr_line' id='line_1_48' title="bbox 129 2885 845 2931; baseline -0.004 -11"><span class='ocrx_word' id='word_1_234' title='bbox 129 2891 260 2920; x_wconf 82' lang='lat' dir='ltr'><strong>statem</strong></span> <span class='ocrx_word' id='word_1_235' title='bbox 289 2886 440 2931; x_wconf 86' lang='lat' dir='ltr'><strong>origiuis</strong></span> <span class='ocrx_word' id='word_1_236' title='bbox 475 2885 674 2928; x_wconf 86' lang='lat' dir='ltr'><strong>iactabant,</strong></span> <span class='ocrx_word' id='word_1_237' title='bbox 710 2892 749 2919; x_wconf 82' lang='lat' dir='ltr'><strong>ut</strong></span> <span class='ocrx_word' id='word_1_238' title='bbox 781 2898 845 2921; x_wconf 78' lang='lat' dir='ltr'><strong>ea-</strong></span> 
     </span>
     <span class='ocr_line' id='line_1_49' title="bbox 130 2934 846 2980; baseline 0 -11"><span class='ocrx_word' id='word_1_239' title='bbox 130 2935 212 2969; x_wconf 87' lang='lat' dir='ltr'><strong>dem</strong></span> <span class='ocrx_word' id='word_1_240' title='bbox 241 2936 278 2968; x_wconf 86' lang='lat' dir='ltr'><strong>in</strong></span> <span class='ocrx_word' id='word_1_241' title='bbox 318 2934 399 2968; x_wconf 85' lang='lat' dir='ltr'><strong>aliis</strong></span> <span class='ocrx_word' id='word_1_242' title='bbox 425 2934 594 2980; x_wconf 85' lang='lat' dir='ltr'><strong>gentibus</strong></span> <span class='ocrx_word' id='word_1_243' title='bbox 628 2934 755 2969; x_wconf 84' lang='lat' dir='ltr'><strong>deesse</strong></span> <span class='ocrx_word' id='word_1_244' title='bbox 781 2945 846 2969; x_wconf 91' lang='lat' dir='ltr'><strong>co-</strong></span> 
     </span>
     <span class='ocr_line' id='line_1_50' title="bbox 132 2982 808 3018; baseline -0.001 0"><span class='ocrx_word' id='word_1_245' title='bbox 132 2994 206 3018; x_wconf 86' lang='lat' dir='ltr'><strong>ram</strong></span> <span class='ocrx_word' id='word_1_246' title='bbox 234 2982 375 3017; x_wconf 85' lang='lat' dir='ltr'><strong>civibus</strong></span> <span class='ocrx_word' id='word_1_247' title='bbox 401 2993 521 3017; x_wconf 87' lang='lat' dir='ltr'><strong>earnm</strong></span> <span class='ocrx_word' id='word_1_248' title='bbox 548 2988 808 3018; x_wconf 80' lang='lat' dir='ltr'><strong>asseverarent.</strong></span> 
     </span>
    </p>
   </div>
   <div class='ocr_carea' id='block_1_24' title="bbox 199 3061 398 3092">
    <p class='ocr_par' dir='ltr' id='par_1_26' title="bbox 199 3061 398 3092">
     <span class='ocr_line' id='line_1_51' title="bbox 199 3061 398 3092; baseline -0.01 0"><span class='ocrx_word' id='word_1_249' title='bbox 199 3062 324 3092; x_wconf 71' lang='lat' dir='ltr'><strong>Tacitus</strong></span> <span class='ocrx_word' id='word_1_250' title='bbox 343 3061 398 3091; x_wconf 84' lang='lat'><strong>111.</strong></span> 
     </span>
    </p>
   </div>
   <div class='ocr_carea' id='block_1_25' title="bbox 298 1625 1670 1686">
    <p class='ocr_par' dir='ltr' id='par_1_27' title="bbox 298 1616 1768 1686">
     <span class='ocr_line' id='line_1_52' title="bbox 298 1625 1670 1686; baseline 0 -16"><span class='ocrx_word' id='word_1_251' title='bbox 298 1629 436 1683; x_wconf 89' lang='lat' dir='ltr'><strong>Atque</strong></span> <span class='ocrx_word' id='word_1_252' title='bbox 468 1629 631 1671; x_wconf 88' lang='lat' dir='ltr'><strong>interim</strong></span> <span class='ocrx_word' id='word_1_253' title='bbox 661 1631 993 1673; x_wconf 89' lang='lat' dir='ltr'><strong>unaetvicesima</strong></span> <span class='ocrx_word' id='word_1_254' title='bbox 1021 1631 1135 1686; x_wconf 88' lang='lat' dir='ltr'><strong>legio</strong></span> <span class='ocrx_word' id='word_1_255' title='bbox 1166 1630 1445 1682; x_wconf 86' lang='lat' dir='ltr'><strong>Vindonissa,</strong></span> <span class='ocrx_word' id='word_1_256' title='bbox 1478 1625 1670 1673; x_wconf 65' lang='lat' dir='ltr'><strong>Sexti-ia</strong></span> 
     </span>
    </p>
   </div>
   <div class='ocr_carea' id='block_1_26' title="bbox 1634 1709 1768 1762">
    <p class='ocr_par' dir='ltr' id='par_1_28' title="bbox 1634 1709 1768 1762">
     <span class='ocr_line' id='line_1_53' title="bbox 1634 1709 1768 1762; baseline 0 -12"><span class='ocrx_word' id='word_1_257' title='bbox 1634 1709 1768 1762; x_wconf 50' lang='lat' dir='ltr'><strong>boec&amp;</strong></span> 
     </span>
    </p>
   </div>
   <div class='ocr_carea' id='block_1_27' title="bbox 1230 1691 1344 1708">
    <p class='ocr_par' dir='ltr' id='par_1_29' title="bbox 1230 1691 1344 1708">
     <span class='ocr_line' id='line_1_54' title="bbox 1230 1691 1344 1708; baseline 0 0"><span class='ocrx_word' id='word_1_258' title='bbox 1230 1691 1344 1708; x_wconf 54' lang='grc' dir='ltr'><em>Γ</em></span> 
     </span>
    </p>
   </div>
   <div class='ocr_carea' id='block_1_28' title="bbox 586 1776 1620 1872">
    <p class='ocr_par' dir='ltr' id='par_1_30' title="bbox 586 1776 1620 1872">
     <span class='ocr_line' id='line_1_55' title="bbox 586 1776 1620 1824; baseline 0 -13"><span class='ocrx_word' id='word_1_259' title='bbox 586 1789 650 1823; x_wconf 84' lang='lat' dir='ltr'><strong>per</strong></span> <span class='ocrx_word' id='word_1_260' title='bbox 677 1778 773 1811; x_wconf 78' lang='lat' dir='ltr'><strong>iuria</strong></span> <span class='ocrx_word' id='word_1_261' title='bbox 800 1776 895 1821; x_wconf 73' lang='lat' dir='ltr'><strong>GM³‚</strong></span> <span class='ocrx_word' id='word_1_262' title='bbox 919 1779 1083 1824; x_wconf 78' lang='lat' dir='ltr'><strong>periuria</strong></span> <span class='ocrx_word' id='word_1_263' title='bbox 1108 1777 1220 1811; x_wconf 85' lang='lat' dir='ltr'>BCR:</span> <span class='ocrx_word' id='word_1_264' title='bbox 1247 1778 1405 1811; x_wconf 77' lang='lat' dir='ltr'><strong>correxit</strong></span> <span class='ocrx_word' id='word_1_265' title='bbox 1430 1777 1467 1822; x_wconf 89' lang='grc' dir='ltr'>Ρ</span> <span class='ocrx_word' id='word_1_266' title='bbox 1494 1777 1620 1811; x_wconf 79' lang='lat' dir='ltr'><strong>Manu-</strong></span> 
     </span>
     <span class='ocr_line' id='line_1_56' title="bbox 595 1824 1619 1872; baseline -0.001 -11"><span class='ocrx_word' id='word_1_267' title='bbox 595 1826 629 1861; x_wconf 87' lang='lat'><strong>6.</strong></span> <span class='ocrx_word' id='word_1_268' title='bbox 665 1827 755 1860; x_wconf 77' lang='lat' dir='ltr'><strong>tedio</strong></span> <span class='ocrx_word' id='word_1_269' title='bbox 781 1829 821 1870; x_wconf 82' lang='lat' dir='ltr'><strong>su</strong></span> <span class='ocrx_word' id='word_1_270' title='bbox 847 1828 901 1872; x_wconf 84' lang='grc' dir='ltr'><strong>(ὶη</strong></span> <span class='ocrx_word' id='word_1_271' title='bbox 931 1838 1055 1861; x_wconf 85' lang='lat' dir='ltr'><strong>versus</strong></span> <span class='ocrx_word' id='word_1_272' title='bbox 1094 1826 1183 1872; x_wconf 82' lang='lat' dir='ltr'><strong>line]</strong></span> <span class='ocrx_word' id='word_1_273' title='bbox 1212 1828 1410 1871; x_wconf 78' lang='lat' dir='ltr'><strong>suturarum</strong></span> <span class='ocrx_word' id='word_1_274' title='bbox 1435 1824 1501 1860; x_wconf 72' lang='lat' dir='ltr'><strong>Ma.</strong></span> <span class='ocrx_word' id='word_1_275' title='bbox 1585 1827 1619 1860; x_wconf 90' lang='lat'><strong>7.</strong></span> 
     </span>
    </p>
   </div>
   <div class='ocr_carea' id='block_1_29' title="bbox 757 1875 1021 1921">
    <p class='ocr_par' dir='ltr' id='par_1_31' title="bbox 757 1875 1021 1921">
     <span class='ocr_line' id='line_1_57' title="bbox 757 1875 1021 1921; baseline -0.004 -11"><span class='ocrx_word' id='word_1_276' title='bbox 757 1875 792 1910; x_wconf 92' lang='lat'><strong>9.</strong></span> <span class='ocrx_word' id='word_1_277' title='bbox 819 1877 927 1921; x_wconf 80' lang='lat' dir='ltr'><strong>penit.</strong></span> <span class='ocrx_word' id='word_1_278' title='bbox 955 1875 1021 1910; x_wconf 69' lang='lat' dir='ltr'><strong>Ma.</strong></span> 
     </span>
    </p>
   </div>
   <div class='ocr_carea' id='block_1_30' title="bbox 1086 1873 1619 1921">
    <p class='ocr_par' dir='ltr' id='par_1_32' title="bbox 1086 1873 1619 1921">
     <span class='ocr_line' id='line_1_58' title="bbox 1086 1873 1619 1921; baseline -0.004 -11"><span class='ocrx_word' id='word_1_279' title='bbox 1086 1876 1141 1910; x_wconf 76' lang='lat'><strong>14.</strong></span> <span class='ocrx_word' id='word_1_280' title='bbox 1162 1881 1304 1921; x_wconf 81' lang='lat' dir='ltr'><strong>caperet</strong></span> <span class='ocrx_word' id='word_1_281' title='bbox 1328 1873 1404 1909; x_wconf 69' lang='lat' dir='ltr'><strong>Illa:</strong></span> <span class='ocrx_word' id='word_1_282' title='bbox 1426 1874 1453 1908; x_wconf 88' lang='lat' dir='ltr'>G</span> <span class='ocrx_word' id='word_1_283' title='bbox 1480 1885 1619 1920; x_wconf 84' lang='lat' dir='ltr'><strong>capere.</strong></span> 
     </span>
    </p>
   </div>
   <div class='ocr_carea' id='block_1_31' title="bbox 907 2067 1630 3027">
    <p class='ocr_par' dir='ltr' id='par_1_33' title="bbox 907 2067 1626 2882">
     <span class='ocr_line' id='line_1_59' title="bbox 980 2067 1620 2113; baseline -0.003 -11"><span class='ocrx_word' id='word_1_284' title='bbox 980 2067 1067 2113; x_wconf 89' lang='lat' dir='ltr'><strong>Cap.</strong></span> <span class='ocrx_word' id='word_1_285' title='bbox 1098 2069 1156 2104; x_wconf 84' lang='lat'><strong>70.</strong></span> <span class='ocrx_word' id='word_1_286' title='bbox 1188 2067 1374 2102; x_wconf 76' lang='lat' dir='ltr'><strong>Claudium</strong></span> <span class='ocrx_word' id='word_1_287' title='bbox 1399 2067 1620 2101; x_wconf 79' lang='lat' dir='ltr'><strong>Labeonem:</strong></span> 
     </span>
     <span class='ocr_line' id='line_1_60' title="bbox 908 2115 1623 2160; baseline -0.004 -9"><span class='ocrx_word' id='word_1_288' title='bbox 908 2117 952 2151; x_wconf 89' lang='lat' dir='ltr'><strong>de</strong></span> <span class='ocrx_word' id='word_1_289' title='bbox 979 2117 1049 2151; x_wconf 87' lang='lat' dir='ltr'><strong>boc</strong></span> <span class='ocrx_word' id='word_1_290' title='bbox 1074 2122 1171 2151; x_wconf 86' lang='lat' dir='ltr'><strong>trans</strong></span> <span class='ocrx_word' id='word_1_291' title='bbox 1195 2117 1328 2150; x_wconf 83' lang='lat' dir='ltr'><strong>Mosam</strong></span> <span class='ocrx_word' id='word_1_292' title='bbox 1363 2115 1510 2149; x_wconf 88' lang='lat' dir='ltr'><strong>fluvium</strong></span> <span class='ocrx_word' id='word_1_293' title='bbox 1535 2126 1623 2160; x_wconf 86' lang='lat' dir='ltr'><strong>pro-</strong></span> 
     </span>
     <span class='ocr_line' id='line_1_61' title="bbox 907 2165 1623 2212; baseline -0.008 -12"><span class='ocrx_word' id='word_1_294' title='bbox 907 2166 1074 2212; x_wconf 82' lang='lat' dir='ltr'><strong>fugiente</strong></span> <span class='ocrx_word' id='word_1_295' title='bbox 1100 2177 1131 2199; x_wconf 89' lang='lat' dir='ltr'><strong>c.</strong></span> <span class='ocrx_word' id='word_1_296' title='bbox 1149 2165 1196 2200; x_wconf 85' lang='lat'><strong>66</strong></span> <span class='ocrx_word' id='word_1_297' title='bbox 1222 2165 1373 2198; x_wconf 88' lang='lat' dir='ltr'><strong>relatum</strong></span> <span class='ocrx_word' id='word_1_298' title='bbox 1402 2169 1468 2198; x_wconf 84' lang='lat' dir='ltr'><strong>est:</strong></span> <span class='ocrx_word' id='word_1_299' title='bbox 1526 2175 1623 2198; x_wconf 78' lang='lat' dir='ltr'><strong>una-</strong></span> 
     </span>
     <span class='ocr_line' id='line_1_62' title="bbox 908 2213 1623 2258; baseline -0.003 -10"><span class='ocrx_word' id='word_1_300' title='bbox 908 2216 1108 2248; x_wconf 81' lang='lat' dir='ltr'><strong>etcicesima</strong></span> <span class='ocrx_word' id='word_1_301' title='bbox 1131 2213 1221 2258; x_wconf 68' lang='lat' dir='ltr'><strong>legio</strong></span> <span class='ocrx_word' id='word_1_302' title='bbox 1259 2213 1491 2247; x_wconf 78' lang='lat' dir='ltr'><strong>Vindonissa:</strong></span> <span class='ocrx_word' id='word_1_303' title='bbox 1530 2223 1623 2246; x_wconf 84' lang='lat' dir='ltr'><strong>una-</strong></span> 
     </span>
     <span class='ocr_line' id='line_1_63' title="bbox 909 2261 1624 2307; baseline -0.008 -11"><span class='ocrx_word' id='word_1_304' title='bbox 909 2264 1121 2297; x_wconf 80' lang='lat' dir='ltr'><strong>etvicesima</strong></span> <span class='ocrx_word' id='word_1_305' title='bbox 1149 2262 1246 2307; x_wconf 85' lang='lat' dir='ltr'><strong>legio</strong></span> <span class='ocrx_word' id='word_1_306' title='bbox 1268 2272 1312 2294; x_wconf 87' lang='lat' dir='ltr'><strong>ex</strong></span> <span class='ocrx_word' id='word_1_307' title='bbox 1332 2262 1519 2305; x_wconf 86' lang='lat' dir='ltr'><strong>superiore</strong></span> <span class='ocrx_word' id='word_1_308' title='bbox 1532 2261 1624 2294; x_wconf 80' lang='lat' dir='ltr'><strong>Ger-</strong></span> 
     </span>
     <span class='ocr_line' id='line_1_64' title="bbox 909 2308 1624 2344; baseline -0.007 0"><span class='ocrx_word' id='word_1_309' title='bbox 909 2312 1050 2344; x_wconf 86' lang='lat' dir='ltr'><strong>maniae</strong></span> <span class='ocrx_word' id='word_1_310' title='bbox 1075 2311 1235 2344; x_wconf 83' lang='lat' dir='ltr'><strong>exercitu</strong></span> <span class='ocrx_word' id='word_1_311' title='bbox 1264 2320 1283 2342; x_wconf 92' lang='lat' dir='ltr'><strong>a</strong></span> <span class='ocrx_word' id='word_1_312' title='bbox 1312 2308 1467 2342; x_wconf 87' lang='lat' dir='ltr'><strong>Caecina</strong></span> <span class='ocrx_word' id='word_1_313' title='bbox 1491 2308 1624 2341; x_wconf 84' lang='lat' dir='ltr'><strong>adver-</strong></span> 
     </span>
     <span class='ocr_line' id='line_1_65' title="bbox 909 2355 1622 2400; baseline -0.001 -9"><span class='ocrx_word' id='word_1_314' title='bbox 909 2369 969 2392; x_wconf 87' lang='lat' dir='ltr'><strong>sus</strong></span> <span class='ocrx_word' id='word_1_315' title='bbox 997 2357 1173 2392; x_wconf 88' lang='lat' dir='ltr'><strong>Othonem</strong></span> <span class='ocrx_word' id='word_1_316' title='bbox 1201 2358 1237 2390; x_wconf 91' lang='lat' dir='ltr'><strong>in</strong></span> <span class='ocrx_word' id='word_1_317' title='bbox 1265 2356 1403 2390; x_wconf 90' lang='lat' dir='ltr'><strong>ltaliam</strong></span> <span class='ocrx_word' id='word_1_318' title='bbox 1433 2355 1540 2389; x_wconf 74' lang='lat' dir='ltr'><strong>ducta</strong></span> <span class='ocrx_word' id='word_1_319' title='bbox 1561 2356 1622 2400; x_wconf 81' lang='grc' dir='ltr'><strong>(Η.</strong></span> 
     </span>
     <span class='ocr_line' id='line_1_66' title="bbox 910 2401 1624 2451; baseline -0.011 -10"><span class='ocrx_word' id='word_1_320' title='bbox 910 2407 1015 2451; x_wconf 22' lang='grc'>1361)</span> <span class='ocrx_word' id='word_1_321' title='bbox 1034 2401 1103 2439; x_wconf 76' lang='lat' dir='ltr'><strong>iani</strong></span> <span class='ocrx_word' id='word_1_322' title='bbox 1132 2407 1168 2439; x_wconf 91' lang='lat' dir='ltr'><strong>in</strong></span> <span class='ocrx_word' id='word_1_323' title='bbox 1195 2405 1416 2449; x_wconf 88' lang='lat' dir='ltr'><strong>provinciam</strong></span> <span class='ocrx_word' id='word_1_324' title='bbox 1442 2415 1541 2438; x_wconf 89' lang='lat' dir='ltr'><strong>suam</strong></span> <span class='ocrx_word' id='word_1_325' title='bbox 1562 2415 1624 2438; x_wconf 89' lang='lat' dir='ltr'><strong>re-</strong></span> 
     </span>
     <span class='ocr_line' id='line_1_67' title="bbox 910 2452 1624 2500; baseline -0.001 -13"><span class='ocrx_word' id='word_1_326' title='bbox 910 2455 1090 2500; x_wconf 86' lang='lat' dir='ltr'><strong>greditnr:</strong></span> <span class='ocrx_word' id='word_1_327' title='bbox 1117 2455 1152 2487; x_wconf 93' lang='lat' dir='ltr'><strong>in</strong></span> <span class='ocrx_word' id='word_1_328' title='bbox 1180 2463 1224 2487; x_wconf 93' lang='lat' dir='ltr'><strong>eo</strong></span> <span class='ocrx_word' id='word_1_329' title='bbox 1243 2454 1374 2487; x_wconf 88' lang='lat' dir='ltr'><strong>itinere</strong></span> <span class='ocrx_word' id='word_1_330' title='bbox 1387 2452 1624 2486; x_wconf 85' lang='lat' dir='ltr'><strong>Vindonissae</strong></span> 
     </span>
     <span class='ocr_line' id='line_1_68' title="bbox 910 2501 1623 2546; baseline -0.003 -10"><span class='ocrx_word' id='word_1_331' title='bbox 910 2505 946 2536; x_wconf 90' lang='lat' dir='ltr'><strong>in</strong></span> <span class='ocrx_word' id='word_1_332' title='bbox 973 2503 1098 2537; x_wconf 83' lang='lat' dir='ltr'><strong>castris</strong></span> <span class='ocrx_word' id='word_1_333' title='bbox 1127 2512 1219 2546; x_wconf 85' lang='lat' dir='ltr'><strong>qnae</strong></span> <span class='ocrx_word' id='word_1_334' title='bbox 1254 2501 1303 2535; x_wconf 90' lang='lat' dir='ltr'><strong>ibi</strong></span> <span class='ocrx_word' id='word_1_335' title='bbox 1342 2506 1443 2535; x_wconf 85' lang='lat' dir='ltr'><strong>erant</strong></span> <span class='ocrx_word' id='word_1_336' title='bbox 1485 2501 1546 2545; x_wconf 78' lang='lat' dir='ltr'><strong>(H.</strong></span> <span class='ocrx_word' id='word_1_337' title='bbox 1574 2501 1623 2534; x_wconf 82' lang='lat' dir='ltr'><strong>lv</strong></span> 
     </span>
     <span class='ocr_line' id='line_1_69' title="bbox 910 2548 1623 2597; baseline -0.007 -11"><span class='ocrx_word' id='word_1_338' title='bbox 910 2551 977 2597; x_wconf 85' lang='lat'><strong>61)</strong></span> <span class='ocrx_word' id='word_1_339' title='bbox 1011 2551 1273 2595; x_wconf 90' lang='lat' dir='ltr'><strong>requieverat·</strong></span> <span class='ocrx_word' id='word_1_340' title='bbox 1315 2549 1380 2583; x_wconf 92' lang='lat' dir='ltr'><strong>sed</strong></span> <span class='ocrx_word' id='word_1_341' title='bbox 1421 2548 1497 2582; x_wconf 91' lang='lat' dir='ltr'><strong>noli</strong></span> <span class='ocrx_word' id='word_1_342' title='bbox 1539 2549 1623 2582; x_wconf 88' lang='lat' dir='ltr'><strong>inde</strong></span> 
     </span>
     <span class='ocr_line' id='line_1_70' title="bbox 911 2597 1624 2644; baseline -0.006 -11"><span class='ocrx_word' id='word_1_343' title='bbox 911 2599 1088 2644; x_wconf 85' lang='lat' dir='ltr'><strong>colligere</strong></span> <span class='ocrx_word' id='word_1_344' title='bbox 1135 2598 1372 2632; x_wconf 86' lang='lat' dir='ltr'><strong>Vindonissae</strong></span> <span class='ocrx_word' id='word_1_345' title='bbox 1412 2602 1526 2631; x_wconf 80' lang='lat' dir='ltr'><strong>castra</strong></span> <span class='ocrx_word' id='word_1_346' title='bbox 1565 2597 1624 2629; x_wconf 90' lang='lat' dir='ltr'><strong>hi-</strong></span> 
     </span>
     <span class='ocr_line' id='line_1_71' title="bbox 911 2643 1624 2693; baseline -0.007 -11"><span class='ocrx_word' id='word_1_347' title='bbox 911 2648 1022 2682; x_wconf 89' lang='lat' dir='ltr'><strong>berna</strong></span> <span class='ocrx_word' id='word_1_348' title='bbox 1048 2648 1204 2693; x_wconf 88' lang='lat' dir='ltr'><strong>legionis</strong></span> <span class='ocrx_word' id='word_1_349' title='bbox 1222 2647 1505 2680; x_wconf 85' lang='lat' dir='ltr'><strong>unetvicesimae</strong></span> <span class='ocrx_word' id='word_1_350' title='bbox 1531 2643 1624 2677; x_wconf 80' lang='lat' dir='ltr'><strong>suis-</strong></span> 
     </span>
     <span class='ocr_line' id='line_1_72' title="bbox 910 2694 1625 2737; baseline -0.008 -7"><span class='ocrx_word' id='word_1_351' title='bbox 910 2707 975 2730; x_wconf 87' lang='lat' dir='ltr'><strong>se:</strong></span> <span class='ocrx_word' id='word_1_352' title='bbox 1011 2707 1091 2730; x_wconf 91' lang='lat' dir='ltr'><strong>nam</strong></span> <span class='ocrx_word' id='word_1_353' title='bbox 1125 2695 1340 2728; x_wconf 88' lang='lat' dir='ltr'><strong>Vindonissa</strong></span> <span class='ocrx_word' id='word_1_354' title='bbox 1383 2696 1497 2737; x_wconf 86' lang='lat' dir='ltr'><strong>(nunc</strong></span> <span class='ocrx_word' id='word_1_355' title='bbox 1522 2694 1625 2725; x_wconf 87' lang='lat' dir='ltr'><strong>vicus</strong></span> 
     </span>
     <span class='ocr_line' id='line_1_73' title="bbox 920 2740 1626 2788; baseline -0.007 -11"><span class='ocrx_word' id='word_1_356' title='bbox 920 2744 1123 2779; x_wconf 77' lang='lat' dir='ltr'><strong>Windisch&#39;</strong></span> <span class='ocrx_word' id='word_1_357' title='bbox 1114 2755 1150 2777; x_wconf 79' lang='lat' dir='ltr'><strong>in</strong></span> <span class='ocrx_word' id='word_1_358' title='bbox 1172 2753 1264 2788; x_wconf 86' lang='lat' dir='ltr'><strong>pago</strong></span> <span class='ocrx_word' id='word_1_359' title='bbox 1277 2741 1514 2785; x_wconf 81' lang='lat' dir='ltr'><strong>Argoviensi)</strong></span> <span class='ocrx_word' id='word_1_360' title='bbox 1536 2740 1626 2773; x_wconf 78' lang='lat' dir='ltr'><strong>liel-</strong></span> 
     </span>
     <span class='ocr_line' id='line_1_74' title="bbox 912 2787 1626 2835; baseline -0.008 -9"><span class='ocrx_word' id='word_1_361' title='bbox 912 2794 1089 2826; x_wconf 69' lang='lat' dir='ltr'><strong>vettonum</strong></span> <span class='ocrx_word' id='word_1_362' title='bbox 1116 2791 1284 2835; x_wconf 87' lang='lat' dir='ltr'><strong>oppidum</strong></span> <span class='ocrx_word' id='word_1_363' title='bbox 1311 2794 1408 2830; x_wconf 85' lang='lat' dir='ltr'><strong>erat,</strong></span> <span class='ocrx_word' id='word_1_364' title='bbox 1436 2798 1508 2821; x_wconf 92' lang='lat' dir='ltr'><strong>non</strong></span> <span class='ocrx_word' id='word_1_365' title='bbox 1534 2787 1626 2821; x_wconf 89' lang='lat' dir='ltr'><strong>Ger-</strong></span> 
     </span>
     <span class='ocr_line' id='line_1_75' title="bbox 915 2835 1624 2882; baseline -0.004 -9"><span class='ocrx_word' id='word_1_366' title='bbox 915 2842 1055 2874; x_wconf 85' lang='lat' dir='ltr'><strong>maniae</strong></span> <span class='ocrx_word' id='word_1_367' title='bbox 1083 2839 1291 2882; x_wconf 81' lang='lat' dir='ltr'><strong>superioris.</strong></span> <span class='ocrx_word' id='word_1_368' title='bbox 1320 2836 1374 2870; x_wconf 85' lang='lat' dir='ltr'><strong>Cf.</strong></span> <span class='ocrx_word' id='word_1_369' title='bbox 1403 2835 1444 2870; x_wconf 89' lang='lat' dir='ltr'><strong>ad</strong></span> <span class='ocrx_word' id='word_1_370' title='bbox 1460 2835 1500 2869; x_wconf 90' lang='lat' dir='ltr'><strong>ll</strong></span> <span class='ocrx_word' id='word_1_371' title='bbox 1529 2835 1624 2870; x_wconf 86' lang='lat'><strong>167.</strong></span> 
     </span>
    </p>

    <p class='ocr_par' dir='ltr' id='par_1_34' title="bbox 915 2883 1630 3027">
     <span class='ocr_line' id='line_1_76' title="bbox 986 2883 1628 2920; baseline -0.006 0"><span class='ocrx_word' id='word_1_372' title='bbox 986 2887 1152 2920; x_wconf 68' lang='lat' dir='ltr'><strong>Sca-tilius</strong></span> <span class='ocrx_word' id='word_1_373' title='bbox 1182 2885 1282 2920; x_wconf 68' lang='lat' dir='ltr'><strong>Felix</strong></span> <span class='ocrx_word' id='word_1_374' title='bbox 1321 2896 1399 2918; x_wconf 83' lang='lat' dir='ltr'><strong>cum</strong></span> <span class='ocrx_word' id='word_1_375' title='bbox 1434 2883 1628 2917; x_wconf 72' lang='lat' dir='ltr'><strong>auxiliari-</strong></span> 
     </span>
     <span class='ocr_line' id='line_1_77' title="bbox 915 2930 1629 2978; baseline -0.007 -9"><span class='ocrx_word' id='word_1_376' title='bbox 915 2936 975 2969; x_wconf 77' lang='lat' dir='ltr'><strong>bus</strong></span> <span class='ocrx_word' id='word_1_377' title='bbox 1002 2934 1198 2969; x_wconf 76' lang='lat' dir='ltr'><strong>cohortibus</strong></span> <span class='ocrx_word' id='word_1_378' title='bbox 1234 2944 1299 2978; x_wconf 81' lang='lat' dir='ltr'><strong>per</strong></span> <span class='ocrx_word' id='word_1_379' title='bbox 1324 2933 1518 2967; x_wconf 79' lang='lat' dir='ltr'><strong>Raetiam:</strong></span> <span class='ocrx_word' id='word_1_380' title='bbox 1556 2930 1629 2965; x_wconf 81' lang='lat' dir='ltr'><strong>Fe..</strong></span> 
     </span>
     <span class='ocr_line' id='line_1_78' title="bbox 916 2977 1630 3027; baseline -0.006 -9"><span class='ocrx_word' id='word_1_381' title='bbox 916 2984 966 3018; x_wconf 80' lang='lat' dir='ltr'><strong>lix</strong></span> <span class='ocrx_word' id='word_1_382' title='bbox 992 2983 1037 3018; x_wconf 90' lang='lat' dir='ltr'><strong>ad</strong></span> <span class='ocrx_word' id='word_1_383' title='bbox 1062 2983 1175 3027; x_wconf 87' lang='lat' dir='ltr'><strong>ripam</strong></span> <span class='ocrx_word' id='word_1_384' title='bbox 1200 2982 1294 3016; x_wconf 81' lang='lat' dir='ltr'><strong>Aeni</strong></span> <span class='ocrx_word' id='word_1_385' title='bbox 1321 2981 1495 3023; x_wconf 84' lang='lat' dir='ltr'><strong>numinis,</strong></span> <span class='ocrx_word' id='word_1_386' title='bbox 1533 2977 1630 3025; x_wconf 81' lang='lat' dir='ltr'><strong>quod</strong></span> 
     </span>
    </p>
   </div>
   <div class='ocr_carea' id='block_1_32' title="bbox 1367 3046 1422 3089">
    <p class='ocr_par' dir='ltr' id='par_1_35' title="bbox 1367 3046 1422 3089">
     <span class='ocr_line' id='line_1_79' title="bbox 1367 3046 1422 3089; baseline 0 0"><span class='ocrx_word' id='word_1_387' title='bbox 1367 3046 1422 3089; x_wconf 78' lang='lat'><strong>23</strong></span> 
     </span>
    </p>
   </div>
  </div>
 </body>
</html>
