1768 3216
814 239 902 277 Car.
929 231 1085 278 20—2'1.
1592 241 1665 279 mi

158 356 326 405 -Lucan'i
357 360 546 403 sacrario
576 359 773 416 prolatus.
849 361 1004 402 Horum
1053 360 1182 416 igitur
1217 359 1385 402 auribus
1422 364 1464 402 et
1501 360 1667 404 iudiciis

170 436 463 492 obtemperans
493 440 732 479 nostrorum
763 439 975 478 oratorum
1004 439 1119 478 aetas
1159 435 1371 490 pulchrior
1401 439 1442 477 et
1482 435 1670 478 ornatior

169 511 316 554 extitit.
376 512 521 566 Neque
545 511 644 553 ideo
677 510 813 553 minus
845 511 1040 553 efficaces
1085 515 1181 552 sunt
1227 511 1439 552 orationes
1482 514 1668 564 nostrae,

168 586 264 640 quia
294 585 347 628 ad
379 598 503 628 aures
532 586 804 628 iudicantium
848 598 942 627 cum
980 585 1190 639 voluptate
1228 585 1487 639 perveniunt.
1561 585 1668 634 Quid

168 660 294 714 enim,
327 661 365 703 si
390 661 617 703 infirmiora
643 661 792 703 horum
823 665 1053 715 temporum
1084 659 1233 714 templa
1266 660 1429 718 credac,
1459 660 1553 714 quia
1585 668 1701 702 nont

165 736 262 778 rudi
292 740 510 779 caemento
542 740 582 777 et
613 736 862 778 informibus
894 735 1046 791 tegulis
1074 739 1331 788 extruuntur,
1362 735 1436 777 sed
1462 747 1669 777 marmore

95 810 302 853 21'nitent
336 815 377 852 et
405 823 508 853 auro
539 811 786 852 radiantur?
846 810 1049 864 Equidem
1083 809 1248 852 fatebor
1276 809 1398 851 vobis
1427 809 1670 864 simpliciter

164 898 232 928 me
262 885 306 927 in
336 885 581 940 quibusdam
611 886 873 939 antiquorum
904 885 976 926 v'ut
1003 885 1149 937 risum,
1182 885 1223 925 in
1253 884 1498 939 quibusdam
1531 888 1666 926 autem

161 960 235 1002 vix
263 971 455 1002 somnum
487 964 646 1002 tenere.
705 961 793 1002 Nec
821 971 948 1001 unum
980 959 1032 1001 de
1061 959 1214 1014 populo
1232 990 1244 1011 ,
1289 971 1374 1001 non
1406 959 1569 1001 Canutii
1597 962 1668 1000 aut

125 1082 132 1087 ,
162 1033 279 1077 Αιτίί
302 1034 615 1077 deformitatem
643 1035 901 1087 memorabo,
931 1034 1083 1088 quique
1115 1033 1186 1074 alii
1214 1034 1256 1074 in
1287 1033 1436 1075 eodem
1465 1033 1720 1080 valitudi-ao

260 1179 296 1214 2.
323 1183 567 1224 optemperans
594 1177 631 1211 P.
709 1177 744 1212 6.
772 1181 925 1210 cemento
951 1175 989 1208 P.
1088 1175 1312 1222 informibus]
1341 1176 1378 1209 in
1404 1186 1515 1221 marg.
1545 1175 1588 1209 ab
1617 1175 1664 1210 al.

162 1236 210 1260 m.
237 1226 434 1271 fornicibus
461 1226 497 1263 P.
572 1227 605 1260 7.
635 1225 775 1270 fatebor
798 1224 847 1258 P:
873 1227 992 1270 fateor
1017 1224 1056 1259 F.
1127 1223 1162 1258 9.
1191 1223 1232 1257 de
1254 1224 1396 1269 populo,
1423 1235 1495 1257 non
1523 1224 1667 1258 Canutii

162 1270 225 1309 dut
248 1274 353 1309 Arrii
377 1275 634 1319 deformitatem
659 1273 869 1313 naemorabo,
898 1274 1021 1317 quique
1049 1271 1335 1317 alii—probant
1363 1272 1502 1306 editor:
1532 1273 1574 1306 de
1596 1284 1664 1317 po-

273 1323 430 1358 Camati:
469 1328 530 1356 aut
556 1324 622 1356 otti
657 1322 698 1355 de
723 1323 844 1366 furnio
879 1328 911 1355 et
937 1323 1078 1355 toram'o
1112 1322 1200 1364 (non
1231 1320 1391 1366 Tou-aniz)
1426 1321 1548 1365 quique
1574 1320 1665 1354 alios

160 1372 200 1405 in
224 1371 344 1406 eodem
367 1371 620 1406 valitudinario
650 1370 739 1404 haec
765 1381 844 1404 ossa
871 1375 903 1403 et
927 1369 1021 1402 hanc
1046 1369 1193 1404 maciem
1215 1369 1367 1413 probant
1395 1368 1440 1410 P,
1468 1369 1510 1402 de
1533 1369 1661 1414 populo

162 1420 295 1455 Ganuei
319 1426 380 1454 aut
406 1421 487 1454 ateis·
513 1419 554 1453 de
571 1420 702 1453 Furnio
732 1425 763 1452 et
791 1419 947 1452 Cornuto
975 1418 1065 1452 alios
1088 1418 1127 1450 in
1153 1417 1272 1450 eodem
1287 1416 1547 1451 valetudinario
1573 1417 1663 1450 haec

159 1479 242 1503 ossa
265 1474 299 1503 et
320 1469 415 1503 Itane
445 1469 593 1503 maciem
615 1468 767 1514 probant
787 1466 839 1509 F;
866 1467 908 1500 de
931 1467 1058 1512 populo
1086 1465 1276 1500 Cannutium
1301 1471 1362 1499 aut
1394 1466 1539 1500 Arrium
1567 1465 1661 1499 Fur-

155 1518 295 1552 m'mme
319 1518 529 1559 nominabo,
573 1528 722 1562 quosque
754 1515 844 1549 alios
879 1516 918 1548 in
950 1515 1069 1549 eodem
1095 1513 1355 1549 valetud-‘nario
1386 1514 1476 1549 haee
1501 1525 1584 1549 ossa
1626 1519 1658 1548 et

159 1565 250 1600 haee
273 1567 405 1601 metes
426 1567 579 1612 probant
604 1565 631 1599 Ι.
659 1564 717 1600 Fr.
746 1563 959 1599 Gronovius.

162 1677 272 1712 tenuit
306 1682 343 1711 ut
383 1684 498 1712 mente
544 1682 713 1722 concepta
756 1687 876 1710 sensus

160 1736 381 1770 vocaremus,
415 1726 550 1760 lumina
585 1731 700 1759 autem
730 1725 876 1770 praeci-

209 1786 293 1820 εφη
325 1775 363 1808 in
392 1774 559 1808 clausulis
590 1774 706 1820 posita
736 1779 857 1807 senten

162 1825 256 1866 1ias‚·
283 1822 348 1857 xu
377 1822 504 1859 1048:
533 1823 728 1856 sententiae
757 1845 799 1850 --
818 1824 877 1867 fe-

160 1875 258 1907 riunt
283 1872 420 1905 animos
458 1877 489 1905 et
515 1883 585 1905 uno
611 1872 682 1905 ictu
706 1873 877 1916 frequen-

162 1928 216 1956 ter
238 1919 429 1966 impellunt.
484 1919 564 1954 Mox
591 1926 752 1954 veternus
778 1924 878 1953 notat

162 1970 352 2005 vetustatis
377 1968 483 2002 sitnm
510 1973 547 2003 et
571 1969 707 2002 sordes.

233 2039 452 2074 radiantur.-
488 2039 524 2073 b.
550 2051 582 2074 e.
614 2039 734 2073 radios
770 2038 878 2072 emit-

160 2093 252 2122 tunt.
295 2087 350 2122 Ex
374 2098 442 2122 usu
469 2093 655 2133 poetarum
678 2087 748 2121 hoc
772 2097 877 2121 rece-

161 2142 281 2183 ptum3
311 2136 358 2171 cf.
385 2135 594 2171 Forcellinii
622 2136 778 2170 lexicon.

233 2232 320 2277 Cap.
348 2234 407 2267 21.
470 2234 509 2266 in
537 2233 740 2277 quibusdam
763 2238 878 2266 autem

160 2282 221 2315 via·
241 2292 400 2314 somnum
425 2285 567 2316 tenere.-
596 2283 732 2327 cogitat
751 2285 877 2314 tenues

162 2334 199 2363 et
231 2329 350 2363 aridos
386 2333 546 2362 oratores
583 2330 642 2373 qui
669 2329 809 2362 Atticos
838 2339 876 2361 se

162 2376 286 2411 haberi
311 2376 523 2418 voluerunt,
561 2386 710 2421 quorum
720 2372 724 2376 ’
736 2377 878 2419 praeci-

161 2436 253 2470 puus
271 2424 404 2459 Calvus
429 2426 547 2458 statim
573 2425 788 2458 nominatus.
821 2421 876 2456 Cf.

162 2478 283 2508 annot.
311 2473 356 2507 ad
382 2484 413 2507 c.
444 2474 499 2508 18.

232 2556 300 2579 nec
325 2555 432 2578 unum
460 2544 501 2578 de
524 2543 676 2589 populo,
704 2554 775 2576 non
804 2542 878 2576 Ca-

161 2594 253 2628 nutin'
276 2599 336 2627 aut
348 2592 448 2627 Arrii
473 2593 726 2636 deformitatem
746 2602 877 2624 memo-

161 2643 262 2684 rabo,
289 2642 412 2686 quique
438 2641 504 2675 atii
521 2661 565 2667 —-
582 2640 754 2685 probant:
787 2639 877 2673 baec

162 2691 305 2724 interim
330 2689 522 2723 restituere
547 2699 651 2734 quam
670 2687 775 2722 foede
794 2697 877 2721 cor-

162 2743 266 2783 rupta
303 2738 339 2771 in
367 2742 538 2771 contextu
565 2736 753 2770 verborum
779 2735 874 2770 tole-

162 2797 241 2820 rare
267 2787 379 2820 satius
404 2785 500 2819 duxi.
538 2784 619 2818 Post
647 2795 775 2819 nomen
801 2785 875 2819 Ca-

161 2836 253 2868 mm‘i
278 2834 452 2878 particula
478 2835 659 2879 negativa,
686 2843 751 2878 per
775 2843 876 2866 com-

163 2883 330 2928 pendium
360 2885 411 2927 (ἦ.
442 2883 500 2917 vel
523 2878 571 2927 ιδ)
606 2892 794 2926 expressa,
833 2891 875 2915 eo

162 2931 307 2967 facilius
335 2933 449 2966 omitti
478 2932 611 2976 potuit,
639 2931 734 2976 quod
760 2932 876 2974 impe-

161 2982 230 3015 rito
256 2981 395 3015 scribae
420 2982 570 3026 iungere
599 2979 641 3013 de
654 2979 782 3026 populo
803 2979 876 3012 Ca-

942 1675 1033 1708 nulii
1066 1684 1216 1719 pronum
1250 1674 1330 1708 ruit.
1397 1673 1561 1707 Proxime
1595 1673 1661 1707 atti

943 1733 1007 1767 pro
1041 1723 1142 1757 Arrii
1175 1723 1292 1757 levius
1331 1727 1533 1766 corruptum
1584 1725 1659 1764 est3

944 1777 1015 1806 tum
1043 1782 1106 1816 pro
1135 1772 1177 1805 de
1201 1773 1322 1816 furnio
1360 1777 1391 1804 et
1418 1770 1498 1804 dedi
1536 1769 1658 1814 desor-

943 1822 1109 1863 mitaeem,
1136 1819 1230 1865 quod
1244 1830 1454 1865 quamquam
1472 1819 1558 1852 satis
1585 1818 1660 1851 abit

945 1881 966 1903 a
992 1870 1157 1915 vestigiis
1183 1868 1345 1903 codicum
1372 1873 1407 1902 et
1428 1867 1658 1901 coniecturae

943 1917 1189 1962 probabiliori,
1213 1918 1242 1950 si
1272 1927 1340 1962 qun
1367 1916 1580 1961 proferetur,
1609 1915 1657 1948 li-

944 1966 1071 2000 benter
1106 1966 1275 2008 cesserit,
1317 1965 1385 2000 boc
1419 1969 1537 1998 tamen
1570 1964 1657 1997 satis

945 2015 1166 2049 confidenter
1190 2014 1421 2059 pronuntiare
1447 2012 1561 2046 audeo
1577 2037 1587 2054 ‚
1613 2011 1658 2045 de

945 2064 1059 2097 amico
1088 2062 1275 2097 Ciceronis
1304 2062 1456 2102 Furnio,
1481 2060 1525 2095 ad
1554 2071 1659 2105 quem

943 2111 1050 2146 binae
1083 2113 1160 2146 eius
1186 2111 1330 2145 litterae
1365 2122 1395 2144 a.
1424 2111 1490 2145 711
1531 2110 1659 2143 missae

944 2165 1024 2194 sunt
1053 2160 1115 2206 (ad
1142 2159 1239 2194 Fam.
1267 2159 1297 2193 X
1323 2160 1369 2195 25
1397 2165 1432 2193 et
1460 2158 1545 2204 26),
1580 2167 1660 2191 cum

945 2208 1126 2242 Gronovio
1173 2218 1244 2242 non
1290 2207 1517 2253 cogitandum
1557 2215 1658 2246 esse,

945 2267 1023 2290 eum
1051 2255 1192 2290 Tacitus
1229 2255 1399 2300 quidquid
1438 2255 1482 2288 de
1522 2253 1659 2287 veteri-

944 2305 1010 2337 bus
1055 2305 1292 2337 Romanorum
1327 2302 1526 2336 oratoribus
1564 2299 1659 2334 deli-

944 2352 1055 2393 bavit,
1083 2362 1127 2384 ex
1148 2361 1218 2384 uno
1236 2351 1344 2384 Bruto
1359 2350 1544 2384 Ciceronis
1568 2347 1659 2382 hau-

944 2400 1052 2441 serit,
1087 2404 1125 2432 ut
1159 2400 1331 2432 monitum
1368 2404 1421 2433 est
1457 2397 1499 2432 ad
1541 2408 1573 2430 c.
1604 2395 1657 2431 18.

943 2447 1059 2491 Ipsum
1103 2447 1273 2481 Furnium
1324 2447 1436 2481 fuisse
1482 2450 1658 2479 oratorem

945 2506 1062 2541 neque
1090 2495 1152 2530 alii
1175 2497 1377 2530 memoriae
1417 2493 1658 2540 prodiderunt,

944 2555 1063 2589 neque
1087 2549 1163 2577 tuto
1190 2544 1375 2590 colligitur
1398 2555 1442 2578 ex
1459 2542 1578 2577 verbis
1596 2541 1659 2576 Ci-

946 2593 1086 2626 ceronis
1120 2594 1157 2626 in
1192 2593 1345 2638 epistola
1371 2593 1440 2627 26:
1485 2601 1587 2635 quam
1624 2595 1660 2622 tu

945 2647 1040 2675 tuam
1066 2653 1210 2675 causam
1233 2653 1304 2674 non
1336 2642 1446 2681 nosti,
1484 2639 1541 2683 qui
1566 2637 1659 2670 alie-

944 2701 1011 2723 nas
1037 2695 1107 2723 tam
1130 2689 1238 2734 facile
1263 2689 1388 2722 discos.
1421 2688 1528 2721 Porro
1558 2691 1658 2719 tora-

943 2739 1015 2780 nio,
1043 2739 1078 2771 in
1106 2740 1207 2772 cuius
1237 2738 1351 2770 locum
1379 2736 1501 2769 reduxi
1528 2744 1658 2767 memo-

946 2786 1055 2828 rabo,
1093 2787 1236 2832 gravius
1274 2786 1439 2819 affectum
1483 2793 1562 2817 esse
1598 2780 1657 2815 vel

947 2834 1030 2867 hinc
1057 2839 1214 2878 apparet,
1242 2832 1334 2878 qnod
1346 2832 1531 2865 Toranium
1546 2830 1658 2864 fuisse

946 2887 1121 2916 oratorem
1151 2892 1253 2916 nemo
1279 2880 1432 2914 rettulit.
1467 2878 1569 2921 Quod
1594 2889 1658 2912 su-

947 2936 1066 2974 perest
1093 2929 1178 2972 atii,
1216 2929 1283 2964 hoc
1319 2930 1355 2963 in
1394 2928 1483 2962 alios
1508 2928 1659 2961 mutavit

946 2980 1004 3024 qui
1037 2979 1071 3012 id
1099 2978 1255 3024 pendere
1282 2989 1327 3013 ex
1361 2977 1471 3012 verbo
1505 2976 1657 3024 probant
