1768 3216
718 210 806 248 Car.
833 211 975 249 36-37
983 239 992 247 .

1270 192 1289 216 ρ

131 322 370 380 quantoque
392 326 577 369 ferocius
611 334 960 382 accucurrerunt,
1004 333 1118 372 tanto
1148 329 1286 372 acrius
1311 329 1454 384 pulsos
1486 330 1531 373 in
1560 331 1631 374 su-

130 411 228 455 gam
257 400 508 446 disiecisset.

567 402 628 444 lta
659 403 877 446 consilium
907 404 1198 446 Britannorum
1225 404 1269 445 in
1300 403 1415 458 ipsos
1441 417 1626 459 versum,

131 477 477 530 transvectaeque
498 482 723 532 praecepto
749 477 866 520 ducis
882 492 907 520 a
931 479 1070 521 fronte
1096 479 1367 534 pugnantium
1385 479 1478 522 alae
1499 492 1630 522 avet-

130 560 222 598 sam
263 549 444 592 hostium
481 551 615 592 aciem
659 551 868 594 invasere.

957 553 1058 595 Tum
1102 565 1206 595 vero
1251 554 1486 607 patentibus
1524 553 1631 596 locis

131 618 294 678 grande
322 628 364 666 et
390 629 511 667 atrox
540 625 838 679 spectaculum.
899 627 1026 681 Sequi
1053 626 1275 669 vulnerare
1307 640 1472 682 capere,
1508 632 1664 683 atques

129 697 307 741 eosdem
338 699 495 742 oblatis
520 699 612 742 aliis
650 700 876 743 trucidare.

947 700 1032 743 lam
1072 701 1278 754 bostium,
1320 706 1443 756 prout
1481 703 1632 758 cuique

134 771 349 828 ingenium
382 778 495 827 erat,
537 778 734 817 catervae
778 779 1029 817 armatorum
1058 776 1326 829 paucioribus
1356 780 1476 832 terga
1503 789 1633 831 prae—

133 851 263 901 stare,
294 848 460 903 quidam
493 849 676 892 inermes
706 850 816 892 ultro
849 862 973 892 ruere
1004 863 1053 892 ac
1083 863 1130 893 se
1162 851 1284 892 morti
1315 850 1482 894 offerre.
1529 852 1633 894 Pas-

134 921 214 964 sim
243 933 360 968 arma
389 926 433 965 et
461 935 639 978 corpora
683 928 724 966 et
761 924 893 966 laceri
938 928 1051 966 artus
1098 930 1139 967 et
1178 929 1350 968 cruenta
1391 926 1558 968 humus:
1594 930 1636 968 et

134 995 359 1051 aliquando
390 998 515 1040 etiam
544 998 668 1041 victis
700 999 763 1040 ira
790 1000 1020 1054 virtusque.

1080 1000 1301 1055 Postquam
1331 1001 1448 1043 silvis
1477 1001 1636 1055 adpro·
1650 1012 1690 1046 to

137 1070 469 1126 pinquaverunt,
510 1073 611 1116 inde
639 1074 797 1129 primos
827 1075 1117 1130 sequentium,
1162 1076 1352 1118 incautos
1391 1076 1557 1118 collecti
1596 1079 1637 1118 et

256 1175 288 1209 1.
324 1182 606 1210 accucurrerunt
633 1178 681 1211 I':
708 1182 945 1211 accurrerant
970 1176 1202 1212 Puteolanus.

354 1225 411 1259 10.
448 1226 822 1271 appropinquauerunt
846 1228 894 1260 F:

136 1220 253 1257 lanus.

138 1272 195 1306 11.
235 1271 318 1305 inde
344 1272 480 1307 editor:
506 1279 599 1307 ntem
625 1276 663 1317 Γ,
688 1274 742 1308 ite‘
762 1277 807 1310 Δ.

1284 1178 1318 1212 6.
1349 1177 1476 1212 ablatis
1503 1177 1636 1213 Puteo-

933 1227 1260 1272 appropinquarunt
1286 1228 1320 1260 A
1345 1231 1381 1260 et
1406 1226 1634 1261 Puteolanus.

886 1275 1020 1320 primos
1044 1276 1276 1319 sequentium,
1313 1275 1473 1309 incautos
1499 1275 1637 1309 collecti

136 1324 170 1353 et
194 1318 352 1354 locorum
375 1322 507 1367 gnari,
540 1323 861 1356 circumveniebant
887 1323 1025 1356 editor:
1054 1323 1187 1369 primos
1213 1343 1259 1348 —
1290 1322 1414 1367 iqnari
1438 1323 1636 1357 circumue-

133 1367 279 1403 niebant
304 1370 384 1413 ΓΔ,
413 1369 552 1404 collecti
570 1372 704 1416 primos
728 1372 943 1416 sequentium
967 1372 1128 1409 incautos
1151 1377 1182 1405 et
1207 1371 1366 1406 locorum
1390 1373 1536 1417 ignaros
1561 1373 1637 1411 cir÷
1674 1386 1677 1387 ⁷

138 1417 409 1453 cun-ueniebant
432 1418 650 1454 Puteolanus
679 1424 714 1453 et
739 1419 865 1465 vulgo.

137 1526 217 1550 cum
243 1517 420 1560 particula
446 1519 541 1561 iam,
582 1529 652 1564 quo
679 1519 854 1553 adventus

138 1565 270 1610 equitis
295 1565 446 1600 Romani
483 1567 527 1601 ad
557 1567 671 1602 colles
696 1567 854 1602 acclives

137 1612 327 1650 indicatur.
353 1614 432 1660 Ego
460 1626 506 1649 ex
531 1617 698 1662 vestigiis
723 1616 805 1651 libri
834 1618 862 1652 Γ

138 1666 185 1717 mi
215 1685 308 1719 enim
344 1686 400 1730 (in
438 1685 530 1719 libro
556 1688 759 1733 antiquiore
794 1686 855 1720 fu-

137 1733 210 1767 isse
236 1745 286 1768 .n.
316 1743 379 1778 pro
405 1735 515 1777 enim,
552 1734 771 1770 Puteolanus
795 1736 855 1781 qui

138 1781 230 1815 illud
251 1782 414 1828 suggerit
430 1780 763 1831 videturindicare)
784 1784 856 1818 feci

137 1830 222 1872 iam,
248 1831 416 1875 equestris
441 1841 504 1875 pro
535 1838 708 1877 equestres
732 1833 857 1876 accepi

139 1889 160 1912 a
173 1877 361 1914 Rhenano.
388 1878 490 1921 Quod
505 1879 679 1915 dederunt
692 1881 856 1923 Rothius,

138 1926 341 1971 Dronkius‚
370 1926 560 1964 Dfibncms
586 1932 647 1976 (ea
672 1931 764 1964 enim
786 1941 857 1975 pu-

137 1987 230 2021 gnae
278 1977 391 2022 facies
430 1981 549 2026 erat),
590 1977 681 2013 haec
725 1979 857 2013 ceteris

139 2024 247 2070 plane
272 2016 519 2062 adversantur.
661 2022 675 2036 ⁸

217 2084 295 2107 cum
322 2086 341 2107 e
365 2074 481 2119 qradu
516 2081 576 2109 aut
600 2082 732 2110 stantes
757 2074 859 2110 simul

140 2132 305 2166 equorum
339 2123 542 2168 corporibus
576 2124 859 2171 impellerentur3

141 2181 187 2204 ac
210 2181 314 2216 saepe
339 2171 424 2216 0291·
449 2183 574 2206 currus
591 2196 636 2201 --
658 2172 774 2207 obvios
799 2173 859 2205 in-

141 2219 358 2252 cursabant.-
394 2220 455 2264 qui
483 2232 500 2254 e
523 2221 639 2265 gradu
665 2227 725 2255 aut
756 2226 859 2254 stan-

142 2273 192 2300 tes
216 2266 468 2311 impelluntur,
514 2267 549 2301 hi
583 2274 665 2302 sunt
692 2268 859 2302 cohortes

143 2314 357 2348 auxiliorum
380 2316 416 2348 in
434 2316 593 2359 pai-tibus
608 2317 859 2358 Romanorum,

144 2373 235 2408 quae
275 2374 295 2397 a
322 2368 424 2409 tergo
454 2365 508 2397 sui
538 2365 668 2409 equitis
697 2365 861 2407 corpori-

143 2411 210 2445 bus
237 2422 409 2456 equorum
445 2423 464 2446 e
489 2412 601 2458 gradu
639 2417 699 2446 aut
725 2417 861 2446 stantes

145 2459 403 2504 impelluntur,
440 2461 520 2494 dum
559 2472 579 2495 a
617 2461 735 2495 fronte
777 2461 862 2505 vagi

146 2507 301 2542 hostium
330 2520 453 2544 currus
479 2510 557 2543 sive
578 2511 711 2550 covini,
740 2513 862 2543 exter-

145 2557 204 2591 riti
238 2558 316 2591 sine
352 2558 552 2592 rectoribus
578 2560 749 2604 (aurigis)
778 2556 862 2601 equi

146 2605 273 2639 obvios
314 2611 374 2639 aut
410 2612 633 2640 transversos
668 2607 862 2639 incursant.

145 2653 319 2698 Equidem
347 2666 364 2687 e
389 2655 503 2699 gradu
519 2654 627 2688 elicui
654 2665 699 2688 ex
727 2656 759 2689 Γ
779 2663 866 2698 eqra

148 2701 207 2742 diu
239 2704 291 2746 (Δ
314 2713 425 2747 aeqra
450 2703 550 2746 diu),
590 2707 624 2735 et
652 2712 714 2746 pro
752 2706 865 2735 stante

147 2749 274 2793 scripsi
302 2755 452 2792 stantes,
494 2750 612 2784 littera
641 2762 657 2784 s
685 2754 866 2794 assumpta

150 2808 195 2832 ex
225 2798 386 2841 proximo
411 2797 523 2832 simul.
562 2798 658 2832 llaec
682 2798 753 2832 iam
779 2807 864 2842 pro-

150 2846 253 2890 posui
289 2847 324 2880 in
358 2848 657 2881 commentatione
696 2846 792 2880 edita
829 2847 865 2879 in

151 2894 295 2928 Diui-nis
330 2896 553 2940 antiquitatis
591 2894 787 2928 studiorum
831 2905 863 2928 a.

137 2942 246 2979 -1842
269 2952 305 2989 p.
332 2943 404 2981 502
427 2954 505 2992 sqq.
521 2970 531 2988 ,
569 2943 635 2980 sed
658 2953 752 2979 nunc
776 2943 865 2979 sim-

924 1518 1111 1563 pliciorem
1138 1518 1220 1553 dedi
1254 1518 1443 1553 verborum
1478 1518 1641 1563 explica-

924 1568 1072 1602 tionem.
1100 1567 1252 1601 Rothius
1271 1568 1423 1602 tentavit
1446 1567 1643 1602 haerebant

923 1617 1130 1660 minimeque
1168 1622 1341 1660 equestres
1374 1620 1434 1662 (ea
1459 1617 1551 1650 enim
1572 1627 1643 1662 pu-

923 1676 1016 1710 9nae
1051 1665 1165 1709 facies
1201 1669 1324 1711 erat),
1370 1676 1471 1709 quum
1513 1666 1643 1710 aur-iga
1702 1666 1707 1670 ’

926 1719 1010 1747 tunc
1023 1714 1184 1747 adstante
1198 1733 1243 1739 -
1257 1713 1533 1759 impellerentur,
1551 1724 1643 1758 quae

925 1772 1044 1807 neque
1070 1760 1231 1795 Tacitina
1255 1766 1338 1795 sunt
1363 1772 1482 1807 neque
1502 1761 1639 1796 Latina.

1001 1830 1087 1876 Cap.
1116 1833 1174 1866 37.
1204 1832 1310 1866 caetu·
1326 1831 1558 1878 spernebant.-
1584 1830 1641 1866 ‹ii-

928 1881 975 1914 cit
1000 1879 1132 1914 laboris
1157 1885 1192 1914 et
1215 1891 1322 1915 curae
1338 1891 1484 1925 vacuos,
1511 1891 1641 1915 nomen

927 1930 1043 1963 minus
1070 1930 1190 1962 tritum
1218 1940 1321 1975 quam
1357 1930 1496 1972 secvri,-
1535 1929 1583 1964 εἰ.
1610 1928 1644 1964 11

927 1977 995 2012 46:
1034 1979 1117 2022 quia
1152 1983 1222 2012 tres
1257 1989 1389 2012 vacuas
1423 1978 1577 2023 legiones
1611 1983 1645 2018 et

928 2025 1048 2059 ducem
1073 2025 1211 2071 fraudis
1237 2026 1400 2072 ignarum
1414 2026 1566 2072 perfidia
1580 2025 1644 2060 de-

930 2075 1071 2120 ceperit.

1001 2129 1070 2156 lum
1095 2134 1177 2156 vero
1202 2123 1401 2168 patentibus
1425 2143 1467 2149 —
1498 2127 1646 2157 cruenta

928 2170 1068 2206 humus.-
1094 2172 1252 2205 imitatur
1277 2171 1438 2205 Sallustii
1454 2170 1535 2217 lug.
1564 2172 1644 2213 101,

929 2219 1024 2264 quod
1040 2220 1174 2263 primus
1189 2220 1397 2253 observavit
1412 2218 1565 2262 Lipsius,
1580 2217 1646 2252 sed

928 2269 978 2300 ita
1005 2272 1041 2300 ut
1061 2272 1243 2301 auctorem
1258 2278 1366 2312 suum-
1376 2266 1516 2300 Tacitus
1533 2276 1646 2310 supe-

929 2316 1083 2348 raverit:
1122 2321 1190 2348 tum
1217 2314 1453 2360 spectaculum
1477 2312 1645 2348 horribile

931 2363 1062 2408 campis
1096 2363 1323 2407 patentibus:
1360 2358 1457 2407 sequi
1497 2364 1644 2408 suqere,

930 2410 1045 2444 occidi
1070 2411 1170 2456 capi,
1207 2411 1285 2455 equi
1317 2411 1387 2444 viri
1415 2410 1568 2455 adflicti5
1602 2421 1647 2444 ac

929 2458 1028 2492 inulti
1051 2457 1251 2493 vulneribus
1276 2459 1429 2505 acceptis
1452 2469 1562 2503 neque
1582 2460 1646 2504 su-

930 2518 1013 2552 yere
1034 2518 1135 2552 posse
1161 2518 1271 2552 neque
1297 2508 1442 2552 quietem
1463 2507 1552 2553 pati,
1580 2507 1648 2541 niti

930 2555 1029 2589 modo
1056 2567 1102 2589 ac
1124 2558 1240 2590 statim
1269 2556 1475 2598 concidere,·
1507 2559 1646 2600 postre-

934 2615 988 2638 mo
1014 2604 1132 2637 omnia
1157 2615 1224 2649 qua
1250 2605 1342 2638 risus
1367 2609 1443 2637 erat
1467 2608 1647 2637 constrata

935 2652 1012 2687 telis
1050 2653 1158 2686 armis
1198 2652 1453 2694 cadaveribus,
1497 2656 1529 2685 et
1553 2651 1647 2684 inter

935 2713 978 2734 ea
1005 2701 1126 2734 liumus
1152 2701 1286 2745 insecta
1311 2699 1494 2744 sanquine.
1541 2697 1646 2732 Taci-

934 2754 990 2782 tus
1021 2753 1100 2793 post
1126 2748 1215 2782 haec
1248 2747 1453 2782 recordatus
1481 2750 1535 2780 est
1564 2747 1648 2781 Vir.

935 2797 1013 2843 gilii
1040 2798 1129 2830 Aen.
1159 2797 1188 2829 ll
1214 2796 1307 2830 367:
1342 2794 1516 2840 quondam
1542 2796 1649 2829 etiam

933 2846 1033 2879 victis
1062 2843 1154 2877 redit
1192 2844 1229 2876 in
1263 2843 1478 2889 praecordia
1514 2844 1646 2887 virtum

935 2893 1072 2927 monuit
1097 2891 1264 2925 Pichena.

1006 2940 1088 2975 inde
1113 2941 1244 2988 primos
1269 2940 1494 2986 sequentium,
1517 2941 1647 2982 inem,

1550 212 1623 249 141
1680 238 1683 240 >
