1768 3216
186 213 274 249 εὖ.
298 214 360 251 ω.

653 212 790 249 LIBER
814 213 872 249 lv.
927 211 1015 249 ΟΛ».
1044 212 1198 249 16—18.

1610 212 1683 247 m

122 325 131 331 ”
180 331 382 384 minent,
423 332 518 374 data
545 335 765 386 potestate.
824 330 1085 370 Manentibus
1116 329 1320 371 honorata
1350 327 1510 381 militia,
1538 327 1687 384 digre-

153 407 398 458 Adlentibus
440 406 574 461 spolia
625 407 907 449 Romanorum
958 403 1254 445 offerebantur.

1330 402 1462 446 Simul
1509 402 1686 445 secretis

186 480 451 523 sermonibus
481 480 733 522 admonebat
762 479 964 539 malorum
991 490 1099 532 quae
1131 482 1191 519 tot
1222 477 1344 519 annis
1373 476 1564 531 perpessi
1606 475 1689 518 mi-

185 566 325 599 seran}
349 556 591 597 servitutem
622 554 729 596 falso
759 566 908 608 pacem
937 557 1157 594 vocarent.
1217 551 1411 604 Batavos,
1445 563 1690 605 quamquam

183 630 431 673 tributorum
464 633 672 684 experteS‚
705 641 819 671 arma
842 633 988 670 contra
1016 639 1259 669 communes
1288 625 1481 668 dominos
1509 626 1722 680 cepisses

186 705 321 747 Prima
352 705 445 747 acie
474 705 610 746 l'usum
639 704 878 757 victumque
910 704 1156 746 Romanum.

1218 701 1324 750 Quid
1356 701 1392 742 si
1421 700 1580 743 Galliae
1623 700 1692 741 iu-

186 790 286 835 gum
335 779 533 821 exuant?
581 781 786 829 Quantum
833 779 876 819 in
922 778 1037 820 ltalia
1067 777 1272 831 reliquum
1292 777 1314 817 ‘?
1378 776 1692 818 Provinciamm

185 854 393 908 sanguine
431 853 672 907 provincias
718 853 848 893 vinci.
906 852 970 893 Ne
1013 851 1203 892 Vindicis
1253 851 1388 893 aciem
1436 850 1693 904 cogitarent:

185 927 345 972 Batavo
394 928 534 981 equite
572 927 773 981 protritos
818 925 993 967 Aeduos
1031 924 1362 977 Arvernosque:
1409 923 1540 970 fuisse
1586 923 1696 964 int-er

188 1000 378 1057 Verginii
402 1001 556 1043 auxilia
584 1001 751 1055 Belgas,
782 1011 968 1053 vereque
998 998 1287 1052 reputantibus
1315 997 1489 1040 Galliam
1519 998 1693 1039 suismet
1710 1010 1760 1052 ιο,

186 1075 348 1119 viribus
376 1075 632 1118 concidisse.
692 1075 810 1117 Nunc
840 1074 1011 1116 easdem
1043 1073 1227 1115 omnium
1258 1077 1425 1127 partes,
1458 1072 1627 1125 addito,
1660 1073 1696 1113 si

190 1150 289 1207 quid
319 1150 510 1194 militaris
542 1149 825 1204 disciplinae
815 1162 858 1190 in
877 1149 1028 1191 castris
1046 1149 1330 1191 Romanorum
1348 1147 1545 1202 viguerit.
1592 1147 1697 1189 Esse

189 1230 624 1298 secQs
628 1226 870 1291 cobortes,
910 1225 1059 1278 quibus
1101 1236 1234 1278 nuper
1277 1223 1454 1265 Othonis
1505 1218 1699 1278 legiones

187 1300 501 1357 pronubum-int.

576 1294 793 1343 Servirent
839 1299 960 1355 Syria
1007 1299 1194 1353 Asiaque
1248 1302 1288 1339 et
1335 1302 1478 1340 suetus
1526 1298 1698 1353 regibus

192 1375 371 1420 oriensz
419 1375 571 1418 multos
602 1375 738 1417 adhuc
770 1375 813 1416 in
845 1374 978 1417 Gallia
1007 1374 1156 1415 vivere
1184 1378 1279 1416 ante
1321 1373 1471 1415 tributa
1513 1373 1696 1428 genitos.
1714 1384 1751 1413 ιε

192 1451 335 1506 Nuper
364 1454 481 1492 certe
511 1461 640 1492 caeso
669 1449 868 1500 Quintilio
899 1449 1011 1491 Varo
1040 1448 1201 1503 pulsam
1232 1461 1256 1490 e
1287 1447 1511 1489 Germania
1556 1448 1700 1488 servi-

195 1530 339 1578 tutem,
370 1537 450 1566 nec
480 1525 689 1567 Vitellium
714 1524 946 1579 principem
977 1524 1053 1566 sed
1089 1524 1313 1566 Caesarem
1334 1523 1566 1578 Augustum
1586 1523 1696 1565 bello

192 1603 480 1655 provocatum.
543 1599 795 1641 Libertatem
833 1602 982 1640 natura
1002 1597 1148 1639 'etiam
1187 1598 1310 1638 mutis
1342 1597 1588 1639 animalibus
1619 1596 1700 1637 da-

190 1677 300 1726 tam,
351 1674 546 1714 virtutem
591 1673 805 1727 proprium
836 1672 1051 1714 hominum
1081 1672 1250 1713 bonum.
1310 1672 1424 1713 Deos
1455 1670 1700 1713 fortioribus

192 1748 360 1790 adesse.
419 1741 600 1789 Proinde
630 1747 871 1817 adriperent
900 1747 1024 1788 vacui
1055 1750 1308 1800 occupatos,
1349 1746 1503 1800 integri
1544 1745 1697 1787 fessos.
1711 1757 1768 1787 ιο·

191 1822 300 1863 Dum
328 1821 399 1863 alii
427 1821 729 1875 Vespasianum
760 1822 830 1863 alii
873 1821 1083 1863 Vitellium
1133 1821 1332 1873 foveant,
1374 1824 1521 1874 patere
1561 1820 1698 1862 locum

125 1895 395 1947 18adversus
425 1899 658 1949 utrumque.
703 1895 772 1937 Sic
803 1895 847 1936 in
879 1895 1035 1937 Gallias
1066 1894 1398 1950 Germaniasque
1429 1895 1628 1948 intentus,
1660 1895 1697 1937 si

338 2056 393 2092 12.
421 2054 605 2101 discipline
631 2054 698 2090 Ma.
791 2057 848 2092 14.
876 2056 967 2091 siria
991 2066 1146 2102 asyaque
1172 2055 1240 2091 Ma.
1328 2057 1382 2091 15.
1410 2055 1541 2102 9⁶1&oe
1567 2053 1643 2090 Ma:
1674 2055 1702 2090 G

190 2103 316 2150 gallia.
414 2109 496 2138 ante
532 2104 560 2138 G
586 2107 669 2150 (per
694 2109 860 2151 comp.):
888 2104 941 2139 Ma
967 2117 1027 2140 an
1136 2103 1380 2140 17.ces.1t1².
1485 2105 1539 2139 18.
1568 2104 1705 2138 παίω-ἅ

196 2150 261 2186 Μ’.
384 2152 440 2187 19.
471 2152 553 2186 deos
577 2155 637 2198 sor
662 2154 718 2198 (in
744 2163 870 2188 versus
896 2153 987 2201 fine)
1014 2153 1219 2199 fortioribus
1246 2152 1311 2187 ma·
1436 2154 1497 2189 20.
1532 2164 1608 2187 arr.
1636 2153 1702 2188 Ma.

196 2201 259 2240 22.
287 2201 460 2245 utrmque
486 2200 552 2234 Μ’.

193 2331 334 2373 vincins
352 2331 591 2367 Romanorum
605 2332 832 2367 Germanicas
850 2335 911 2370 vel

193 2379 259 2418 bns
285 2384 321 2413 et
346 2381 528 2425 antiquam
560 2380 783 2416 Germaniam
811 2393 913 2416 com-

192 2427 377 2472 plectitur.
402 2428 506 2462 Conf.
528 2429 571 2462 H.
598 2429 649 2463 lv
678 2429 722 2464 18
749 2435 785 2464 et
803 2432 851 2465 23
877 2437 913 2464 et

172 2474 241 2521 ,39
266 2481 302 2510 et
321 2476 378 2511 54.
406 2477 492 2522 Agr.
521 2476 580 2512 28.
611 2477 797 2512 Germania
825 2489 913 2523 pro-

192 2524 457 2568 pritimmenso
482 2524 641 2559 locorum
664 2536 811 2561 numero
833 2529 912 2560 sin-

192 2571 309 2618 gulari
335 2573 557 2615 nomi-natur,
580 2576 754 2619 „exceptis
794 2580 911 2617 tamen

194 2619 346 2662 dnobus,
375 2620 445 2655 boc
468 2626 591 2655 nostro
619 2626 655 2655 et
679 2623 722 2655 A.
754 2624 815 2665 15,
843 2635 911 2658 ne-

194 2677 265 2712 que
293 2677 404 2701 causa
440 2679 502 2702 cnr
526 2668 667 2703 Tacitus
705 2681 725 2704 a
764 2681 911 2706 numero

194 2714 436 2751 multitudinis
450 2716 676 2759 abstinuerit,
702 2719 739 2752 in
759 2719 912 2754 obscuro

195 2767 262 2801 ost».
293 2763 516 2808 Quapropter
545 2764 616 2798 h..1
638 2766 817 2810 Germani,
841 2779 912 2802 non

197 2810 422 2854 Germaniae,
448 2812 563 2847 altero
577 2812 816 2858 Germaniam,
840 2827 910 2849 non

196 2858 418 2902 Gemonias,
445 2859 489 2894 ab
517 2861 594 2904 ipsa
619 2863 779 2897 auctoris
806 2874 910 2898 manu

196 2916 282 2948 esse
300 2885 478 2946 uideaiur.

267 2966 344 2992 ωο
364 2967 482 2997 κεκι-
515 2962 703 2994 veter-amu
727 2958 908 2994 cohortes.-

984 2334 1152 2369 cohortes
1208 2335 1425 2370 Batavorum
1485 2336 1704 2382 Mogontiaci

982 2388 1134 2429 agentes
1160 2388 1195 2418 et
1223 2394 1305 2418 mox
1336 2384 1380 2419 ad
1405 2383 1559 2419 Civilem
1585 2390 1705 2420 trans-

983 2442 1125 2477 gressas
1153 2431 1212 2466 hic
1238 2434 1308 2466 iam
1331 2443 1413 2466 suas
1440 2439 1613 2468 numemt.
1642 2433 1703 2467 ln-

981 2485 1202 2524 terpretare:
1240 2483 1303 2515 mit
1332 2482 1404 2515 ilum
1427 2482 1557 2516 Malean
1583 2494 1619 2516 es
1649 2482 1704 2515 die

983 2528 1078 2562 alten
1104 2529 1253 2575 qeabten
1282 2529 1469 2564 Cohorten.
1513 2530 1567 2564 De
1593 2531 1702 2564 Bata-

982 2587 1108 2610 vorum
1142 2577 1354 2612 fortitudine
1400 2580 1435 2611 in
1469 2589 1590 2623 pugna
1627 2578 1702 2612 Be-

983 2624 1161 2660 driacensi
1188 2637 1222 2659 v.
1249 2626 1292 2659 H.
1319 2626 1428 2661 1143.

1055 2674 1179 2708 multos
1211 2674 1327 2707 adhuc
1362 2675 1400 2706 in
1428 2673 1548 2707 Gallia
1583 2675 1701 2707 vivere

982 2726 1065 2754 ante
1101 2722 1232 2755 tributa
1272 2722 1435 2765 genitos.-
1481 2722 1617 2767 cogitat
1650 2721 1701 2762 »de

982 2769 1123 2802 tributis
1139 2795 1148 2810 ,
1186 2779 1278 2813 quae
1298 2770 1482 2814 Augustus
1508 2771 1699 2814 septimum

982 2816 1108 2849 consul
1146 2826 1239 2850 anno
1267 2817 1334 2850 727
1365 2816 1559 2851 Galliarum
1594 2820 1699 2852 terris

981 2864 1152 2907 imposuit
1184 2864 1273 2908 (Dio
1303 2863 1379 2898 Lm
1414 2867 1503 2909 22),
1541 2876 1613 2899 non
1652 2866 1698 2901 de

981 2911 1027 2944 iis
1053 2922 1144 2957 quae
1169 2910 1283 2948 Iulius
1308 2911 1443 2948 Caesar
1473 2919 1558 2952 ante
1583 2924 1696 2952 anuos

983 2958 1055 2995 120
1077 2960 1292 2995 institunt.
