1768 3216
131 206 155 238 ι
179 200 220 239 c.
246 203 308 241 69.
607 205 744 242 mnan
770 205 817 242 n.
868 204 956 241 cn.
985 205 1142 242 50—54.
1563 198 1634 244 m

124 323 254 378 pisse·
287 323 505 366 victoriam
547 324 836 367 crederentur.
897 325 955 366 lta
997 325 1149 379 trepidi
1189 329 1230 366 et
1275 325 1479 380 utrimque
1520 326 1634 367 anxii

133 401 303 452 coeunt,
334 400 681 465 nenQvatim
711 400 906 454 expedito
941 399 1135 452 consilio,
1171 400 1280 456 inter
1309 400 1460 443 multos
1489 386 1635 443 socie-

132 477 216 515 tate
247 473 394 528 culpae
422 475 563 516 tutior.
604 463 1234 533 Unel-“abaf‘fiai'entffi‘nT-curas
1265 475 1373 516 ordo
1389 475 1634 533 Mutinensis

134 561 249 591 arma
280 553 321 590 et
348 550 569 604 pecuniam
593 549 830 603 offerendo,
868 550 1182 604 appellabatque
1205 554 1345 604 patres
1371 551 1635 605 conscriptos

64 622 424 678 &intempestivo
480 624 655 667 bonore.
714 625 930 666 Notabile*
960 625 1154 681 iurgium·
1182 625 1281 678 suit,
1330 638 1410 679 quo
1451 625 1667 670 Licinius}

133 698 317 740 Caecina
353 698 594 741 Marcellum
634 700 803 754 Eprium
843 705 887 742 ut
924 701 1117 756 ambigua
1151 701 1435 743 disserentem
1467 701 1632 744 invasit.

131 773 220 815 Nec
261 774 391 816 ceteri
422 775 653 816 sententias
685 775 949 829 aperiebant:
994 775 1068 816 sed
1116 776 1294 817 invisum
1324 777 1524 818 memoria
1556 777 1636 818 de-

132 846 331 890 lationum
360 850 676 903 expositumque
707 849 757 890 ad
789 849 988 891 invidiam
1009 849 1197 891 Marcelli
1218 862 1371 891 nomen
1390 850 1637 892 inritaverat

131 922 373 976 Caecinam,
406 927 449 964 ut
478 935 612 964 novus
644 923 781 964 adhuc
814 927 853 965 et
883 924 924 964 in
957 927 1157 965 senatum·
1178 936 1312 978 nuper
1338 924 1523 966 adscitus
1542 937 1635 966 ma·-

91 998 94 1006 '
132 997 230 1053 gnis
260 998 488 1039 inimicitiis
520 998 788 1040 claresceret.
848 998 1141 1040 Moderatione
1170 999 1390 1040 meliorum
1430 999 1634 1053 dirempti.
1651 996 1689 1041 so

131 1074 184 1116 Et
211 1074 380 1117 rediere
411 1087 557 1116 omnes
587 1074 834 1127 Bononiam,
866 1087 1011 1116 rursus
1033 1075 1315 1139 chaturss
1346 1075 1467 1117 simul
1498 1076 1634 1117 medio

133 1149 333 1204 temporis
382 1149 524 1204 plures
567 1150 699 1191 nuntii
741 1151 1029 1204 sperabantur.
1091 1139 1332 1203 Bononiae,
1375 1150 1522 1192 divisis
1561 1163 1638 1204 per

133 1211 283 1268 itinera
322 1226 392 1280 qui
431 1227 765 1268 recentissimum
803 1238 1008 1281 quemque
1037 1231 1408 1281 percontarentur,
1450 1228 1637 1268 interro-

133 1304 256 1354 gatus
288 1300 464 1342 Othonis
495 1301 669 1343 libertus
702 1314 868 1344 causam
904 1302 1143 1362 digggssus,
1177 1301 1332 1344 babere
1366 1315 1412 1344 se
1443 1314 1636 1356 suprema

133 1375 224 1417 eius
269 1376 463 1418 mandata
501 1377 745 1431 respondit}
770 1362 921 1431 ”ipsum
965 1377 1177 1419 viventem
1219 1377 1386 1432 quidem
1428 1368 1689 1430 relictumfl's

132 1449 207 1492 sed
239 1450 329 1492 sola
358 1451 613 1504 posteritatis
645 1464 743 1493 cura
776 1456 816 1494 et
846 1453 1031 1506 abruptis
1049 1453 1161 1494 vitae
1181 1452 1488 1494 blandimentis.
1529 1451 1636 1493 Hinc

133 1525 352 1567 admiratio
385 1530 426 1567 et
454 1526 571 1580 plura
603 1527 894 1582 interrogandi
924 1528 1081 1581 pudor3
1123 1532 1245 1582 atque
1287 1528 1468 1569 omnium
1508 1528 1636 1568 animi

64 1601 178 1642 54-in
210 1601 415 1642 Vitellium
448 1601 721 1643 inclinavere.
764 1602 968 1644 Intererat
998 1603 1187 1644 consiliis
1220 1603 1350 1644 frater
1380 1603 1469 1643 eius
1485 1603 1636 1643 Lucius

134 1673 340 1728 vitellius,
372 1687 502 1729 seque
531 1676 611 1717 iam
643 1676 906 1717 adulantibus
938 1675 1157 1728 offerebat,
1194 1689 1284 1717 cum
1320 1680 1493 1730 repente
1524 1676 1638 1718 Coe-

135 1761 213 1790 nus
244 1749 418 1791 libertus
448 1751 628 1792 Neronis
662 1751 795 1792 atroci
826 1750 1048 1792 mendacio
1081 1751 1302 1792 universos
1332 1750 1524 1805 perculit,
1557 1750 1690 1792 ad-ao

134 1824 302 1867 firmans
331 1829 584 1879 superventu
615 1830 787 1879 quartae
826 1825 1017 1867 decimae
1056 1825 1264 1881 legionis,
1306 1826 1457 1867 iunctis
1488 1839 1511 1868 a
1541 1825 1638 1868 Bri-

273 1934 308 1970 5.
333 1935 530 1980 intempcsti
555 1933 627 1977 Ma,
663 1935 702 1968 in
731 1936 930 1981 tempestiuo
956 1935 995 1970 G.

135 1992 248 2028 comp.
274 1984 335 2029 ivi)
363 1985 515 2029 iurgium
544 1984 572 2018 G
598 1988 633 2017 et
662 1983 738 2018 alii.

134 2031 199 2066 Ma.
286 2033 402 2066 invisa
428 2031 493 2066 Ma.

137 2083 192 2116 24.
220 2081 392 2116 Imber-tus
417 2080 481 2115 fila.

1094 1936 1293 1981 uiryenium
1331 1935 1407 1969 Ma:
1442 1935 1524 1969 inde
1553 1938 1637 1980 (per

814 1985 848 2019 6.
877 1985 1036 2018 ianuasit
1061 1983 1139 2018 ma:
1168 1984 1195 2018 G
1220 1985 1258 2018 in
1284 1985 1387 2018 misit.
1451 1985 1483 2019 7.
1511 1986 1637 2019 ceteris

568 2033 602 2068 9.
634 2033 771 2066 adse-ini
798 2033 863 2068 Ma.
944 2034 999 2068 13.
1027 2035 1187 2078 qtaenque
1213 2032 1279 2067 Ma.
1363 2039 1546 2078 percum-t.
1575 2033 1634 2068 Or.

567 2081 698 2127 sasima
724 2080 791 2116 llla.
870 2082 913 2116 18
954 2082 995 2115 L.
1025 2081 1090 2116 Ma.
1168 2083 1226 2117 21.
1247 2084 1458 2128 superventa
1481 2081 1547 2116 Ma.

132 2210 212 2232 nem
239 2205 310 2233 tam
337 2199 491 2245 expediti
504 2199 666 2241 consi11'2’3
693 2210 739 2233 ex
757 2209 847 2233 voce
990 2187 1056 2232 ‘nec
1085 2200 1217 2233 celeri.-
1273 2199 1367 2233 idem
1405 2198 1503 2233 valet
1540 2198 1635 2244 quo'd

131 2248 271 2281 nemine
305 2247 583 2294 intelligendum
625 2249 668 2281 ad
702 2258 848 2292 sequens
918 2258 961 2280 ue
997 2250 1107 2281 celeri
1148 2247 1295 2292 quidem.
1360 2245 1464 2280 Conf.
1513 2252 1633 2281 annot.

134 2296 242 2329 tutior
263 2295 463 2330 subiectum
489 2297 734 2340 unusquisque.
918 2296 961 2329 ad
987 2295 1018 2329 11
1044 2297 1104 2331 82.
1202 2296 1373 2329 memoria
1400 2295 1635 2330 delationum.-

206 2344 292 2377 ordo
321 2343 553 2378 Mutinensis.-
581 2349 635 2377 est
663 2343 749 2377 ordo
781 2354 848 2378 cu-
917 2344 1002 2391 lege
1029 2345 1106 2378 XVI
1131 2346 1178 2380 22
1205 2350 1240 2378 et
1266 2344 1313 2379 28
1340 2349 1375 2378 et
1401 2345 1460 2379 33.

134 2391 275 2426 rialium
317 2393 396 2426 sive
431 2391 663 2426 decurionum
710 2393 770 2437 qui
812 2393 847 2425 in

134 2441 341 2485 municipiis
388 2441 614 2486 coloniisque
652 2439 746 2474 idem
788 2442 848 2486 qui

135 2489 270 2523 Romae
301 2494 459 2524 senatus.

205 2537 292 2583 Cap.
310 2539 369 2574 53.
399 2537 553 2572 notabile
577 2537 730 2583 iuryium
753 2538 821 2582 finit
837 2549 849 2570 .·

135 2584 206 2620 hoc
236 2586 362 2620 eodem
400 2597 571 2620 consessu
598 2585 755 2620 Mutinae
786 2597 850 2620 ac·-

136 2634 235 2668 cidit.
297 2635 383 2668 Inde
426 2636 538 2681 igitur
578 2639 659 2678 post
696 2634 851 2668 notabile

135 2692 207 2715 non
233 2683 327 2716 bene
364 2684 400 2716 in
435 2683 547 2728 vulgo
583 2683 753 2716 librorum
787 2693 851 2717 ac-

137 2730 245 2773 cedit,
271 2736 386 2764 ortum
415 2741 460 2764 ex
478 2729 533 2764 Ma
557 2730 631 2764 levi
656 2732 747 2764 vitio
771 2732 852 2764 uir.

136 2779 298 2823 yenium:
328 2778 396 2812 hoc
418 2779 531 2823 ipsum
561 2789 604 2811 ex
623 2780 776 2825 unu-qima
796 2779 854 2824 (id

137 2826 342 2873 ambiguum
380 2828 476 2862 inter
510 2827 662 2872 viryium
696 2832 733 2861 et
771 2828 853 2861 iur-
874 2825 887 2837 ⁰

135 2875 249 2922 qiam)
290 2875 384 2910 male
411 2880 610 2911 correctum
637 2880 703 2909 est.
754 2875 853 2910 Lici..

137 2924 218 2958 nius
244 2923 401 2960 Caecina
424 2930 570 2961 senator
595 2934 689 2958 nunc
716 2929 852 2958 tantum

137 2977 365 3009 memoratur.

988 2415 1067 2449 sola
1099 2415 1315 2461 posteritatis
1350 2426 1438 2449 cura
1459 2426 1468 2448 :
1493 2415 1634 2462 ⁴dictum

915 2465 1104 2510 posteritas
1129 2463 1174 2498 de
1201 2474 1245 2497 eo
1282 2463 1378 2509 quod
1410 2468 1492 2508 post
1518 2465 1634 2508 ipsum

920 2512 1098 2547 Othonem
1125 2512 1284 2546 futurum
1309 2517 1405 2547 esset
1435 2513 1540 2558 (aber
1566 2523 1637 2546 mar

918 2563 980 2596 mit
995 2562 1071 2596 dem
1087 2561 1280 2596 Gedanken
1305 2573 1354 2595 an
1372 2561 1435 2595 das
1452 2562 1633 2604 Jenseits).

994 2632 1080 2678 cap.
1103 2634 1162 2668 54.
1203 2634 1319 2667 atroci
1342 2631 1526 2665 mendacio
1552 2630 1636 2662 uni-

920 2693 1039 2716 versos
1063 2681 1235 2727 perculit:
1282 2679 1476 2726 percellere
1514 2677 1572 2710 hic
1598 2681 1638 2709 ut

922 2730 1007 2764 alibi
1023 2732 1179 2774 ponitur,
1208 2729 1268 2762 ubi
1283 2729 1504 2771 inopinatum
1521 2724 1637 2770 quod.-

922 2777 1000 2812 dam
1028 2783 1063 2812 et
1089 2788 1161 2811 non
1198 2781 1422 2820 expectatum
1459 2774 1638 2818 profertur

922 2827 1107 2872 (betroffen
1140 2825 1310 2866 macheu,
1353 2822 1609 2868 aberraschen)
1625 2834 1638 2864 ,-

923 2875 970 2908 cf.
992 2874 1034 2907 H.
1066 2873 1114 2907 111
1141 2873 1200 2908 36.
1242 2873 1257 2905 1
1286 2872 1329 2905 12
1355 2876 1391 2905 et
1417 2870 1475 2914 28,
1505 2870 1550 2904 v1
1576 2870 1637 2906 44.

924 2921 1114 2956 Mendacio
1137 2921 1297 2966 percussi
1329 2931 1349 2953 a
1388 2919 1564 2970 perculsis
1593 2929 1638 2953 eo

924 2970 1103 3014 differunt,
1133 2970 1228 3015 quod
1253 2969 1384 3015 plagae
1417 2967 1479 3003 vel
1506 2967 1639 3004 vulne-

1696 313 1717 510 *s--ae

1733 297 1758 510 &ma-n·-

1654 1052 1701 1093 (Γ,
1747 1046 1768 1104 5‘

1652 1092 1655 1105 j
1677 1087 1698 1099 j

1708 1311 1768 1376 {Ze
