1768 3216
244 101 264 109 ο

167 241 202 268 a.
228 239 264 267 u.
294 231 380 268 830.
431 242 453 267 a
478 230 518 267 G.
546 233 604 269 77.
876 231 966 269 Gar.
991 233 1026 270 9.
1158 249 1164 252 ·
1620 237 1666 271 99

145 349 295 403 -dque
324 347 615 392 abstinentiam
640 348 684 391 in
702 352 817 399 tanto
833 349 926 391 viro
942 349 1106 392 referre
1124 348 1275 403 iniuria
1289 348 1484 393 virtutum
1505 349 1665 404 suerit]

169 421 235 465 Ne
262 423 414 466 samam
444 423 628 478 quidem,
661 424 728 465 cui
749 436 877 479 saepe
896 424 1019 467 etiam
1037 424 1137 466 boni
1156 424 1387 480 indulgent,
1417 426 1667 469 ostentando

167 497 363 541 virtutem
392 503 462 541 aut
487 511 564 552 per
593 503 723 542 artem
753 499 979 553 quaesivit:
1023 499 1170 553 procul
1200 499 1252 541 ab
1282 499 1560 542 aemulatione
1589 500 1669 543 ad·-

164 583 321 616 -vusus
351 572 562 628 collegas,
592 573 740 627 procul
770 587 795 615 a
825 574 1096 616 contentione
1123 574 1326 616 adversus
1355 578 1667 628 procuratores,

164 646 414 690 etwincere
443 648 668 703 inglorium
695 652 738 689 et
766 649 888 690 atteri
917 648 1134 690 sordidum
1166 649 1456 691 arbitrabatur.
1534 649 1700 691 Minuss

169 721 395 763 triennium
425 722 469 763 in
498 735 549 764 ea
578 722 792 778 legatione
822 723 1012 764 detentus
1046 735 1097 765 ac
1133 723 1271 765 statim
1313 723 1366 764 ad
1406 733 1522 777 spem
1561 735 1670 765 con-

167 795 330 839 sulam
371 800 595 839 revocatus
642 801 731 850 est,
796 797 1022 839 comitante
1083 797 1283 851 opinione
1331 796 1588 840 Britanniam
1629 798 1671 840 ei

169 862 429 924 provinciam
457 871 564 924 dari,
595 871 720 913 nullis
751 871 793 912 in
828 871 910 913 hoe
942 871 1029 914 suis
1060 872 1338 924 sermonibus,
1370 872 1447 915 sed
1477 873 1573 927 quia
1594 885 1671 927 par

166 944 403 989 videbatur.
473 945 593 988 Haud
631 958 799 1000 semper
838 951 952 988 errat
992 947 1101 989 fama
1116 960 1129 997 ;
1177 947 1401 1000 aliquando
1445 952 1486 989 et
1528 947 1669 1003 elegit.

169 1008 334 1062 Oonsul'
355 1021 560 1076 egregiae
590 1021 672 1062 iam
712 1021 804 1075 spei
848 1021 973 1062 filiam
1012 1021 1152 1063 iuveni
1190 1011 1291 1063 milii
1333 1022 1577 1076 despondit,
1621 1035 1671 1065 ae
1692 1037 1731 1065 ιο

308 1175 347 1209 1.·
364 1175 521 1218 [irtacum
545 1173 666 1209 deleto
692 1176 714 1220 Ῑ
733 1178 769 1209 et
795 1184 973 1219 superscr.
1000 1186 1021 1208 v
1047 1177 1086 1210 Γ.
1188 1177 1223 1211 2.
1250 1187 1355 1222 saepe
1381 1176 1488 1210 etiam
1513 1176 1596 1210 boni
1620 1178 1669 1212 F:

170 1222 275 1258 etiam
301 1234 407 1269 saepe
432 1223 514 1257 boni
538 1225 572 1256 A
597 1229 631 1257 et
659 1223 876 1258 Puteolanus
904 1223 1009 1269 (huic
1034 1225 1140 1257 etiam
1166 1225 1249 1258 boni
1274 1236 1379 1270 saepe
1405 1224 1497 1258 falso
1523 1225 1670 1259 ascribit

170 1271 360 1318 ofellius).
460 1272 665 1306 ostentando
690 1273 869 1318 virtatem]
898 1272 1141 1305 ostentandam
1171 1274 1334 1306 virtutem
1363 1275 1402 1315 Γ,
1429 1273 1672 1307 ostentandam

170 1321 300 1354 virtute
324 1322 369 1362 Δ,
397 1320 606 1354 ostentanda
630 1321 757 1354 tin-tate
783 1320 987 1354 Rhenanus.
1061 1319 1096 1354 9.
1124 1326 1184 1354 aut
1209 1332 1346 1366 semper
1371 1327 1450 1354 crat
1474 1323 1518 1356 Δ.
1594 1321 1668 1355 ele-

167 1369 219 1414 git
242 1370 316 1411 ΓΔ,
342 1368 439 1413 eligit
458 1368 664 1403 Rhenanus.
741 1369 797 1404 10.
825 1370 1002 1414 eqreqiae]
1028 1370 1155 1417 gyrepie³
1181 1371 1220 1412 Γ,
1245 1375 1372 1415 9ναιαε
1395 1380 1467 1415 mg.
1496 1371 1528 1404 Γ
1553 1374 1588 1403 et
1613 1372 1670 1406 A:

170 1417 327 1452 correxit
353 1416 582 1452 Puteolanus.
670 1418 744 1452 iam
769 1416 905 1451 editor:
932 1416 1076 1452 codices
1110 1423 1191 1452 tum.

171 1567 258 1601 tiam
280 1569 437 1612 referre,
466 1577 679 1613 quamquam
706 1567 776 1602 hoc
805 1566 889 1613 quid

171 1615 241 1650 sibi
265 1616 369 1660 vetit,
397 1615 499 1650 multi
525 1615 682 1650 lectores
708 1626 781 1650 nou
803 1627 888 1661 per-

171 1664 319 1708 cipicnt.
372 1663 555 1698 Postremo
595 1665 813 1710 integritatis
854 1670 890 1699 et

954 1580 1019 1614 gas
1043 1568 1155 1602 variis
1190 1567 1378 1603 inlecebris
1408 1573 1543 1614 potens.
1594 1569 1672 1603 Ae-v

956 1617 1189 1651 mulationem
1227 1617 1429 1663 legatorum
1462 1616 1672 1651 Germaniae

957 1670 992 1699 et
1017 1665 1189 1712 Belgicae
1215 1666 1327 1700 refert
1351 1665 1491 1699 Tacitus
1516 1664 1669 1701 xt1153.

172 1712 412 1747 abstinentiae
426 1714 767 1747 commemoratione
792 1713 891 1747 nulla

168 1770 315 1806 prorsus
337 1763 503 1796 virtutum
527 1762 665 1795 iniuria
690 1763 885 1808 peragitur.

171 1809 209 1844 Si
235 1810 294 1844 cui
322 1810 417 1844 sacta
443 1814 498 1844 cst.
525 1810 669 1853 iniuria,
695 1810 890 1857 Agricolae

171 1857 268 1892 facta
292 1863 360 1902 est,
384 1867 456 1892 non
482 1858 678 1893 virtutibus.

257 1930 464 1965 ostentando
490 1932 677 1965 virtutem:
711 1932 742 1966 Γ
771 1935 890 1964 osten..

172 1978 319 2013 landam
352 1979 511 2013 virtutem
528 2005 538 2021 ,
581 1981 617 2015 Δ
649 1978 891 2013 ostentandam

172 2028 299 2062 virtute
324 2026 415 2072 (boc
440 2038 485 2061 ex
497 2028 629 2062 virtute
644 2031 799 2074 uatum),
817 2027 891 2060 Pu-

171 2074 341 2110 teolanus
373 2077 410 2110 in
438 2077 596 2113 omnium
632 2086 780 2120 operum
810 2075 891 2109 edi-

173 2125 274 2159 tione
311 2124 525 2159 ostentanda
548 2126 675 2158 virtute
706 2129 788 2168 (pro
813 2125 891 2158 cir-

173 2177 268 2219 me)
282 2172 366 2207 dum
390 2173 577 2218 praebent,
603 2173 681 2207 veri
707 2172 892 2207 luculenta

173 2222 332 2267 vestigia
356 2227 556 2264 servarunt,
583 2221 664 2255 dico
686 2221 891 2255 ostentando

173 2271 355 2304 virtatem:
381 2281 460 2304 nam
488 2276 647 2303 consona
671 2280 763 2314 quae
790 2270 888 2314 prin-

176 2318 272 2362 cipio
299 2318 367 2351 tuit
393 2319 429 2352 iu
456 2319 614 2359 nomine,
639 2318 722 2351 inde
747 2317 790 2351 ad
807 2328 892 2350 vcr-

174 2365 259 2399 bum
284 2366 553 2400 assimilationis
575 2375 696 2399 errore
722 2365 893 2398 translata

176 2418 294 2448 estet
329 2414 414 2448 binc
449 2418 568 2448 cetera
608 2418 757 2458 peccata
796 2417 889 2446 sunt.

175 2462 303 2498 Forma
344 2464 506 2497 virtutem
544 2473 589 2496 ex
626 2463 760 2506 optimo
800 2461 891 2495 libro

176 2511 332 2547 tenenda
366 2516 402 2546 et
438 2511 608 2555 deinceps
648 2510 799 2544 alterum
835 2511 893 2543 vi-

177 2562 264 2595 tium
292 2560 551 2595 emendandum
579 2563 632 2593 cst
658 2560 732 2601 ita,
760 2563 797 2591 ut
826 2568 894 2602 po-

177 2609 286 2644 stulat
326 2609 548 2643 consuetudo
577 2606 818 2649 Corneliana,
850 2605 894 2639 de

179 2667 250 2703 qua
276 2658 362 2691 satis
391 2656 568 2691 collocavi
596 2655 639 2689 ad
666 2655 710 2689 Vl
738 2655 797 2689 50.
832 2655 892 2688 Sic

179 2707 249 2740 iam
274 2705 415 2739 Bosius.

253 2777 419 2810 adversus
446 2774 620 2820 colleyas:
649 2773 809 2820 collegas
837 2773 895 2806 di-

183 2826 231 2859 cit
270 2825 419 2860 aliarum
457 2823 720 2868 provinciarum
755 2823 895 2866 praesi-

182 2873 257 2917 des,
284 2874 476 2918 praecipue
495 2870 632 2905 Galliae
657 2871 893 2914 praepositos.

182 2921 224 2956 H.
251 2921 266 2955 l
295 2922 364 2957 10:
400 2921 587 2955 Mucianus
625 2938 661 2944 —
693 2919 787 2964 apud
812 2918 896 2952 sub-

181 2971 300 3015 tectos,
329 2969 424 3018 apud
443 2969 641 3017 proximos,
668 2966 762 3015 apud
787 2965 896 3003 colle-

1024 1736 1151 1782 procul
1188 1749 1211 1771 a
1252 1738 1472 1772 contentione
1496 1737 1673 1770 »adversus

952 1791 1227 1831 procuratores:
1262 1786 1438 1820 eiusmodi
1465 1786 1672 1819 contentio-

956 1844 1038 1868 nem
1063 1833 1158 1868 idem
1190 1835 1345 1869 narravit
1372 1833 1449 1868 XIV
1474 1834 1522 1869 38
1550 1838 1586 1867 et
1610 1833 1670 1868 39.

1027 1905 1170 1938 vincere
1188 1904 1377 1950 inglorium
1403 1912 1436 1939 et
1460 1905 1568 1939 atteri
1589 1915 1673 1938 sor-

935 1952 1075 1987 -didum
1091 1964 1103 1986 .-
1130 1954 1273 1988 vincere
1299 1954 1461 2000 collegas
1476 1979 1486 1996 ,
1523 1953 1630 1988 atteri
1652 1963 1675 1986 a

957 2002 1258 2046 procuratoribus.
1285 2003 1402 2036 Alteri
1424 2011 1519 2035 nove
1545 2001 1676 2035 dicitur

958 2050 1003 2084 de
1028 2051 1259 2084 contentione
1296 2061 1375 2084 cum
1409 2050 1591 2085 interioris
1618 2049 1674 2083 di-

958 2100 1105 2144 gnitatis
1138 2098 1364 2141 hominibus,
1403 2110 1473 2144 qua
1512 2099 1676 2143 superior

958 2146 1209 2182 detrimentum
1235 2147 1420 2194 diguitatis
1446 2142 1567 2181 saciat.

1030 2242 1151 2276 consul
1177 2242 1340 2286 eyn-eyiae
1364 2242 1437 2274 iam
1468 2240 1543 2284 spei
1563 2238 1675 2282 filiam

957 2290 1076 2323 iucem·
1099 2290 1186 2322 mihi
1199 2289 1400 2334 despondit:
1427 2289 1455 2320 si
1476 2287 1675 2320 ordinarius

959 2337 1086 2371 suisset
1103 2363 1112 2379 ‚
1144 2337 1321 2381 collegam
1348 2336 1489 2368 Tacitus
1516 2334 1674 2368 addidis-

959 2389 1031 2418 set:
1068 2386 1103 2417 iu
1129 2385 1287 2418 suffectis
1315 2383 1523 2417 consulibus
1548 2392 1591 2416 ea
1617 2381 1675 2415 di-

960 2432 1110 2478 ligentia
1137 2433 1252 2466 minus
1280 2433 1496 2466 necessaria.
1533 2429 1676 2464 Consu-

961 2480 1052 2514 latus
1082 2486 1219 2525 tempus
1254 2480 1440 2515 anni-830
1468 2496 1509 2509 =
1538 2479 1581 2513 77
1608 2478 1674 2512 ka-

960 2528 1084 2562 lendas
1111 2529 1219 2562 Iulias
1255 2528 1491 2573 probabiliter
1515 2527 1678 2560 definivit

961 2576 1173 2611 Muratorius
1222 2578 1373 2623 (Armati
1419 2575 1562 2609 ‹l'ltaln'a
1603 2579 1627 2606 t.
1663 2574 1677 2606 1

964 2636 999 2669 p.
1031 2626 1131 2671 196),
1159 2630 1197 2658 ut
1225 2625 1368 2670 collega
1381 2623 1572 2669 Agricolae
1591 2621 1676 2655 Fla-

964 2675 1045 2707 vius
1072 2674 1309 2715 Domitianus,
1337 2678 1420 2705 tunc
1447 2669 1572 2705 consul
1598 2669 1676 2702 suf-

964 2722 1093 2765 rectus,
1121 2723 1246 2763 suet-it,
1275 2726 1310 2754 et
1338 2722 1390 2753 sic
1417 2724 1470 2752 est
1500 2720 1534 2751 iu
1565 2717 1678 2751 fasto-

965 2781 1039 2804 rum
1092 2769 1332 2804 consularium
1389 2765 1677 2800 collectionibus.

966 2819 1088 2852 Restat
1116 2827 1202 2851 vcro
1229 2815 1321 2861 quod
1337 2819 1390 2849 est
1410 2815 1565 2860 gravius.
1591 2812 1679 2847 Nam

966 2866 1060 2911 quod
1093 2865 1204 2910 vulgo
1240 2865 1366 2909 legunt
1414 2863 1577 2908 eyreyiae
1610 2867 1681 2895 tum

965 2915 1039 2960 spei
1066 2913 1203 2958 liliam,
1260 2912 1451 2946 offensioni
1486 2910 1680 2945 obnoxium

967 2967 1044 3008 est,
1084 2962 1184 3010 quasi
1219 2959 1368 3008 posthac
1394 2959 1506 2996 Taciti
1550 2959 1682 2994 coniux
