<?xml version="1.0" encoding="UTF-8"?>
<!DOCTYPE html PUBLIC "-//W3C//DTD XHTML 1.0 Transitional//EN"
    "http://www.w3.org/TR/xhtml1/DTD/xhtml1-transitional.dtd">
<html xmlns="http://www.w3.org/1999/xhtml" xml:lang="en" lang="en">
 <head>
  <title>
</title>
<meta http-equiv="Content-Type" content="text/html;charset=utf-8" />
  <meta name='ocr-system' content='tesseract 3.04.00' />
  <meta name='ocr-capabilities' content='ocr_page ocr_carea ocr_par ocr_line ocrx_word'/>
</head>
<body>
  <div class='ocr_page' id='page_1' title='image "./operaadcodicesan03taciuoft/operaadcodicesan03taciuoft_0699.png"; bbox 0 0 1768 3216; ppageno 0'>
   <div class='ocr_carea' id='block_1_1' title="bbox 466 915 1243 962">
    <p class='ocr_par' dir='ltr' id='par_1_1' title="bbox 466 915 1243 962">
     <span class='ocr_line' id='line_1_1' title="bbox 466 915 1243 962; baseline 0.003 -4"><span class='ocrx_word' id='word_1_1' title='bbox 466 915 710 959; x_wconf 69' lang='lat' dir='ltr'><strong>lmnnx</strong></span> <span class='ocrx_word' id='word_1_2' title='bbox 749 916 1243 962; x_wconf 65' lang='lat' dir='ltr'><strong>mswulucvs,</strong></span> 
     </span>
    </p>
   </div>
   <div class='ocr_carea' id='block_1_2' title="bbox 729 1060 983 1067">
    <p class='ocr_par' dir='ltr' id='par_1_2' title="bbox 729 1060 983 1067">
     <span class='ocr_line' id='line_1_2' title="bbox 729 1060 983 1067; baseline 0 2149"><span class='ocrx_word' id='word_1_3' title='bbox 729 1060 983 1067; x_wconf 95' lang='lat' dir='ltr'><strong> </strong></span> 
     </span>
    </p>
   </div>
   <div class='ocr_carea' id='block_1_3' title="bbox 151 1172 1603 1299">
    <p class='ocr_par' dir='ltr' id='par_1_3' title="bbox 151 1172 1603 1299">
     <span class='ocr_line' id='line_1_3' title="bbox 151 1172 1598 1236; baseline 0.003 -17"><span class='ocrx_word' id='word_1_4' title='bbox 151 1172 299 1228; x_wconf 68' lang='lat' dir='ltr'><strong>Nunteri</strong></span> <span class='ocrx_word' id='word_1_5' title='bbox 319 1185 413 1219; x_wconf 76' lang='lat' dir='ltr'><strong>nude</strong></span> <span class='ocrx_word' id='word_1_6' title='bbox 434 1186 542 1231; x_wconf 74' lang='lat' dir='ltr'><strong>positi</strong></span> <span class='ocrx_word' id='word_1_7' title='bbox 565 1187 614 1220; x_wconf 78' lang='lat' dir='ltr'><strong>ad</strong></span> <span class='ocrx_word' id='word_1_8' title='bbox 638 1187 798 1222; x_wconf 82' lang='lat' dir='ltr'><strong>Annales</strong></span> <span class='ocrx_word' id='word_1_9' title='bbox 822 1189 1040 1233; x_wconf 76' lang='lat' dir='ltr'><strong>referuntur,</strong></span> <span class='ocrx_word' id='word_1_10' title='bbox 1072 1189 1193 1234; x_wconf 81' lang='lat' dir='ltr'><strong>quibus</strong></span> <span class='ocrx_word' id='word_1_11' title='bbox 1218 1189 1254 1223; x_wconf 78' lang='lat' dir='ltr'><strong><em>H</em></strong></span> <span class='ocrx_word' id='word_1_12' title='bbox 1270 1189 1510 1236; x_wconf 77' lang='lat' dir='ltr'><strong>praepositum</strong></span> <span class='ocrx_word' id='word_1_13' title='bbox 1536 1195 1598 1233; x_wconf 80' lang='lat' dir='ltr'><strong>est,</strong></span> 
     </span>
     <span class='ocr_line' id='line_1_4' title="bbox 241 1249 1603 1299; baseline 0.003 -15"><span class='ocrx_word' id='word_1_14' title='bbox 241 1249 290 1284; x_wconf 75' lang='lat' dir='ltr'><strong>ad</strong></span> <span class='ocrx_word' id='word_1_15' title='bbox 313 1250 502 1294; x_wconf 75' lang='lat' dir='ltr'><strong><em>Historias,</em></strong></span> <span class='ocrx_word' id='word_1_16' title='bbox 531 1250 560 1286; x_wconf 81' lang='lat' dir='ltr'><em>G</em></span> <span class='ocrx_word' id='word_1_17' title='bbox 588 1250 636 1285; x_wconf 81' lang='lat' dir='ltr'><strong>ad</strong></span> <span class='ocrx_word' id='word_1_18' title='bbox 665 1251 904 1296; x_wconf 76' lang='lat' dir='ltr'><strong>Germaniam,</strong></span> <span class='ocrx_word' id='word_1_19' title='bbox 930 1253 963 1286; x_wconf 82' lang='lat' dir='ltr'><strong>A</strong></span> <span class='ocrx_word' id='word_1_20' title='bbox 986 1252 1034 1286; x_wconf 82' lang='lat' dir='ltr'><strong>ad</strong></span> <span class='ocrx_word' id='word_1_21' title='bbox 1056 1252 1273 1298; x_wconf 63' lang='lat' dir='ltr'><strong>Agyrio-olam,</strong></span> <span class='ocrx_word' id='word_1_22' title='bbox 1303 1254 1332 1287; x_wconf 91' lang='grc'><em>0</em></span> <span class='ocrx_word' id='word_1_23' title='bbox 1356 1254 1404 1287; x_wconf 83' lang='lat' dir='ltr'><strong>ad</strong></span> <span class='ocrx_word' id='word_1_24' title='bbox 1427 1253 1603 1299; x_wconf 65' lang='lat' dir='ltr'><strong>dialogum</strong></span> 
     </span>
    </p>
   </div>
   <div class='ocr_carea' id='block_1_4' title="bbox 241 1316 519 1351">
    <p class='ocr_par' dir='ltr' id='par_1_4' title="bbox 241 1316 519 1351">
     <span class='ocr_line' id='line_1_5' title="bbox 241 1316 519 1351; baseline 0 0"><span class='ocrx_word' id='word_1_25' title='bbox 241 1316 283 1351; x_wconf 76' lang='lat' dir='ltr'><strong>de</strong></span> <span class='ocrx_word' id='word_1_26' title='bbox 307 1316 519 1351; x_wconf 62' lang='lat' dir='ltr'><strong>oratorwus.</strong></span> 
     </span>
    </p>
   </div>
   <div class='ocr_carea' id='block_1_5' title="bbox 101 1460 830 2940">
    <p class='ocr_par' dir='ltr' id='par_1_5' title="bbox 105 1460 829 1618">
     <span class='ocr_line' id='line_1_6' title="bbox 105 1460 829 1508; baseline -0.006 -10"><span class='ocrx_word' id='word_1_27' title='bbox 105 1462 340 1508; x_wconf 76' lang='lat' dir='ltr'>Abdagaeses</span> <span class='ocrx_word' id='word_1_28' title='bbox 364 1461 514 1496; x_wconf 85' lang='lat' dir='ltr'><strong>Parthus</strong></span> <span class='ocrx_word' id='word_1_29' title='bbox 534 1461 556 1496; x_wconf 89' lang='grc'><strong>6</strong></span> <span class='ocrx_word' id='word_1_30' title='bbox 582 1460 630 1495; x_wconf 86' lang='grc'><strong>36</strong></span> <span class='ocrx_word' id='word_1_31' title='bbox 660 1465 695 1495; x_wconf 88' lang='lat' dir='ltr'><strong>et</strong></span> <span class='ocrx_word' id='word_1_32' title='bbox 719 1461 765 1496; x_wconf 87' lang='lat'><strong>37</strong></span> <span class='ocrx_word' id='word_1_33' title='bbox 794 1466 829 1495; x_wconf 84' lang='lat' dir='ltr'><strong>et</strong></span> 
     </span>
     <span class='ocr_line' id='line_1_7' title="bbox 152 1521 827 1567; baseline 0 -11"><span class='ocrx_word' id='word_1_34' title='bbox 152 1522 200 1557; x_wconf 83' lang='lat'><strong>43</strong></span> <span class='ocrx_word' id='word_1_35' title='bbox 225 1527 263 1556; x_wconf 82' lang='lat' dir='ltr'><strong>et</strong></span> <span class='ocrx_word' id='word_1_36' title='bbox 287 1521 345 1556; x_wconf 75' lang='grc'><strong>44.</strong></span> <span class='ocrx_word' id='word_1_37' title='bbox 397 1522 534 1557; x_wconf 82' lang='lat' dir='ltr'><strong>Surena</strong></span> <span class='ocrx_word' id='word_1_38' title='bbox 558 1522 651 1567; x_wconf 81' lang='lat' dir='ltr'><strong>apud</strong></span> <span class='ocrx_word' id='word_1_39' title='bbox 679 1521 827 1556; x_wconf 86' lang='lat' dir='ltr'><strong>Parthos</strong></span> 
     </span>
     <span class='ocr_line' id='line_1_8' title="bbox 151 1582 547 1618; baseline -0.003 -1"><span class='ocrx_word' id='word_1_40' title='bbox 151 1594 188 1618; x_wconf 79' lang='lat' dir='ltr'><strong>v.</strong></span> <span class='ocrx_word' id='word_1_41' title='bbox 215 1588 336 1617; x_wconf 82' lang='lat' dir='ltr'><strong>annot.</strong></span> <span class='ocrx_word' id='word_1_42' title='bbox 364 1582 408 1616; x_wconf 85' lang='lat' dir='ltr'><strong>ad</strong></span> <span class='ocrx_word' id='word_1_43' title='bbox 436 1582 459 1618; x_wconf 83' lang='lat'><strong>6</strong></span> <span class='ocrx_word' id='word_1_44' title='bbox 486 1583 547 1616; x_wconf 97' lang='grc'><strong>42.</strong></span> 
     </span>
    </p>

    <p class='ocr_par' dir='ltr' id='par_1_6' title="bbox 103 1642 672 1677">
     <span class='ocr_line' id='line_1_9' title="bbox 103 1642 672 1677; baseline 0 0"><span class='ocrx_word' id='word_1_45' title='bbox 103 1642 226 1677; x_wconf 83' lang='lat' dir='ltr'>Abdus</span> <span class='ocrx_word' id='word_1_46' title='bbox 251 1642 401 1676; x_wconf 87' lang='lat' dir='ltr'><strong>Parthus</strong></span> <span class='ocrx_word' id='word_1_47' title='bbox 427 1642 450 1677; x_wconf 83' lang='lat'><strong>6</strong></span> <span class='ocrx_word' id='word_1_48' title='bbox 477 1642 521 1676; x_wconf 85' lang='lat'><strong>31</strong></span> <span class='ocrx_word' id='word_1_49' title='bbox 552 1647 587 1676; x_wconf 92' lang='lat' dir='ltr'><strong>et</strong></span> <span class='ocrx_word' id='word_1_50' title='bbox 613 1643 672 1677; x_wconf 85' lang='lat'><strong>32.</strong></span> 
     </span>
    </p>

    <p class='ocr_par' dir='ltr' id='par_1_7' title="bbox 102 1701 825 1750">
     <span class='ocr_line' id='line_1_10' title="bbox 102 1701 825 1750; baseline -0.001 -13"><span class='ocrx_word' id='word_1_51' title='bbox 102 1702 256 1739; x_wconf 86' lang='lat' dir='ltr'>Abnoba</span> <span class='ocrx_word' id='word_1_52' title='bbox 281 1701 572 1750; x_wconf 74' lang='lat' dir='ltr'><strong>(Schwarzwald)</strong></span> <span class='ocrx_word' id='word_1_53' title='bbox 608 1711 709 1735; x_wconf 85' lang='lat' dir='ltr'><strong>mons</strong></span> <span class='ocrx_word' id='word_1_54' title='bbox 737 1702 765 1736; x_wconf 84' lang='lat' dir='ltr'>G</span> <span class='ocrx_word' id='word_1_55' title='bbox 796 1704 825 1736; x_wconf 87' lang='lat'><strong>1.</strong></span> 
     </span>
    </p>

    <p class='ocr_par' dir='ltr' id='par_1_8' title="bbox 102 1760 820 1856">
     <span class='ocr_line' id='line_1_11' title="bbox 102 1760 820 1808; baseline -0.003 -11"><span class='ocrx_word' id='word_1_56' title='bbox 102 1762 319 1808; x_wconf 79' lang='lat' dir='ltr'><strong>Aborigines</strong></span> <span class='ocrx_word' id='word_1_57' title='bbox 358 1761 495 1796; x_wconf 80' lang='lat' dir='ltr'>litteras</span> <span class='ocrx_word' id='word_1_58' title='bbox 540 1760 742 1796; x_wconf 88' lang='lat' dir='ltr'><strong>didicerunt</strong></span> <span class='ocrx_word' id='word_1_59' title='bbox 777 1761 820 1795; x_wconf 87' lang='lat' dir='ltr'><strong>ab</strong></span> 
     </span>
     <span class='ocr_line' id='line_1_12' title="bbox 151 1820 475 1856; baseline 0 0"><span class='ocrx_word' id='word_1_60' title='bbox 151 1821 318 1856; x_wconf 88' lang='lat' dir='ltr'><strong>Euandro</strong></span> <span class='ocrx_word' id='word_1_61' title='bbox 348 1823 386 1855; x_wconf 91' lang='grc'><strong>11</strong></span> <span class='ocrx_word' id='word_1_62' title='bbox 419 1820 475 1856; x_wconf 89' lang='grc'><strong>14.</strong></span> 
     </span>
    </p>

    <p class='ocr_par' dir='ltr' id='par_1_9' title="bbox 103 1880 523 1916">
     <span class='ocr_line' id='line_1_13' title="bbox 103 1880 523 1916; baseline -0.002 0"><span class='ocrx_word' id='word_1_63' title='bbox 103 1881 266 1916; x_wconf 81' lang='lat' dir='ltr'><strong>Abudius</strong></span> <span class='ocrx_word' id='word_1_64' title='bbox 291 1881 388 1915; x_wconf 84' lang='lat' dir='ltr'><strong>Ruso</strong></span> <span class='ocrx_word' id='word_1_65' title='bbox 415 1881 437 1916; x_wconf 89' lang='grc'><strong>6</strong></span> <span class='ocrx_word' id='word_1_66' title='bbox 463 1880 523 1916; x_wconf 88' lang='grc'><strong>30.</strong></span> 
     </span>
    </p>

    <p class='ocr_par' dir='ltr' id='par_1_10' title="bbox 104 1940 670 2046">
     <span class='ocr_line' id='line_1_14' title="bbox 104 1940 670 1988; baseline -0.002 -12"><span class='ocrx_word' id='word_1_67' title='bbox 104 1941 310 1976; x_wconf 81' lang='lat' dir='ltr'><strong>Academici</strong></span> <span class='ocrx_word' id='word_1_68' title='bbox 336 1952 520 1988; x_wconf 87' lang='lat' dir='ltr'><strong>pugnaces</strong></span> <span class='ocrx_word' id='word_1_69' title='bbox 557 1940 585 1975; x_wconf 92' lang='grc' dir='ltr'>Ο</span> <span class='ocrx_word' id='word_1_70' title='bbox 611 1940 670 1975; x_wconf 91' lang='grc'><strong>31.</strong></span> 
     </span>
     <span class='ocr_line' id='line_1_15' title="bbox 154 2001 576 2046; baseline -0.002 -10"><span class='ocrx_word' id='word_1_71' title='bbox 154 2002 293 2036; x_wconf 69' lang='lat' dir='ltr'><strong>demine</strong></span> <span class='ocrx_word' id='word_1_72' title='bbox 318 2003 435 2046; x_wconf 82' lang='lat' dir='ltr'><strong>spatia</strong></span> <span class='ocrx_word' id='word_1_73' title='bbox 462 2001 490 2036; x_wconf 95' lang='grc'><strong>0</strong></span> <span class='ocrx_word' id='word_1_74' title='bbox 516 2001 576 2035; x_wconf 91' lang='grc'><strong>32.</strong></span> 
     </span>
    </p>

    <p class='ocr_par' dir='ltr' id='par_1_11' title="bbox 104 2059 823 2096">
     <span class='ocr_line' id='line_1_16' title="bbox 104 2059 823 2096; baseline -0.006 0"><span class='ocrx_word' id='word_1_75' title='bbox 104 2061 264 2096; x_wconf 78' lang='lat' dir='ltr'><strong>Acbarus</strong></span> <span class='ocrx_word' id='word_1_76' title='bbox 285 2061 440 2095; x_wconf 82' lang='lat' dir='ltr'><strong>Arabum</strong></span> <span class='ocrx_word' id='word_1_77' title='bbox 466 2071 532 2095; x_wconf 87' lang='lat' dir='ltr'><strong>rex</strong></span> <span class='ocrx_word' id='word_1_78' title='bbox 561 2060 604 2093; x_wconf 90' lang='grc'><strong>12</strong></span> <span class='ocrx_word' id='word_1_79' title='bbox 633 2060 675 2093; x_wconf 88' lang='grc'><strong>12</strong></span> <span class='ocrx_word' id='word_1_80' title='bbox 704 2063 740 2093; x_wconf 86' lang='lat' dir='ltr'><strong>et</strong></span> <span class='ocrx_word' id='word_1_81' title='bbox 768 2059 823 2093; x_wconf 85' lang='grc'><strong>14.</strong></span> 
     </span>
    </p>

    <p class='ocr_par' dir='ltr' id='par_1_12' title="bbox 105 2118 829 2216">
     <span class='ocr_line' id='line_1_17' title="bbox 105 2118 829 2168; baseline -0.001 -12"><span class='ocrx_word' id='word_1_82' title='bbox 105 2121 238 2156; x_wconf 83' lang='lat' dir='ltr'><strong>Accius</strong></span> <span class='ocrx_word' id='word_1_83' title='bbox 264 2121 530 2168; x_wconf 84' lang='lat' dir='ltr'><strong>tragoediarum</strong></span> <span class='ocrx_word' id='word_1_84' title='bbox 555 2122 709 2164; x_wconf 73' lang='lat' dir='ltr'><strong>scriptor</strong></span> <span class='ocrx_word' id='word_1_85' title='bbox 735 2118 763 2154; x_wconf 93' lang='grc' dir='ltr'>Ο</span> <span class='ocrx_word' id='word_1_86' title='bbox 782 2120 829 2155; x_wconf 90' lang='grc'><strong>20</strong></span> 
     </span>
     <span class='ocr_line' id='line_1_18' title="bbox 156 2183 280 2216; baseline 0 -1"><span class='ocrx_word' id='word_1_87' title='bbox 156 2186 192 2215; x_wconf 86' lang='lat' dir='ltr'><strong>et</strong></span> <span class='ocrx_word' id='word_1_88' title='bbox 220 2183 280 2216; x_wconf 83' lang='lat'><strong>21.</strong></span> 
     </span>
    </p>

    <p class='ocr_par' dir='ltr' id='par_1_13' title="bbox 106 2232 830 2573">
     <span class='ocr_line' id='line_1_19' title="bbox 106 2232 825 2284; baseline -0.003 -9"><span class='ocrx_word' id='word_1_89' title='bbox 106 2232 336 2275; x_wconf 65' lang='lat' dir='ltr'><strong>accusatores</strong></span> <span class='ocrx_word' id='word_1_90' title='bbox 367 2241 535 2284; x_wconf 88' lang='lat' dir='ltr'><strong>praemiis</strong></span> <span class='ocrx_word' id='word_1_91' title='bbox 569 2239 693 2273; x_wconf 89' lang='lat' dir='ltr'><strong>inlecti</strong></span> <span class='ocrx_word' id='word_1_92' title='bbox 719 2239 743 2274; x_wconf 84' lang='lat'><strong>4</strong></span> <span class='ocrx_word' id='word_1_93' title='bbox 767 2240 825 2273; x_wconf 86' lang='lat'><strong>30.</strong></span> 
     </span>
     <span class='ocr_line' id='line_1_20' title="bbox 154 2298 830 2335; baseline -0.006 0"><span class='ocrx_word' id='word_1_94' title='bbox 154 2301 266 2335; x_wconf 88' lang='lat' dir='ltr'><strong>exilio</strong></span> <span class='ocrx_word' id='word_1_95' title='bbox 292 2304 352 2333; x_wconf 82' lang='lat' dir='ltr'><strong>aut</strong></span> <span class='ocrx_word' id='word_1_96' title='bbox 377 2303 492 2332; x_wconf 91' lang='lat' dir='ltr'><strong>morte</strong></span> <span class='ocrx_word' id='word_1_97' title='bbox 532 2299 671 2332; x_wconf 86' lang='lat' dir='ltr'><strong>multati</strong></span> <span class='ocrx_word' id='word_1_98' title='bbox 698 2298 720 2332; x_wconf 91' lang='grc'><strong>6</strong></span> <span class='ocrx_word' id='word_1_99' title='bbox 747 2298 768 2331; x_wconf 89' lang='grc'><strong>9</strong></span> <span class='ocrx_word' id='word_1_100' title='bbox 796 2303 830 2331; x_wconf 89' lang='lat' dir='ltr'><strong>et</strong></span> 
     </span>
     <span class='ocr_line' id='line_1_21' title="bbox 153 2358 827 2395; baseline -0.009 0"><span class='ocrx_word' id='word_1_101' title='bbox 153 2361 212 2395; x_wconf 92' lang='grc'><strong>30.</strong></span> <span class='ocrx_word' id='word_1_102' title='bbox 250 2359 486 2394; x_wconf 79' lang='lat' dir='ltr'><strong>districtiores</strong></span> <span class='ocrx_word' id='word_1_103' title='bbox 514 2358 613 2392; x_wconf 89' lang='lat' dir='ltr'><strong>velut</strong></span> <span class='ocrx_word' id='word_1_104' title='bbox 637 2366 827 2391; x_wconf 84' lang='lat' dir='ltr'><strong>sacrosan-</strong></span> 
     </span>
     <span class='ocr_line' id='line_1_22' title="bbox 155 2417 830 2461; baseline -0.006 -7"><span class='ocrx_word' id='word_1_105' title='bbox 155 2421 203 2454; x_wconf 89' lang='lat' dir='ltr'><strong>cti</strong></span> <span class='ocrx_word' id='word_1_106' title='bbox 238 2419 261 2453; x_wconf 96' lang='lat'>4</span> <span class='ocrx_word' id='word_1_107' title='bbox 295 2419 354 2455; x_wconf 85' lang='lat'><strong>36.</strong></span> <span class='ocrx_word' id='word_1_108' title='bbox 409 2420 514 2453; x_wconf 87' lang='lat' dir='ltr'><strong>etiam</strong></span> <span class='ocrx_word' id='word_1_109' title='bbox 555 2417 648 2461; x_wconf 84' lang='lat' dir='ltr'><strong>filii,</strong></span> <span class='ocrx_word' id='word_1_110' title='bbox 690 2417 830 2458; x_wconf 81' lang='lat' dir='ltr'><strong>fratres,</strong></span> 
     </span>
     <span class='ocr_line' id='line_1_23' title="bbox 155 2476 829 2522; baseline -0.003 -10"><span class='ocrx_word' id='word_1_111' title='bbox 155 2480 260 2513; x_wconf 87' lang='lat' dir='ltr'><strong>amici</strong></span> <span class='ocrx_word' id='word_1_112' title='bbox 285 2479 307 2513; x_wconf 98' lang='grc'><strong>2</strong></span> <span class='ocrx_word' id='word_1_113' title='bbox 333 2479 402 2522; x_wconf 89' lang='grc'><strong>27,</strong></span> <span class='ocrx_word' id='word_1_114' title='bbox 448 2478 472 2512; x_wconf 94' lang='grc'><strong>4</strong></span> <span class='ocrx_word' id='word_1_115' title='bbox 500 2477 546 2512; x_wconf 90' lang='grc'><strong>28</strong></span> <span class='ocrx_word' id='word_1_116' title='bbox 574 2482 609 2511; x_wconf 92' lang='lat' dir='ltr'><strong>et</strong></span> <span class='ocrx_word' id='word_1_117' title='bbox 633 2476 699 2519; x_wconf 87' lang='grc'><strong>69,</strong></span> <span class='ocrx_word' id='word_1_118' title='bbox 743 2476 765 2510; x_wconf 94' lang='grc'><strong>6</strong></span> <span class='ocrx_word' id='word_1_119' title='bbox 797 2476 829 2518; x_wconf 87' lang='grc'><strong>7,</strong></span> 
     </span>
     <span class='ocr_line' id='line_1_24' title="bbox 159 2538 286 2573; baseline 0.008 -1"><span class='ocrx_word' id='word_1_120' title='bbox 159 2538 202 2573; x_wconf 92' lang='grc'><strong>16</strong></span> <span class='ocrx_word' id='word_1_121' title='bbox 231 2538 286 2573; x_wconf 88' lang='grc'><strong>14.</strong></span> 
     </span>
    </p>

    <p class='ocr_par' dir='ltr' id='par_1_14' title="bbox 105 2594 826 2693">
     <span class='ocr_line' id='line_1_25' title="bbox 105 2594 826 2642; baseline -0.006 -10"><span class='ocrx_word' id='word_1_122' title='bbox 105 2599 303 2633; x_wconf 86' lang='lat' dir='ltr'><strong>Acerronia</strong></span> <span class='ocrx_word' id='word_1_123' title='bbox 316 2597 538 2642; x_wconf 80' lang='lat' dir='ltr'><strong>Agrippinae</strong></span> <span class='ocrx_word' id='word_1_124' title='bbox 569 2595 753 2630; x_wconf 83' lang='lat' dir='ltr'><strong>familiaris</strong></span> <span class='ocrx_word' id='word_1_125' title='bbox 782 2594 826 2629; x_wconf 92' lang='grc'><strong>14</strong></span> 
     </span>
     <span class='ocr_line' id='line_1_26' title="bbox 155 2655 692 2693; baseline -0.006 -1"><span class='ocrx_word' id='word_1_126' title='bbox 155 2659 189 2693; x_wconf 88' lang='grc'><strong>5.</strong></span> <span class='ocrx_word' id='word_1_127' title='bbox 222 2658 257 2690; x_wconf 88' lang='lat' dir='ltr'><strong>in</strong></span> <span class='ocrx_word' id='word_1_128' title='bbox 288 2657 377 2690; x_wconf 87' lang='lat' dir='ltr'><strong>mari</strong></span> <span class='ocrx_word' id='word_1_129' title='bbox 404 2655 581 2689; x_wconf 88' lang='lat' dir='ltr'><strong>occiditur</strong></span> <span class='ocrx_word' id='word_1_130' title='bbox 607 2655 692 2689; x_wconf 88' lang='lat' dir='ltr'><strong>ibid.</strong></span> 
     </span>
    </p>

    <p class='ocr_par' dir='ltr' id='par_1_15' title="bbox 108 2715 700 2752">
     <span class='ocr_line' id='line_1_27' title="bbox 108 2715 700 2752; baseline -0.003 0"><span class='ocrx_word' id='word_1_131' title='bbox 108 2717 173 2752; x_wconf 90' lang='lat' dir='ltr'><strong>Cn.</strong></span> <span class='ocrx_word' id='word_1_132' title='bbox 198 2716 416 2751; x_wconf 85' lang='lat' dir='ltr'><strong>Acerronius</strong></span> <span class='ocrx_word' id='word_1_133' title='bbox 438 2715 563 2749; x_wconf 88' lang='lat' dir='ltr'><strong>consul</strong></span> <span class='ocrx_word' id='word_1_134' title='bbox 590 2715 612 2750; x_wconf 88' lang='lat'><strong>6</strong></span> <span class='ocrx_word' id='word_1_135' title='bbox 641 2716 700 2750; x_wconf 86' lang='lat'><strong>45.</strong></span> 
     </span>
    </p>

    <p class='ocr_par' dir='ltr' id='par_1_16' title="bbox 106 2775 828 2870">
     <span class='ocr_line' id='line_1_28' title="bbox 106 2775 828 2821; baseline -0.004 -10"><span class='ocrx_word' id='word_1_136' title='bbox 106 2776 347 2812; x_wconf 84' lang='lat' dir='ltr'><strong>Achaemenis</strong></span> <span class='ocrx_word' id='word_1_137' title='bbox 386 2777 506 2821; x_wconf 82' lang='lat' dir='ltr'><strong>magni</strong></span> <span class='ocrx_word' id='word_1_138' title='bbox 543 2775 661 2819; x_wconf 89' lang='lat' dir='ltr'><strong>proles</strong></span> <span class='ocrx_word' id='word_1_139' title='bbox 687 2776 828 2810; x_wconf 80' lang='lat' dir='ltr'><strong>Mithri-</strong></span> 
     </span>
     <span class='ocr_line' id='line_1_29' title="bbox 156 2834 418 2870; baseline -0.011 0"><span class='ocrx_word' id='word_1_140' title='bbox 156 2835 256 2870; x_wconf 81' lang='lat' dir='ltr'><strong>dates</strong></span> <span class='ocrx_word' id='word_1_141' title='bbox 288 2835 330 2869; x_wconf 88' lang='grc'><strong>12</strong></span> <span class='ocrx_word' id='word_1_142' title='bbox 364 2834 418 2868; x_wconf 83' lang='lat'><strong>18.</strong></span> 
     </span>
    </p>

    <p class='ocr_par' dir='ltr' id='par_1_17' title="bbox 101 2893 827 2940">
     <span class='ocr_line' id='line_1_30' title="bbox 101 2893 827 2940; baseline -0.006 -8"><span class='ocrx_word' id='word_1_143' title='bbox 101 2895 247 2933; x_wconf 55' lang='lat' dir='ltr'><strong>&gt;Achaia</strong></span> <span class='ocrx_word' id='word_1_144' title='bbox 274 2893 520 2940; x_wconf 81' lang='lat' dir='ltr'><strong>proconsulari</strong></span> <span class='ocrx_word' id='word_1_145' title='bbox 546 2893 697 2939; x_wconf 85' lang='lat' dir='ltr'><strong>imperio</strong></span> <span class='ocrx_word' id='word_1_146' title='bbox 724 2893 827 2928; x_wconf 82' lang='lat' dir='ltr'><strong>leva-</strong></span> 
     </span>
    </p>
   </div>
   <div class='ocr_carea' id='block_1_6' title="bbox 201 2973 399 3007">
    <p class='ocr_par' dir='ltr' id='par_1_18' title="bbox 201 2973 399 3007">
     <span class='ocr_line' id='line_1_31' title="bbox 201 2973 399 3007; baseline -0.015 -1"><span class='ocrx_word' id='word_1_147' title='bbox 201 2975 324 3007; x_wconf 68' lang='lat' dir='ltr'><strong>Tacitus</strong></span> <span class='ocrx_word' id='word_1_148' title='bbox 344 2973 399 3006; x_wconf 77' lang='lat' dir='ltr'><strong>IV.</strong></span> 
     </span>
    </p>
   </div>
   <div class='ocr_carea' id='block_1_7' title="bbox 729 1940 826 1974">
    <p class='ocr_par' dir='ltr' id='par_1_19' title="bbox 729 1940 826 1974">
     <span class='ocr_line' id='line_1_32' title="bbox 729 1940 826 1974; baseline 0 0"><span class='ocrx_word' id='word_1_149' title='bbox 729 1940 826 1974; x_wconf 88' lang='lat' dir='ltr'><strong>Aca-</strong></span> 
     </span>
    </p>
   </div>
   <div class='ocr_carea' id='block_1_8' title="bbox 873 1461 1600 2938">
    <p class='ocr_par' dir='ltr' id='par_1_20' title="bbox 922 1461 1600 1737">
     <span class='ocr_line' id='line_1_33' title="bbox 926 1461 1600 1500; baseline 0.01 -7"><span class='ocrx_word' id='word_1_150' title='bbox 926 1465 984 1494; x_wconf 86' lang='lat' dir='ltr'><strong>tur</strong></span> <span class='ocrx_word' id='word_1_151' title='bbox 1013 1461 1029 1494; x_wconf 90' lang='lat'>1</span> <span class='ocrx_word' id='word_1_152' title='bbox 1061 1461 1118 1496; x_wconf 94' lang='grc'><strong>76.</strong></span> <span class='ocrx_word' id='word_1_153' title='bbox 1145 1461 1285 1496; x_wconf 85' lang='lat' dir='ltr'><strong>additur</strong></span> <span class='ocrx_word' id='word_1_154' title='bbox 1311 1462 1468 1498; x_wconf 80' lang='lat' dir='ltr'><strong>Moesiae</strong></span> <span class='ocrx_word' id='word_1_155' title='bbox 1498 1466 1520 1498; x_wconf 75' lang='lat'><strong>1-</strong></span> <span class='ocrx_word' id='word_1_156' title='bbox 1542 1465 1600 1500; x_wconf 86' lang='grc'><strong>80.</strong></span> 
     </span>
     <span class='ocr_line' id='line_1_34' title="bbox 925 1522 1599 1559; baseline 0.007 -5"><span class='ocrx_word' id='word_1_157' title='bbox 925 1526 1042 1555; x_wconf 84' lang='lat' dir='ltr'><strong>terrae</strong></span> <span class='ocrx_word' id='word_1_158' title='bbox 1065 1526 1164 1555; x_wconf 83' lang='lat' dir='ltr'><strong>motu</strong></span> <span class='ocrx_word' id='word_1_159' title='bbox 1191 1522 1330 1556; x_wconf 88' lang='lat' dir='ltr'><strong>adflicta</strong></span> <span class='ocrx_word' id='word_1_160' title='bbox 1353 1523 1376 1556; x_wconf 92' lang='grc'>4</span> <span class='ocrx_word' id='word_1_161' title='bbox 1396 1523 1449 1557; x_wconf 91' lang='grc'><strong>13.</strong></span> <span class='ocrx_word' id='word_1_162' title='bbox 1478 1529 1599 1559; x_wconf 80' lang='lat' dir='ltr'><strong>exter-</strong></span> 
     </span>
     <span class='ocr_line' id='line_1_35' title="bbox 927 1582 1595 1620; baseline 0.009 -6"><span class='ocrx_word' id='word_1_163' title='bbox 927 1586 1023 1615; x_wconf 84' lang='lat' dir='ltr'><strong>retur</strong></span> <span class='ocrx_word' id='word_1_164' title='bbox 1053 1592 1194 1616; x_wconf 88' lang='lat' dir='ltr'><strong>rumore</strong></span> <span class='ocrx_word' id='word_1_165' title='bbox 1231 1582 1314 1616; x_wconf 84' lang='lat' dir='ltr'><strong>falsi</strong></span> <span class='ocrx_word' id='word_1_166' title='bbox 1345 1582 1451 1617; x_wconf 86' lang='lat' dir='ltr'><strong>Drusi</strong></span> <span class='ocrx_word' id='word_1_167' title='bbox 1490 1585 1510 1618; x_wconf 89' lang='lat'>5</span> <span class='ocrx_word' id='word_1_168' title='bbox 1540 1585 1595 1620; x_wconf 91' lang='grc'><strong>10.</strong></span> 
     </span>
     <span class='ocr_line' id='line_1_36' title="bbox 922 1641 1598 1686; baseline 0.004 -11"><span class='ocrx_word' id='word_1_169' title='bbox 922 1641 1095 1686; x_wconf 85' lang='lat' dir='ltr'><strong>spoliatur</strong></span> <span class='ocrx_word' id='word_1_170' title='bbox 1130 1653 1151 1676; x_wconf 83' lang='lat' dir='ltr'><strong>a</strong></span> <span class='ocrx_word' id='word_1_171' title='bbox 1177 1642 1319 1677; x_wconf 86' lang='lat' dir='ltr'><strong>Nerone</strong></span> <span class='ocrx_word' id='word_1_172' title='bbox 1350 1644 1392 1678; x_wconf 87' lang='lat'><strong>15</strong></span> <span class='ocrx_word' id='word_1_173' title='bbox 1419 1641 1476 1678; x_wconf 83' lang='lat'><strong>45.</strong></span> <span class='ocrx_word' id='word_1_174' title='bbox 1517 1648 1598 1678; x_wconf 78' lang='lat' dir='ltr'><strong>stu-</strong></span> 
     </span>
     <span class='ocr_line' id='line_1_37' title="bbox 925 1701 1260 1737; baseline 0.003 -3"><span class='ocrx_word' id='word_1_175' title='bbox 925 1701 992 1735; x_wconf 89' lang='lat' dir='ltr'><strong>diis</strong></span> <span class='ocrx_word' id='word_1_176' title='bbox 1020 1701 1115 1735; x_wconf 88' lang='lat' dir='ltr'><strong>clara</strong></span> <span class='ocrx_word' id='word_1_177' title='bbox 1145 1701 1172 1736; x_wconf 95' lang='grc' dir='ltr'><strong>Ο</strong></span> <span class='ocrx_word' id='word_1_178' title='bbox 1201 1702 1260 1737; x_wconf 93' lang='grc'><strong>30.</strong></span> 
     </span>
    </p>

    <p class='ocr_par' dir='ltr' id='par_1_21' title="bbox 874 1761 1392 1797">
     <span class='ocr_line' id='line_1_38' title="bbox 874 1761 1392 1797; baseline 0.004 -3"><span class='ocrx_word' id='word_1_179' title='bbox 874 1761 917 1795; x_wconf 86' lang='grc' dir='ltr'><strong>Μ.</strong></span> <span class='ocrx_word' id='word_1_180' title='bbox 945 1761 1083 1795; x_wconf 88' lang='lat' dir='ltr'><strong>Acilius</strong></span> <span class='ocrx_word' id='word_1_181' title='bbox 1110 1761 1235 1795; x_wconf 89' lang='lat' dir='ltr'><strong>consul</strong></span> <span class='ocrx_word' id='word_1_182' title='bbox 1265 1762 1307 1796; x_wconf 89' lang='grc'><strong>12</strong></span> <span class='ocrx_word' id='word_1_183' title='bbox 1334 1761 1392 1797; x_wconf 81' lang='grc'><strong>64.</strong></span> 
     </span>
    </p>

    <p class='ocr_par' dir='ltr' id='par_1_22' title="bbox 873 1820 1593 1867">
     <span class='ocr_line' id='line_1_39' title="bbox 873 1820 1593 1867; baseline 0.006 -13"><span class='ocrx_word' id='word_1_184' title='bbox 873 1820 1010 1854; x_wconf 81' lang='lat' dir='ltr'><strong>Acilius</strong></span> <span class='ocrx_word' id='word_1_185' title='bbox 1020 1820 1150 1855; x_wconf 88' lang='lat' dir='ltr'><strong>Aviola</strong></span> <span class='ocrx_word' id='word_1_186' title='bbox 1167 1821 1307 1867; x_wconf 84' lang='lat' dir='ltr'><strong>legatus</strong></span> <span class='ocrx_word' id='word_1_187' title='bbox 1327 1821 1483 1867; x_wconf 84' lang='lat' dir='ltr'><strong>legionis</strong></span> <span class='ocrx_word' id='word_1_188' title='bbox 1497 1823 1520 1857; x_wconf 88' lang='lat'>3</span> <span class='ocrx_word' id='word_1_189' title='bbox 1535 1822 1593 1858; x_wconf 90' lang='grc'><strong>41.</strong></span> 
     </span>
    </p>

    <p class='ocr_par' dir='ltr' id='par_1_23' title="bbox 878 1880 1326 1916">
     <span class='ocr_line' id='line_1_40' title="bbox 878 1880 1326 1916; baseline 0.004 -2"><span class='ocrx_word' id='word_1_190' title='bbox 878 1880 1016 1914; x_wconf 88' lang='lat' dir='ltr'><strong>Acilius</strong></span> <span class='ocrx_word' id='word_1_191' title='bbox 1043 1881 1167 1915; x_wconf 84' lang='lat' dir='ltr'><strong>Strabo</strong></span> <span class='ocrx_word' id='word_1_192' title='bbox 1202 1882 1245 1916; x_wconf 88' lang='grc'><strong>14</strong></span> <span class='ocrx_word' id='word_1_193' title='bbox 1270 1881 1326 1916; x_wconf 91' lang='lat'><strong>18.</strong></span> 
     </span>
    </p>

    <p class='ocr_par' dir='ltr' id='par_1_24' title="bbox 875 1940 1591 2046">
     <span class='ocr_line' id='line_1_41' title="bbox 875 1940 1591 1988; baseline 0.004 -14"><span class='ocrx_word' id='word_1_194' title='bbox 875 1940 1025 1975; x_wconf 90' lang='lat' dir='ltr'><strong>Acratus</strong></span> <span class='ocrx_word' id='word_1_195' title='bbox 1041 1940 1192 1975; x_wconf 87' lang='lat' dir='ltr'><strong>Neronis</strong></span> <span class='ocrx_word' id='word_1_196' title='bbox 1213 1941 1362 1976; x_wconf 87' lang='lat' dir='ltr'><strong>libertus</strong></span> <span class='ocrx_word' id='word_1_197' title='bbox 1380 1942 1591 1988; x_wconf 87' lang='lat' dir='ltr'><strong>templorum</strong></span> 
     </span>
     <span class='ocr_line' id='line_1_42' title="bbox 923 2000 1414 2046; baseline 0.002 -11"><span class='ocrx_word' id='word_1_198' title='bbox 923 2000 1095 2046; x_wconf 87' lang='lat' dir='ltr'><strong>spoliator</strong></span> <span class='ocrx_word' id='word_1_199' title='bbox 1124 2003 1165 2037; x_wconf 88' lang='lat'><strong>15</strong></span> <span class='ocrx_word' id='word_1_200' title='bbox 1192 2001 1251 2045; x_wconf 82' lang='lat'><strong>45,</strong></span> <span class='ocrx_word' id='word_1_201' title='bbox 1286 2002 1329 2038; x_wconf 88' lang='grc'><strong>16</strong></span> <span class='ocrx_word' id='word_1_202' title='bbox 1355 2003 1414 2038; x_wconf 84' lang='grc'><strong>23.</strong></span> 
     </span>
    </p>

    <p class='ocr_par' dir='ltr' id='par_1_25' title="bbox 875 2059 1272 2095">
     <span class='ocr_line' id='line_1_43' title="bbox 875 2059 1272 2095; baseline 0.005 -2"><span class='ocrx_word' id='word_1_203' title='bbox 875 2064 955 2094; x_wconf 85' lang='lat' dir='ltr'><strong>acta</strong></span> <span class='ocrx_word' id='word_1_204' title='bbox 981 2060 1128 2095; x_wconf 89' lang='lat' dir='ltr'><strong>deorum</strong></span> <span class='ocrx_word' id='word_1_205' title='bbox 1157 2059 1185 2094; x_wconf 83' lang='lat' dir='ltr'>G</span> <span class='ocrx_word' id='word_1_206' title='bbox 1213 2059 1272 2095; x_wconf 89' lang='grc'><strong>43.</strong></span> 
     </span>
    </p>

    <p class='ocr_par' dir='ltr' id='par_1_26' title="bbox 880 2120 1597 2341">
     <span class='ocr_line' id='line_1_44' title="bbox 880 2120 1594 2166; baseline 0 -12"><span class='ocrx_word' id='word_1_207' title='bbox 880 2125 961 2154; x_wconf 83' lang='lat' dir='ltr'><strong>acta</strong></span> <span class='ocrx_word' id='word_1_208' title='bbox 992 2120 1118 2154; x_wconf 84' lang='lat' dir='ltr'><strong>diurna</strong></span> <span class='ocrx_word' id='word_1_209' title='bbox 1155 2120 1278 2166; x_wconf 89' lang='lat' dir='ltr'><strong>populi</strong></span> <span class='ocrx_word' id='word_1_210' title='bbox 1315 2121 1464 2155; x_wconf 90' lang='lat' dir='ltr'><strong>Romani</strong></span> <span class='ocrx_word' id='word_1_211' title='bbox 1503 2121 1526 2155; x_wconf 89' lang='grc'><strong>3</strong></span> <span class='ocrx_word' id='word_1_212' title='bbox 1559 2121 1594 2164; x_wconf 87' lang='grc'><strong>3,</strong></span> 
     </span>
     <span class='ocr_line' id='line_1_45' title="bbox 929 2180 1596 2223; baseline -0.006 -8"><span class='ocrx_word' id='word_1_213' title='bbox 929 2180 971 2215; x_wconf 86' lang='grc'><strong>16</strong></span> <span class='ocrx_word' id='word_1_214' title='bbox 997 2182 1056 2215; x_wconf 88' lang='grc'><strong>22.</strong></span> <span class='ocrx_word' id='word_1_215' title='bbox 1085 2180 1210 2214; x_wconf 86' lang='lat' dir='ltr'><strong>diurna</strong></span> <span class='ocrx_word' id='word_1_216' title='bbox 1236 2180 1332 2213; x_wconf 90' lang='lat' dir='ltr'><strong>urbis</strong></span> <span class='ocrx_word' id='word_1_217' title='bbox 1350 2180 1392 2214; x_wconf 88' lang='grc'><strong>13</strong></span> <span class='ocrx_word' id='word_1_218' title='bbox 1419 2181 1477 2214; x_wconf 90' lang='grc'><strong>31.</strong></span> <span class='ocrx_word' id='word_1_219' title='bbox 1502 2180 1596 2223; x_wconf 86' lang='lat' dir='ltr'><strong>pub..</strong></span> 
     </span>
     <span class='ocr_line' id='line_1_46' title="bbox 926 2239 1597 2282; baseline -0.001 -10"><span class='ocrx_word' id='word_1_220' title='bbox 926 2239 996 2272; x_wconf 86' lang='lat' dir='ltr'><strong>lica</strong></span> <span class='ocrx_word' id='word_1_221' title='bbox 1026 2240 1068 2272; x_wconf 89' lang='grc'><strong>12</strong></span> <span class='ocrx_word' id='word_1_222' title='bbox 1100 2241 1156 2274; x_wconf 81' lang='grc'><strong>24.</strong></span> <span class='ocrx_word' id='word_1_223' title='bbox 1195 2244 1338 2273; x_wconf 88' lang='lat' dir='ltr'><strong>senatus</strong></span> <span class='ocrx_word' id='word_1_224' title='bbox 1369 2241 1390 2273; x_wconf 89' lang='lat'>5</span> <span class='ocrx_word' id='word_1_225' title='bbox 1416 2240 1450 2271; x_wconf 87' lang='lat'><strong>4.</strong></span> <span class='ocrx_word' id='word_1_226' title='bbox 1494 2239 1597 2282; x_wconf 89' lang='lat' dir='ltr'><strong>prin-</strong></span> 
     </span>
     <span class='ocr_line' id='line_1_47' title="bbox 930 2287 1559 2341; baseline -0.002 -10"><span class='ocrx_word' id='word_1_227' title='bbox 930 2287 1066 2341; x_wconf 54' lang='lat' dir='ltr'><strong>cipis‘l</strong></span> <span class='ocrx_word' id='word_1_228' title='bbox 1096 2299 1151 2340; x_wconf 84' lang='lat'><strong>72,</strong></span> <span class='ocrx_word' id='word_1_229' title='bbox 1180 2297 1202 2331; x_wconf 83' lang='lat'>4</span> <span class='ocrx_word' id='word_1_230' title='bbox 1232 2298 1290 2340; x_wconf 78' lang='lat'><strong>42,</strong></span> <span class='ocrx_word' id='word_1_231' title='bbox 1325 2297 1367 2331; x_wconf 83' lang='lat'><strong>13</strong></span> <span class='ocrx_word' id='word_1_232' title='bbox 1392 2297 1414 2330; x_wconf 84' lang='lat'>5</span> <span class='ocrx_word' id='word_1_233' title='bbox 1440 2302 1476 2331; x_wconf 77' lang='lat' dir='ltr'><strong>et</strong></span> <span class='ocrx_word' id='word_1_234' title='bbox 1506 2299 1559 2331; x_wconf 91' lang='lat'><strong>11.</strong></span> 
     </span>
    </p>

    <p class='ocr_par' dir='ltr' id='par_1_27' title="bbox 879 2355 1596 2450">
     <span class='ocr_line' id='line_1_48' title="bbox 879 2355 1596 2401; baseline 0 -12"><span class='ocrx_word' id='word_1_235' title='bbox 879 2361 1038 2390; x_wconf 86' lang='lat' dir='ltr'><strong>actorum</strong></span> <span class='ocrx_word' id='word_1_236' title='bbox 1065 2356 1146 2390; x_wconf 90' lang='lat' dir='ltr'><strong>libri</strong></span> <span class='ocrx_word' id='word_1_237' title='bbox 1183 2367 1227 2390; x_wconf 90' lang='lat' dir='ltr'><strong>ex</strong></span> <span class='ocrx_word' id='word_1_238' title='bbox 1252 2355 1483 2390; x_wconf 84' lang='lat' dir='ltr'><strong>bibliothecis</strong></span> <span class='ocrx_word' id='word_1_239' title='bbox 1510 2366 1596 2401; x_wconf 91' lang='lat' dir='ltr'><strong>pro-</strong></span> 
     </span>
     <span class='ocr_line' id='line_1_49' title="bbox 929 2416 1594 2450; baseline 0.002 -1"><span class='ocrx_word' id='word_1_240' title='bbox 929 2417 1030 2450; x_wconf 82' lang='lat' dir='ltr'><strong>tracti</strong></span> <span class='ocrx_word' id='word_1_241' title='bbox 1059 2421 1094 2450; x_wconf 91' lang='lat' dir='ltr'><strong>et</strong></span> <span class='ocrx_word' id='word_1_242' title='bbox 1110 2416 1255 2450; x_wconf 85' lang='lat' dir='ltr'><strong>collecti</strong></span> <span class='ocrx_word' id='word_1_243' title='bbox 1284 2416 1594 2450; x_wconf 71' lang='lat' dir='ltr'><strong>alilucian0037.</strong></span> 
     </span>
    </p>

    <p class='ocr_par' dir='ltr' id='par_1_28' title="bbox 879 2473 1596 2571">
     <span class='ocr_line' id='line_1_50' title="bbox 879 2473 1596 2520; baseline -0.001 -11"><span class='ocrx_word' id='word_1_244' title='bbox 879 2476 970 2509; x_wconf 88' lang='lat' dir='ltr'><strong>Acte</strong></span> <span class='ocrx_word' id='word_1_245' title='bbox 997 2475 1148 2510; x_wconf 87' lang='lat' dir='ltr'><strong>Neronis</strong></span> <span class='ocrx_word' id='word_1_246' title='bbox 1183 2475 1304 2520; x_wconf 82' lang='lat' dir='ltr'><strong>pellex</strong></span> <span class='ocrx_word' id='word_1_247' title='bbox 1336 2476 1379 2510; x_wconf 91' lang='grc'><strong>13</strong></span> <span class='ocrx_word' id='word_1_248' title='bbox 1412 2477 1453 2511; x_wconf 90' lang='grc'><strong>12</strong></span> <span class='ocrx_word' id='word_1_249' title='bbox 1480 2480 1515 2509; x_wconf 86' lang='lat' dir='ltr'><strong>et</strong></span> <span class='ocrx_word' id='word_1_250' title='bbox 1537 2473 1596 2518; x_wconf 87' lang='grc'><strong>46,</strong></span> 
     </span>
     <span class='ocr_line' id='line_1_51' title="bbox 927 2534 1030 2571; baseline 0.029 -3"><span class='ocrx_word' id='word_1_251' title='bbox 927 2534 972 2568; x_wconf 87' lang='grc'><strong>14</strong></span> <span class='ocrx_word' id='word_1_252' title='bbox 996 2536 1030 2571; x_wconf 92' lang='grc'><strong>2.</strong></span> 
     </span>
    </p>

    <p class='ocr_par' dir='ltr' id='par_1_29' title="bbox 875 2593 1595 2808">
     <span class='ocr_line' id='line_1_52' title="bbox 875 2593 1595 2638; baseline -0.006 -9"><span class='ocrx_word' id='word_1_253' title='bbox 875 2595 1013 2629; x_wconf 89' lang='lat' dir='ltr'><strong>Actium</strong></span> <span class='ocrx_word' id='word_1_254' title='bbox 1040 2595 1070 2629; x_wconf 87' lang='grc' dir='ltr'><strong>Η</strong></span> <span class='ocrx_word' id='word_1_255' title='bbox 1102 2597 1115 2629; x_wconf 95' lang='grc'><strong>1</strong></span> <span class='ocrx_word' id='word_1_256' title='bbox 1149 2597 1180 2629; x_wconf 91' lang='grc'><strong>1.</strong></span> <span class='ocrx_word' id='word_1_257' title='bbox 1220 2596 1366 2629; x_wconf 87' lang='lat' dir='ltr'><strong>Actiaca</strong></span> <span class='ocrx_word' id='word_1_258' title='bbox 1392 2593 1521 2638; x_wconf 84' lang='lat' dir='ltr'><strong>religio</strong></span> <span class='ocrx_word' id='word_1_259' title='bbox 1554 2593 1595 2626; x_wconf 88' lang='grc'><strong>15</strong></span> 
     </span>
     <span class='ocr_line' id='line_1_53' title="bbox 927 2651 1595 2697; baseline -0.006 -7"><span class='ocrx_word' id='word_1_260' title='bbox 927 2655 986 2690; x_wconf 89' lang='grc'><strong>23.</strong></span> <span class='ocrx_word' id='word_1_261' title='bbox 1037 2655 1189 2689; x_wconf 86' lang='lat' dir='ltr'><strong>victoria</strong></span> <span class='ocrx_word' id='word_1_262' title='bbox 1229 2657 1244 2687; x_wconf 92' lang='lat'>1</span> <span class='ocrx_word' id='word_1_263' title='bbox 1273 2655 1318 2697; x_wconf 83' lang='lat'><strong>3,</strong></span> <span class='ocrx_word' id='word_1_264' title='bbox 1357 2655 1377 2688; x_wconf 89' lang='grc'><strong>2</strong></span> <span class='ocrx_word' id='word_1_265' title='bbox 1404 2652 1472 2695; x_wconf 86' lang='grc'><strong>53,</strong></span> <span class='ocrx_word' id='word_1_266' title='bbox 1512 2651 1536 2686; x_wconf 89' lang='grc'><strong>4</strong></span> <span class='ocrx_word' id='word_1_267' title='bbox 1560 2652 1595 2686; x_wconf 89' lang='grc'><strong>5.</strong></span> 
     </span>
     <span class='ocr_line' id='line_1_54' title="bbox 925 2711 1595 2759; baseline -0.006 -11"><span class='ocrx_word' id='word_1_268' title='bbox 925 2715 1095 2748; x_wconf 84' lang='lat' dir='ltr'><strong>Actiacae</strong></span> <span class='ocrx_word' id='word_1_269' title='bbox 1122 2714 1287 2759; x_wconf 84' lang='lat' dir='ltr'><strong>legiones</strong></span> <span class='ocrx_word' id='word_1_270' title='bbox 1320 2715 1334 2746; x_wconf 93' lang='grc'><strong>1</strong></span> <span class='ocrx_word' id='word_1_271' title='bbox 1363 2713 1421 2746; x_wconf 87' lang='grc'><strong>42.</strong></span> <span class='ocrx_word' id='word_1_272' title='bbox 1470 2711 1595 2745; x_wconf 81' lang='lat' dir='ltr'><strong>Actia-</strong></span> 
     </span>
     <span class='ocr_line' id='line_1_55' title="bbox 929 2773 1297 2808; baseline -0.005 0"><span class='ocrx_word' id='word_1_273' title='bbox 929 2785 1007 2808; x_wconf 89' lang='lat' dir='ltr'><strong>cum</strong></span> <span class='ocrx_word' id='word_1_274' title='bbox 1032 2773 1167 2807; x_wconf 85' lang='lat' dir='ltr'><strong>bellum</strong></span> <span class='ocrx_word' id='word_1_275' title='bbox 1191 2774 1213 2807; x_wconf 89' lang='lat'><strong>3</strong></span> <span class='ocrx_word' id='word_1_276' title='bbox 1240 2774 1297 2808; x_wconf 87' lang='lat'><strong>55.</strong></span> 
     </span>
    </p>

    <p class='ocr_par' dir='ltr' id='par_1_30' title="bbox 875 2831 1409 2866">
     <span class='ocr_line' id='line_1_56' title="bbox 875 2831 1409 2866; baseline -0.006 0"><span class='ocrx_word' id='word_1_277' title='bbox 875 2833 999 2866; x_wconf 86' lang='lat' dir='ltr'><strong>Actius</strong></span> <span class='ocrx_word' id='word_1_278' title='bbox 1028 2833 1188 2866; x_wconf 86' lang='lat' dir='ltr'><strong>centurio</strong></span> <span class='ocrx_word' id='word_1_279' title='bbox 1218 2842 1250 2866; x_wconf 89' lang='lat' dir='ltr'><strong>v.</strong></span> <span class='ocrx_word' id='word_1_280' title='bbox 1278 2831 1409 2865; x_wconf 88' lang='lat' dir='ltr'><strong>Attius.</strong></span> 
     </span>
    </p>

    <p class='ocr_par' dir='ltr' id='par_1_31' title="bbox 878 2890 1435 2938">
     <span class='ocr_line' id='line_1_57' title="bbox 878 2890 1435 2938; baseline -0.004 -12"><span class='ocrx_word' id='word_1_281' title='bbox 878 2897 978 2927; x_wconf 89' lang='lat' dir='ltr'><strong>actor</strong></span> <span class='ocrx_word' id='word_1_282' title='bbox 1002 2891 1166 2938; x_wconf 87' lang='lat' dir='ltr'><strong>publicus</strong></span> <span class='ocrx_word' id='word_1_283' title='bbox 1193 2893 1215 2927; x_wconf 90' lang='grc'><strong>2</strong></span> <span class='ocrx_word' id='word_1_284' title='bbox 1241 2891 1299 2935; x_wconf 91' lang='grc'><strong>30,</strong></span> <span class='ocrx_word' id='word_1_285' title='bbox 1326 2891 1349 2926; x_wconf 90' lang='grc'><strong>3</strong></span> <span class='ocrx_word' id='word_1_286' title='bbox 1376 2890 1435 2925; x_wconf 88' lang='grc'><strong>67.</strong></span> 
     </span>
    </p>
   </div>
   <div class='ocr_carea' id='block_1_9' title="bbox 1205 2969 1255 3012">
    <p class='ocr_par' dir='ltr' id='par_1_32' title="bbox 1205 2969 1255 3012">
     <span class='ocr_line' id='line_1_58' title="bbox 1205 2969 1255 3012; baseline 0 0"><span class='ocrx_word' id='word_1_287' title='bbox 1205 2969 1255 3012; x_wconf 90' lang='grc'><strong>17</strong></span> 
     </span>
    </p>
   </div>
  </div>
 </body>
</html>
