1768 3216
155 268 181 304 2
736 256 1041 298 HISTORIARVM
1421 264 1454 290 a.
1482 263 1519 293 n.
1544 253 1631 293 822.

154 383 225 419 suis
263 382 414 418 desertus
446 379 638 417 trucidatur
676 377 720 414 ab
757 376 966 413 Othonianis
994 375 1189 425 (39-41)‚
1223 379 1293 410 tum
1321 373 1415 410 Titus
1451 372 1575 411 V'mn’u
1601 377 1636 410 et

154 444 232 479 Piso
260 444 443 491 (42—43).
493 440 616 476 Studia
647 438 792 474 militum
823 439 863 473 in
902 449 1029 473 novum
1059 437 1273 484 principem,
1308 434 1466 470 adulatio
1490 439 1636 482 pamm

156 506 343 554 (44-45).
395 502 517 537 Omnia
540 500 685 536 militum
710 500 857 535 arbitrio
884 504 976 534 acta.
1025 498 1255 534 Vacationum
1277 498 1395 545 pretia
1421 494 1564 532 exoluta
1588 495 1634 531 ab

156 565 298 601 Othone.
349 564 555 609 Interfectus
583 561 693 605 Laco,
717 562 798 596 item
820 559 934 595 Icelus
961 561 1053 607 (46).
1105 559 1334 595 Novissimum
1356 557 1530 594 matorum
1553 554 1635 592 lae-

154 626 251 669 titia,·
277 623 402 659 Othoni
428 634 452 657 a
474 627 598 657 senatu
624 632 742 656 omnes
761 621 962 668 principum
993 620 1143 655 honores
1168 619 1310 654 decreti.
1363 619 1524 666 Corpora
1547 627 1634 653 cao·-

156 697 271 720 sorum
307 683 507 731 sepulturae
533 682 770 718 conceduntur
792 683 882 731 (47).
935 681 1108 717 Eaetrema
1133 681 1173 716 de
1199 680 1323 716 Pisone
1348 685 1380 716 et
1410 679 1512 716 Vinio
1540 679 1634 729 (48),

154 745 195 780 de
222 743 334 780 Galba
361 744 451 791 (49).

288 805 374 852 Cap.
401 803 564 840 50-90:
610 802 737 839 Vitellii
761 803 801 838 in
825 801 1019 839 Germania
1042 801 1189 847 defectio
1215 806 1247 837 et
1275 799 1357 836 belli
1381 799 1495 836 civilis
1519 810 1636 848 appa-

151 872 262 902 ratus.
314 865 358 900 In
389 865 474 900 urbe
515 864 709 899 animorum
748 867 857 899 motus
899 863 1023 899 audita
1060 862 1253 908 defectione
1290 858 1505 902 Germanica
1543 861 1635 910 (50).

157 924 267 963 Initia
294 937 485 972 causaeque
517 931 627 961 motus
658 924 836 961 Vitelliani
861 925 1047 973 (51-58).
1105 923 1241 959 Vitellio
1277 934 1301 958 a
1338 922 1560 959 Germanicis
1583 921 1639 958 le-

155 988 315 1035 gionibus
349 989 387 1022 in
412 988 591 1034 imperium
618 987 728 1022 ascito
761 985 963 1032 adiungitur
990 984 1109 1022 Gallia
1139 984 1284 1032 Belqica
1319 990 1352 1020 et
1383 983 1639 1032 Lugdunensis,

157 1049 260 1083 etiam
286 1047 455 1083 Raeticae
481 1048 600 1094 copiae
615 1074 625 1092 ‚
649 1058 715 1082 nec
740 1047 778 1082 in
806 1046 995 1081 Britannia
1019 1045 1208 1081 dubitatum
1234 1046 1422 1095 (59-60).
1481 1043 1640 1082 Vitellius

154 1109 284 1144 viribus
309 1108 491 1155 opibusque
514 1109 636 1155 inqens
663 1108 746 1143 duos
772 1108 895 1151 duces,
936 1107 1000 1142 duo
1025 1108 1157 1142 itinera
1181 1106 1269 1142 bello
1296 1106 1457 1142 destinat.
1510 1105 1640 1142 Fabius

162 1167 289 1205 Valens
308 1181 374 1216 per
400 1168 535 1205 Gallias
557 1174 687 1216 sumpto
713 1169 838 1203 itinere
858 1169 1029 1203 Cottianis
1043 1167 1187 1215 Alpibus
1211 1168 1250 1203 in
1267 1166 1411 1203 Italiam
1428 1167 1638 1215 irrumpere,

157 1231 313 1266 Caecina
331 1231 496 1277 propiore
524 1230 674 1265 transitu
698 1229 838 1264 Peninis
864 1229 1005 1275 degredi
1026 1229 1151 1264 iussus.
1202 1228 1264 1264 Illi
1287 1239 1358 1263 non
1385 1228 1462 1264 sine
1481 1226 1638 1276 plurimo

154 1291 324 1337 sanquine
350 1296 382 1325 et
403 1290 540 1336 praeda
564 1290 611 1325 ad
634 1289 740 1337 Alpes
764 1290 971 1336 perveniunt
1004 1296 1036 1325 et
1077 1287 1234 1325 Caecina
1261 1301 1359 1324 suum
1387 1287 1532 1324 militem
1556 1294 1638 1325 tra-

155 1351 249 1387 ducit
277 1351 461 1398 (61—69).
513 1350 599 1385 Otho
629 1356 753 1385 contra
775 1362 867 1397 spem
893 1351 1042 1386 onmium
1068 1350 1149 1385 belli
1170 1355 1319 1397 paratus
1342 1350 1491 1397 impigre
1512 1349 1640 1398 provi-

156 1413 224 1456 det,
251 1417 376 1447 cuncta
402 1411 448 1446 ad
473 1411 631 1446 decorem
654 1411 793 1458 imperii
825 1412 1008 1458 componit.
1061 1410 1160 1446 Celso
1187 1410 1332 1446 salutem
1358 1411 1523 1463 donatwet
1546 1410 1644 1447 intur

156 1472 258 1508 duces
283 1472 364 1507 belli
388 1471 525 1518 deligit,
561 1472 774 1518 Sophonium
814 1471 1016 1518 Tigellinum
1048 1471 1216 1518 supplicio
1239 1469 1428 1507 ‘ulciscitur
1451 1472 1512 1519 (71
1521 1473 1643 1519 -72),

156 1533 218 1567 sed
244 1532 374 1568 Galoia
401 1531 607 1578 Crispinilla
641 1533 783 1567 meritas
803 1543 936 1578 poenas
960 1531 1165 1578 subterfugit
1189 1532 1281 1579 (73).
1333 1531 1515 1579 Epistolae
1548 1532 1649 1568 inter*

157 1593 324 1628 Othonem
350 1598 382 1627 et
414 1592 607 1635 Vitellium,
646 1593 753 1627 stulta
777 1593 946 1638 utrimque
971 1598 1002 1627 et
1027 1592 1196 1627 indecora
1221 1593 1460 1637 simulatione,
1498 1598 1532 1628 et
1567 1592 1644 1628 alia

154 1658 288 1688 tentata
310 1653 411 1699 pacis
436 1664 544 1687 causa
577 1654 764 1702 (74—75).
814 1652 952 1699 Illyrici
982 1653 1155 1688 eoeercitus
1193 1653 1338 1688 Othonis
1366 1658 1488 1700 partes
1519 1655 1642 1698 secuti,

152 1725 233 1748 mox
266 1712 434 1747 Iudaicae
470 1718 502 1747 et
536 1713 663 1758 Syriae
688 1713 858 1759 legiones,
898 1715 1002 1748 etiam
1035 1713 1211 1760 Aegyptus
1237 1718 1269 1748 et
1293 1713 1423 1760 Africa
1449 1714 1543 1762 (76).
1596 1713 1641 1750 ln

150 1774 236 1808 urbe
260 1784 317 1807 res
342 1773 525 1807 ordinatae
551 1773 593 1807 ab
623 1772 777 1818 Othone,
809 1774 963 1808 externis
998 1784 1091 1808 nova
1127 1775 1210 1810 iura
1247 1785 1436 1819 concessa,
1469 1773 1645 1810 nonnulla

154 1832 287 1868 Romae
311 1833 474 1867 indecore
499 1833 650 1867 admissa
675 1835 862 1880 (77-78).
914 1834 1118 1869 Rhoxolani
1159 1834 1217 1880 qui
1251 1835 1298 1870 ad
1334 1835 1508 1871 Moesiam
1541 1835 1644 1871 irrit-

152 1898 282 1939 perant
307 1893 401 1927 caesi
426 1898 486 1927 aut
509 1892 641 1939 repulsi
671 1894 710 1927 in
732 1893 878 1939 paludes
906 1894 999 1941 (79).
1050 1890 1183 1929 Romae
1217 1895 1378 1930 tumultus
1413 1896 1561 1931 militum
1587 1907 1645 1932 se-

155 1958 297 1987 natores
327 1954 373 1988 ad
398 1941 537 1988 caedem
562 1953 813 2000 deposcentium
837 1965 860 1988 a
884 1954 1045 2000 principe
1075 1965 1181 2001 aeyre
1210 1955 1354 1990 sedatur
1378 1956 1563 2006 (so-84).
1594 1956 1648 1993 lbi

158 2019 273 2048 tamen
299 2013 406 2060 plena
442 2014 559 2048 omnia
593 2015 826 2060 suspicionum
859 2020 891 2049 et
927 2020 1046 2061 patres
1079 2026 1168 2062 prae
1203 2017 1326 2051 ceteris
1352 2017 1475 2060 anxii5
1516 2023 1647 2064 auqent

158 2073 421 2119 trepidationem
441 2074 605 2120 prodigia
629 2073 772 2108 diversis
798 2075 996 2109 auctoribus
1019 2075 1162 2121 vulgata
1187 2077 1374 2124 (85-863.
1427 2077 1515 2113 otho
1541 2077 1643 2114 Nar-

159 2134 340 2169 bonensem
366 2134 517 2169 Galliam
541 2134 686 2180 ayqredi
710 2135 827 2169 statuit
853 2135 964 2170 classe
988 2135 1108 2170 valida
1144 2142 1175 2171 et
1204 2138 1364 2184 partibus
1387 2137 1472 2183 fida.
1526 2139 1645 2176 Duces

165 2194 312 2239 equitum
333 2194 549 2241 peditumque
575 2195 683 2241 copiis
711 2194 833 2229 delecti
857 2196 947 2242 (87).
986 2197 1161 2242 Sepositus
1182 2209 1249 2244 per
1273 2210 1329 2233 cos
1356 2199 1428 2234 dies
1457 2198 1643 2235 Cornelius

157 2253 344 2288 Dolabella
366 2255 406 2288 in
432 2254 603 2289 coloniam
631 2256 857 2300 Aquinatem,
898 2256 987 2291 alios
1016 2257 1098 2301 fidei
1129 2264 1303 2305 suspectos
1340 2260 1503 2306 eoepedire
1526 2271 1643 2296 sectam

161 2313 247 2348 Otho
272 2313 365 2348 iubet
391 2315 480 2362 (88).
533 2315 609 2350 Iam
642 2315 762 2362 vulqus
796 2317 924 2351 sentire
951 2319 1061 2363 coepit
1086 2318 1168 2353 belli
1191 2319 1298 2355 mala.
1350 2319 1438 2355 otho
1475 2321 1642 2356 adversus

165 2373 337 2408 Vitellium
358 2376 533 2422 profectus
558 2377 701 2421 quietem
723 2376 818 2411 urbis
846 2389 1014 2424 curasque
1038 2379 1147 2424 fratri
1171 2379 1292 2416 Salvio
1323 2381 1461 2417 Titiano
1481 2382 1642 2430 permisit

160 2433 345 2483 (89—90).

295 2547 455 2592 Initium
482 2551 580 2592 mihi
619 2552 756 2607 operis
795 2554 961 2598 Servius
1001 2556 1129 2599 Galba
1170 2556 1316 2600 iterum
1354 2557 1465 2602 Titus
1497 2557 1685 2603 Viniu81

163 2624 352 2684 consoles
394 2629 522 2668 erunt.
582 2625 683 2669 Nam
738 2632 832 2683 post
873 2630 1078 2674 conditam
1120 2632 1263 2676 urbem
1303 2633 1567 2691 octingentos
1606 2639 1648 2679 et

295 2727 422 2763 Nullus
448 2728 572 2763 titulus
598 2731 634 2764 in
660 2729 726 2766 Ma.
797 2733 828 2768 1.
855 2734 960 2769 michi
984 2733 1050 2771 Ma.
1128 2738 1271 2773 Servius
1297 2743 1333 2773 et
1363 2739 1455 2774 Titus
1479 2738 1647 2774 omnibus

166 2775 294 2810 litteris
318 2775 383 2812 Ma.
483 2779 600 2813 uinius
626 2778 698 2822 Ma,
727 2780 847 2815 Iunius
871 2782 898 2817 G
925 2788 960 2817 et
985 2784 1058 2819 alii.
1157 2788 1190 2823 2.
1226 2788 1441 2834 octinqentos
1465 2794 1499 2824 et
1522 2788 1649 2835 vimen·

165 2823 241 2858 Ma:
267 2824 406 2860 DCCC.
433 2832 466 2861 et
493 2827 580 2862 .XX.
611 2827 656 2872 G,
683 2829 744 2863 ubi
771 2831 880 2874 priori
906 2842 1052 2867 numero
1081 2840 1130 2869 tos
1161 2837 1354 2882 ascriptum
1383 2842 1459 2882 est3
1494 2836 1649 2873 Beroal-

172 2872 234 2907 dus
260 2873 368 2908 DCC.
397 2879 429 2908 et
458 2875 559 2920 .XX.,
585 2876 801 2914 Puteolanus
831 2880 995 2916 ducentos
1021 2889 1052 2917 et
1076 2884 1213 2930 uiqinti.

237 2961 320 3018 Cap.
355 2964 389 2998 1.
441 2964 581 3001 Initium
606 2967 692 3002 mihi
729 2969 864 3015 operis.-
935 2972 1108 3007 rationem
1127 2985 1158 3008 c.
1180 2975 1224 3010 12
1237 2975 1397 3010 accedit:
1425 2986 1516 3021 quae
1540 2985 1650 3021 prae-

165 3009 209 3046 ad
242 3015 367 3047 iustam
400 3022 515 3049 rerum
548 3021 727 3062 gestarum
759 3029 866 3055 enar-
935 3022 1042 3058 missa
1067 3021 1248 3069 leguntur,
1274 3024 1312 3058 in
1336 3025 1382 3061 iis
1409 3026 1561 3071 primum
1587 3024 1652 3071 qui
