<?xml version="1.0" encoding="UTF-8"?>
<!DOCTYPE html PUBLIC "-//W3C//DTD XHTML 1.0 Transitional//EN"
    "http://www.w3.org/TR/xhtml1/DTD/xhtml1-transitional.dtd">
<html xmlns="http://www.w3.org/1999/xhtml" xml:lang="en" lang="en">
 <head>
  <title>
</title>
<meta http-equiv="Content-Type" content="text/html;charset=utf-8" />
  <meta name='ocr-system' content='tesseract 3.04.00' />
  <meta name='ocr-capabilities' content='ocr_page ocr_carea ocr_par ocr_line ocrx_word'/>
</head>
<body>
  <div class='ocr_page' id='page_1' title='image "./operaadcodicesan03taciuoft/operaadcodicesan03taciuoft_0669.png"; bbox 0 0 1768 3216; ppageno 0'>
   <div class='ocr_carea' id='block_1_1' title="bbox 0 0 599 75">
    <p class='ocr_par' dir='ltr' id='par_1_1' title="bbox 0 0 599 75">
     <span class='ocr_line' id='line_1_1' title="bbox 0 0 599 75; baseline 0 -73"><span class='ocrx_word' id='word_1_1' title='bbox 0 0 64 75; x_wconf 47' lang='grc' dir='ltr'><strong><em>Ε</em></strong></span> <span class='ocrx_word' id='word_1_2' title='bbox 95 24 97 26; x_wconf 23' lang='lat' dir='ltr'>q</span> <span class='ocrx_word' id='word_1_3' title='bbox 185 11 187 14; x_wconf 34' lang='grc' dir='ltr'><strong><em>ι</em></strong></span> <span class='ocrx_word' id='word_1_4' title='bbox 251 0 260 8; x_wconf 59' lang='lat'>.-</span> <span class='ocrx_word' id='word_1_5' title='bbox 277 12 361 22; x_wconf 35' lang='lat' dir='ltr'>‘M‘</span> <span class='ocrx_word' id='word_1_6' title='bbox 381 6 393 10; x_wconf 55' lang='lat'>-</span> <span class='ocrx_word' id='word_1_7' title='bbox 410 0 599 21; x_wconf 41' lang='lat' dir='ltr'>ffl-a-s*</span> 
     </span>
     <span class='ocr_line' id='line_1_2' title="bbox 104 23 395 44; baseline -0.003 -9"><span class='ocrx_word' id='word_1_8' title='bbox 104 32 111 41; x_wconf 59' lang='lat' dir='ltr'>v.</span> <span class='ocrx_word' id='word_1_9' title='bbox 215 35 233 44; x_wconf 62' lang='lat'>.«</span> <span class='ocrx_word' id='word_1_10' title='bbox 292 23 395 36; x_wconf 51' lang='lat' dir='ltr'>V-</span> 
     </span>
    </p>
   </div>
   <div class='ocr_carea' id='block_1_2' title="bbox 731 205 1624 250">
    <p class='ocr_par' dir='ltr' id='par_1_2' title="bbox 731 205 1624 250">
     <span class='ocr_line' id='line_1_3' title="bbox 731 205 1624 250; baseline 0.011 -10"><span class='ocrx_word' id='word_1_11' title='bbox 731 205 818 242; x_wconf 72' lang='lat' dir='ltr'>Cu.</span> <span class='ocrx_word' id='word_1_12' title='bbox 845 207 1002 245; x_wconf 82' lang='lat'>33—34.</span> <span class='ocrx_word' id='word_1_13' title='bbox 1549 209 1624 250; x_wconf 58' lang='grc' dir='ltr'><strong>Μ</strong></span> 
     </span>
    </p>
   </div>
   <div class='ocr_carea' id='block_1_3' title="bbox 58 316 1673 1272">
    <p class='ocr_par' dir='ltr' id='par_1_3' title="bbox 58 316 1673 1272">
     <span class='ocr_line' id='line_1_4' title="bbox 129 316 1622 381; baseline 0.009 -23"><span class='ocrx_word' id='word_1_14' title='bbox 129 316 249 371; x_wconf 79' lang='lat' dir='ltr'>isque</span> <span class='ocrx_word' id='word_1_15' title='bbox 279 319 497 363; x_wconf 81' lang='lat' dir='ltr'>scientiam</span> <span class='ocrx_word' id='word_1_16' title='bbox 527 321 579 363; x_wconf 89' lang='lat' dir='ltr'>ab</span> <span class='ocrx_word' id='word_1_17' title='bbox 602 323 905 366; x_wconf 76' lang='lat' dir='ltr'><strong>exercitatione</strong></span> <span class='ocrx_word' id='word_1_18' title='bbox 926 329 1107 379; x_wconf 81' lang='lat' dir='ltr'>separat,</span> <span class='ocrx_word' id='word_1_19' title='bbox 1139 325 1237 373; x_wconf 88' lang='lat' dir='ltr'>illud</span> <span class='ocrx_word' id='word_1_20' title='bbox 1264 331 1379 370; x_wconf 84' lang='lat' dir='ltr'>certe</span> <span class='ocrx_word' id='word_1_21' title='bbox 1401 328 1622 381; x_wconf 75' lang='lat' dir='ltr'>concedet,</span> 
     </span>
     <span class='ocr_line' id='line_1_5' title="bbox 130 391 1621 456; baseline 0.012 -23"><span class='ocrx_word' id='word_1_22' title='bbox 130 391 373 436; x_wconf 84' lang='lat' dir='ltr'>instructum</span> <span class='ocrx_word' id='word_1_23' title='bbox 406 399 448 436; x_wconf 86' lang='lat' dir='ltr'>et</span> <span class='ocrx_word' id='word_1_24' title='bbox 477 396 640 450; x_wconf 86' lang='lat' dir='ltr'>plenum</span> <span class='ocrx_word' id='word_1_25' title='bbox 671 398 738 440; x_wconf 89' lang='lat' dir='ltr'>his</span> <span class='ocrx_word' id='word_1_26' title='bbox 769 399 925 441; x_wconf 88' lang='lat' dir='ltr'>artibus</span> <span class='ocrx_word' id='word_1_27' title='bbox 956 400 1136 442; x_wconf 83' lang='lat' dir='ltr'>animum</span> <span class='ocrx_word' id='word_1_28' title='bbox 1153 400 1279 456; x_wconf 83' lang='lat' dir='ltr'>longe</span> <span class='ocrx_word' id='word_1_29' title='bbox 1296 402 1547 456; x_wconf 76' lang='lat' dir='ltr'>paratiorem</span> <span class='ocrx_word' id='word_1_30' title='bbox 1569 403 1621 450; x_wconf 65' lang='grc' dir='ltr'>εὐ</span> 
     </span>
     <span class='ocr_line' id='line_1_6' title="bbox 130 469 1619 529; baseline 0.007 -21"><span class='ocrx_word' id='word_1_31' title='bbox 130 478 203 509; x_wconf 78' lang='lat' dir='ltr'>eas</span> <span class='ocrx_word' id='word_1_32' title='bbox 233 469 555 513; x_wconf 77' lang='lat' dir='ltr'>exercitationes</span> <span class='ocrx_word' id='word_1_33' title='bbox 586 477 800 515; x_wconf 90' lang='lat' dir='ltr'>venturum</span> <span class='ocrx_word' id='word_1_34' title='bbox 830 486 935 528; x_wconf 84' lang='lat' dir='ltr'>quae</span> <span class='ocrx_word' id='word_1_35' title='bbox 965 476 1158 529; x_wconf 85' lang='lat' dir='ltr'>propriae</span> <span class='ocrx_word' id='word_1_36' title='bbox 1181 480 1390 521; x_wconf 86' lang='lat' dir='ltr'>oratorum</span> <span class='ocrx_word' id='word_1_37' title='bbox 1416 477 1619 524; x_wconf 85' lang='lat' dir='ltr'>videntur.</span> 
     </span>
     <span class='ocr_line' id='line_1_7' title="bbox 58 541 1623 605; baseline 0.007 -22"><span class='ocrx_word' id='word_1_38' title='bbox 58 541 243 597; x_wconf 76' lang='lat' dir='ltr'>34Ergo</span> <span class='ocrx_word' id='word_1_39' title='bbox 274 544 381 598; x_wconf 81' lang='lat' dir='ltr'>apud</span> <span class='ocrx_word' id='word_1_40' title='bbox 412 545 594 587; x_wconf 88' lang='lat' dir='ltr'>maiores</span> <span class='ocrx_word' id='word_1_41' title='bbox 626 551 796 589; x_wconf 86' lang='lat' dir='ltr'>nostros</span> <span class='ocrx_word' id='word_1_42' title='bbox 829 549 990 590; x_wconf 90' lang='lat' dir='ltr'>iuvenis</span> <span class='ocrx_word' id='word_1_43' title='bbox 1022 549 1091 592; x_wconf 90' lang='lat' dir='ltr'>ille</span> <span class='ocrx_word' id='word_1_44' title='bbox 1121 550 1190 604; x_wconf 89' lang='lat' dir='ltr'>qui</span> <span class='ocrx_word' id='word_1_45' title='bbox 1222 551 1315 592; x_wconf 84' lang='lat' dir='ltr'>soro</span> <span class='ocrx_word' id='word_1_46' title='bbox 1347 555 1387 592; x_wconf 87' lang='lat' dir='ltr'>et</span> <span class='ocrx_word' id='word_1_47' title='bbox 1417 551 1623 605; x_wconf 88' lang='lat' dir='ltr'>eloquen-</span> 
     </span>
     <span class='ocr_line' id='line_1_8' title="bbox 127 616 1653 684; baseline 0.007 -26"><span class='ocrx_word' id='word_1_48' title='bbox 127 616 212 660; x_wconf 79' lang='lat' dir='ltr'>tiae</span> <span class='ocrx_word' id='word_1_49' title='bbox 248 619 498 672; x_wconf 82' lang='lat' dir='ltr'>parabatur,</span> <span class='ocrx_word' id='word_1_50' title='bbox 542 621 840 682; x_wconf 46' lang='lat' dir='ltr'>ifflbtlluSQfflU</span> <span class='ocrx_word' id='word_1_51' title='bbox 881 623 1110 665; x_wconf 88' lang='lat' dir='ltr'>domestica</span> <span class='ocrx_word' id='word_1_52' title='bbox 1150 624 1396 684; x_wconf 67' lang='lat' dir='ltr'>disciplina,</span> <span class='ocrx_word' id='word_1_53' title='bbox 1442 625 1653 669; x_wconf 78' lang='lat' dir='ltr'>refertuss</span> 
     </span>
     <span class='ocr_line' id='line_1_9' title="bbox 126 682 1620 753; baseline 0.006 -20"><span class='ocrx_word' id='word_1_54' title='bbox 126 691 314 735; x_wconf 78' lang='lat' dir='ltr'>honestis</span> <span class='ocrx_word' id='word_1_55' title='bbox 343 694 491 737; x_wconf 78' lang='lat' dir='ltr'>studiis</span> <span class='ocrx_word' id='word_1_56' title='bbox 519 682 802 739; x_wconf 64' lang='lat' dir='ltr'>deducebatur</span> <span class='ocrx_word' id='word_1_57' title='bbox 832 710 855 738; x_wconf 87' lang='lat' dir='ltr'>a</span> <span class='ocrx_word' id='word_1_58' title='bbox 884 688 1097 751; x_wconf 41' lang='lat' dir='ltr'>patre&#39;v&#39;el</span> <span class='ocrx_word' id='word_1_59' title='bbox 1128 711 1151 740; x_wconf 83' lang='lat' dir='ltr'>a</span> <span class='ocrx_word' id='word_1_60' title='bbox 1181 699 1423 753; x_wconf 85' lang='lat' dir='ltr'><strong>propinquis</strong></span> <span class='ocrx_word' id='word_1_61' title='bbox 1455 700 1504 741; x_wconf 88' lang='lat' dir='ltr'>ad</span> <span class='ocrx_word' id='word_1_62' title='bbox 1527 712 1620 744; x_wconf 85' lang='lat' dir='ltr'>cum</span> 
     </span>
     <span class='ocr_line' id='line_1_10' title="bbox 128 768 1620 823; baseline 0.007 -16"><span class='ocrx_word' id='word_1_63' title='bbox 128 770 336 809; x_wconf 77' lang='lat' dir='ltr'>oratorem</span> <span class='ocrx_word' id='word_1_64' title='bbox 367 768 436 821; x_wconf 91' lang='lat' dir='ltr'>qui</span> <span class='ocrx_word' id='word_1_65' title='bbox 462 769 691 823; x_wconf 89' lang='lat' dir='ltr'>principem</span> <span class='ocrx_word' id='word_1_66' title='bbox 732 771 775 811; x_wconf 92' lang='lat' dir='ltr'>in</span> <span class='ocrx_word' id='word_1_67' title='bbox 815 771 981 813; x_wconf 87' lang='lat' dir='ltr'>civitate</span> <span class='ocrx_word' id='word_1_68' title='bbox 1021 772 1157 814; x_wconf 91' lang='lat' dir='ltr'>locum</span> <span class='ocrx_word' id='word_1_69' title='bbox 1201 773 1424 815; x_wconf 75' lang='lat' dir='ltr'>obtinebat.</span> <span class='ocrx_word' id='word_1_70' title='bbox 1503 772 1620 819; x_wconf 78' lang='lat' dir='ltr'>Hunc</span> 
     </span>
     <span class='ocr_line' id='line_1_11' title="bbox 126 841 1622 897; baseline 0.003 -13"><span class='ocrx_word' id='word_1_71' title='bbox 126 842 304 893; x_wconf 76' lang='lat' dir='ltr'>sectari,</span> <span class='ocrx_word' id='word_1_72' title='bbox 343 841 453 883; x_wconf 86' lang='lat' dir='ltr'>hunc</span> <span class='ocrx_word' id='word_1_73' title='bbox 486 845 708 897; x_wconf 87' lang='lat' dir='ltr'>prosequi,</span> <span class='ocrx_word' id='word_1_74' title='bbox 750 845 871 886; x_wconf 89' lang='lat' dir='ltr'>huius</span> <span class='ocrx_word' id='word_1_75' title='bbox 914 847 1104 888; x_wconf 89' lang='lat' dir='ltr'>omnibus</span> <span class='ocrx_word' id='word_1_76' title='bbox 1136 847 1388 891; x_wconf 70' lang='lat' dir='ltr'>dictionibus</span> <span class='ocrx_word' id='word_1_77' title='bbox 1418 848 1622 889; x_wconf 89' lang='lat' dir='ltr'>interesse</span> 
     </span>
     <span class='ocr_line' id='line_1_12' title="bbox 126 914 1623 973; baseline 0.005 -17"><span class='ocrx_word' id='word_1_78' title='bbox 126 915 218 958; x_wconf 64' lang='lat' dir='ltr'>sive</span> <span class='ocrx_word' id='word_1_79' title='bbox 246 914 290 956; x_wconf 87' lang='lat' dir='ltr'>in</span> <span class='ocrx_word' id='word_1_80' title='bbox 321 915 488 958; x_wconf 90' lang='lat' dir='ltr'>iudiciis</span> <span class='ocrx_word' id='word_1_81' title='bbox 519 918 610 959; x_wconf 92' lang='lat' dir='ltr'>sive</span> <span class='ocrx_word' id='word_1_82' title='bbox 643 919 686 958; x_wconf 94' lang='lat' dir='ltr'>in</span> <span class='ocrx_word' id='word_1_83' title='bbox 718 919 982 962; x_wconf 90' lang='lat' dir='ltr'>contionibus</span> <span class='ocrx_word' id='word_1_84' title='bbox 1013 921 1304 973; x_wconf 86' lang='lat' dir='ltr'>adsuescebat,</span> <span class='ocrx_word' id='word_1_85' title='bbox 1337 921 1392 963; x_wconf 89' lang='lat' dir='ltr'>ita</span> <span class='ocrx_word' id='word_1_86' title='bbox 1421 925 1465 962; x_wconf 90' lang='lat' dir='ltr'>ut</span> <span class='ocrx_word' id='word_1_87' title='bbox 1494 921 1623 964; x_wconf 87' lang='lat' dir='ltr'>alter-</span> 
     </span>
     <span class='ocr_line' id='line_1_13' title="bbox 128 988 1673 1050; baseline 0.002 -19"><span class='ocrx_word' id='word_1_88' title='bbox 128 988 315 1032; x_wconf 71' lang='lat' dir='ltr'>cationes</span> <span class='ocrx_word' id='word_1_89' title='bbox 345 1002 511 1045; x_wconf 88' lang='lat' dir='ltr'>quoque</span> <span class='ocrx_word' id='word_1_90' title='bbox 546 992 760 1046; x_wconf 83' lang='lat' dir='ltr'>exciperet</span> <span class='ocrx_word' id='word_1_91' title='bbox 791 997 832 1033; x_wconf 89' lang='lat' dir='ltr'>et</span> <span class='ocrx_word' id='word_1_92' title='bbox 862 993 1008 1048; x_wconf 85' lang='lat' dir='ltr'>iurgiis</span> <span class='ocrx_word' id='word_1_93' title='bbox 1039 995 1273 1047; x_wconf 86' lang='lat' dir='ltr'>interesset,</span> <span class='ocrx_word' id='word_1_94' title='bbox 1305 999 1431 1050; x_wconf 85' lang='lat' dir='ltr'>utque</span> <span class='ocrx_word' id='word_1_95' title='bbox 1460 996 1522 1036; x_wconf 87' lang='lat' dir='ltr'>sic</span> <span class='ocrx_word' id='word_1_96' title='bbox 1553 995 1622 1036; x_wconf 91' lang='lat' dir='ltr'>di-</span> <span class='ocrx_word' id='word_1_97' title='bbox 1635 1007 1673 1034; x_wconf 77' lang='lat' dir='ltr'><em>w</em></span> 
     </span>
     <span class='ocr_line' id='line_1_14' title="bbox 125 1064 1621 1124; baseline 0.002 -18"><span class='ocrx_word' id='word_1_98' title='bbox 125 1064 284 1117; x_wconf 80' lang='lat' dir='ltr'>xerim,</span> <span class='ocrx_word' id='word_1_99' title='bbox 326 1076 515 1120; x_wconf 85' lang='lat' dir='ltr'>pugnare</span> <span class='ocrx_word' id='word_1_100' title='bbox 550 1066 594 1107; x_wconf 92' lang='lat' dir='ltr'>in</span> <span class='ocrx_word' id='word_1_101' title='bbox 624 1066 786 1120; x_wconf 89' lang='lat' dir='ltr'>proelio</span> <span class='ocrx_word' id='word_1_102' title='bbox 832 1067 1027 1112; x_wconf 82' lang='lat' dir='ltr'>disceret.</span> <span class='ocrx_word' id='word_1_103' title='bbox 1100 1068 1274 1124; x_wconf 83' lang='lat' dir='ltr'>Magnus</span> <span class='ocrx_word' id='word_1_104' title='bbox 1310 1082 1363 1109; x_wconf 87' lang='lat' dir='ltr'>ex</span> <span class='ocrx_word' id='word_1_105' title='bbox 1405 1069 1484 1110; x_wconf 83' lang='lat' dir='ltr'>hoc</span> <span class='ocrx_word' id='word_1_106' title='bbox 1522 1079 1621 1111; x_wconf 87' lang='lat' dir='ltr'>usus</span> 
     </span>
     <span class='ocr_line' id='line_1_15' title="bbox 128 1138 1622 1194; baseline 0.003 -14"><span class='ocrx_word' id='word_1_107' title='bbox 128 1138 379 1193; x_wconf 85' lang='lat' dir='ltr'>multumque</span> <span class='ocrx_word' id='word_1_108' title='bbox 411 1141 684 1192; x_wconf 83' lang='lat' dir='ltr'>constantiae,</span> <span class='ocrx_word' id='word_1_109' title='bbox 717 1141 934 1194; x_wconf 87' lang='lat' dir='ltr'>plurimum</span> <span class='ocrx_word' id='word_1_110' title='bbox 954 1142 1098 1183; x_wconf 91' lang='lat' dir='ltr'>iudicii</span> <span class='ocrx_word' id='word_1_111' title='bbox 1120 1143 1338 1184; x_wconf 86' lang='lat' dir='ltr'>iuvenibus</span> <span class='ocrx_word' id='word_1_112' title='bbox 1358 1144 1493 1184; x_wconf 82' lang='lat' dir='ltr'>statim</span> <span class='ocrx_word' id='word_1_113' title='bbox 1516 1155 1622 1184; x_wconf 91' lang='lat' dir='ltr'>con-</span> 
     </span>
     <span class='ocr_line' id='line_1_16' title="bbox 130 1212 1623 1272; baseline 0.003 -19"><span class='ocrx_word' id='word_1_114' title='bbox 130 1212 338 1268; x_wconf 77' lang='lat' dir='ltr'>tingebat,</span> <span class='ocrx_word' id='word_1_115' title='bbox 391 1213 435 1255; x_wconf 86' lang='lat' dir='ltr'>in</span> <span class='ocrx_word' id='word_1_116' title='bbox 464 1214 603 1256; x_wconf 89' lang='lat' dir='ltr'>media</span> <span class='ocrx_word' id='word_1_117' title='bbox 632 1214 726 1255; x_wconf 90' lang='lat' dir='ltr'>luce</span> <span class='ocrx_word' id='word_1_118' title='bbox 753 1214 1013 1258; x_wconf 85' lang='lat' dir='ltr'>studentibus</span> <span class='ocrx_word' id='word_1_119' title='bbox 1045 1219 1168 1270; x_wconf 80' lang='lat' dir='ltr'>atque</span> <span class='ocrx_word' id='word_1_120' title='bbox 1198 1217 1307 1259; x_wconf 80' lang='lat' dir='ltr'>inter</span> <span class='ocrx_word' id='word_1_121' title='bbox 1335 1217 1423 1272; x_wconf 86' lang='lat' dir='ltr'>ipsa</span> <span class='ocrx_word' id='word_1_122' title='bbox 1467 1216 1623 1258; x_wconf 83' lang='lat' dir='ltr'>discri-</span> 
     </span>
    </p>
   </div>
   <div class='ocr_carea' id='block_1_4' title="bbox 238 1365 1621 1413">
    <p class='ocr_par' dir='ltr' id='par_1_4' title="bbox 238 1365 1621 1413">
     <span class='ocr_line' id='line_1_17' title="bbox 238 1365 1621 1413; baseline 0.001 -13"><span class='ocrx_word' id='word_1_123' title='bbox 238 1367 268 1401; x_wconf 81' lang='lat' dir='ltr'>l.</span> <span class='ocrx_word' id='word_1_124' title='bbox 294 1365 385 1401; x_wconf 67' lang='lat' dir='ltr'>illud</span> <span class='ocrx_word' id='word_1_125' title='bbox 410 1368 447 1401; x_wconf 90' lang='lat' dir='ltr'>in</span> <span class='ocrx_word' id='word_1_126' title='bbox 472 1378 595 1401; x_wconf 85' lang='lat' dir='ltr'>rasura</span> <span class='ocrx_word' id='word_1_127' title='bbox 620 1368 645 1401; x_wconf 92' lang='lat' dir='ltr'>P</span> <span class='ocrx_word' id='word_1_128' title='bbox 673 1367 761 1413; x_wconf 82' lang='lat' dir='ltr'>(fuit</span> <span class='ocrx_word' id='word_1_129' title='bbox 785 1369 896 1411; x_wconf 78' lang='lat' dir='ltr'>istud,</span> <span class='ocrx_word' id='word_1_130' title='bbox 937 1378 1008 1402; x_wconf 91' lang='lat' dir='ltr'>non</span> <span class='ocrx_word' id='word_1_131' title='bbox 1036 1370 1141 1411; x_wconf 81' lang='lat' dir='ltr'>istuc)</span> <span class='ocrx_word' id='word_1_132' title='bbox 1171 1374 1206 1403; x_wconf 86' lang='lat' dir='ltr'>et</span> <span class='ocrx_word' id='word_1_133' title='bbox 1233 1369 1282 1403; x_wconf 86' lang='lat' dir='ltr'>F:</span> <span class='ocrx_word' id='word_1_134' title='bbox 1308 1369 1346 1403; x_wconf 72' lang='lat' dir='ltr'>id</span> <span class='ocrx_word' id='word_1_135' title='bbox 1373 1374 1515 1403; x_wconf 76' lang='lat' dir='ltr'>veteres</span> <span class='ocrx_word' id='word_1_136' title='bbox 1541 1367 1621 1401; x_wconf 87' lang='lat' dir='ltr'>edi-</span> 
     </span>
    </p>
   </div>
   <div class='ocr_carea' id='block_1_5' title="bbox 128 1414 258 1449">
    <p class='ocr_par' dir='ltr' id='par_1_5' title="bbox 128 1414 258 1449">
     <span class='ocr_line' id='line_1_18' title="bbox 128 1414 258 1449; baseline 0.023 -3"><span class='ocrx_word' id='word_1_137' title='bbox 128 1414 258 1449; x_wconf 82' lang='lat' dir='ltr'>tiones.</span> 
     </span>
    </p>
   </div>
   <div class='ocr_carea' id='block_1_6' title="bbox 333 1417 1263 1463">
    <p class='ocr_par' dir='ltr' id='par_1_6' title="bbox 333 1417 1263 1463">
     <span class='ocr_line' id='line_1_19' title="bbox 333 1417 1263 1463; baseline 0.002 -14"><span class='ocrx_word' id='word_1_138' title='bbox 333 1417 367 1450; x_wconf 84' lang='lat'>2.</span> <span class='ocrx_word' id='word_1_139' title='bbox 391 1417 612 1461; x_wconf 78' lang='lat' dir='ltr'>paratiorem</span> <span class='ocrx_word' id='word_1_140' title='bbox 636 1417 799 1460; x_wconf 87' lang='lat' dir='ltr'>Lipsius:</span> <span class='ocrx_word' id='word_1_141' title='bbox 828 1417 850 1450; x_wconf 81' lang='lat' dir='ltr'>P</span> <span class='ocrx_word' id='word_1_142' title='bbox 874 1423 1051 1463; x_wconf 82' lang='lat' dir='ltr'>paratam,</span> <span class='ocrx_word' id='word_1_143' title='bbox 1077 1417 1105 1450; x_wconf 95' lang='lat' dir='ltr'>F</span> <span class='ocrx_word' id='word_1_144' title='bbox 1131 1424 1263 1463; x_wconf 84' lang='lat' dir='ltr'>aperte.</span> 
     </span>
    </p>
   </div>
   <div class='ocr_carea' id='block_1_7' title="bbox 1361 1418 1621 1462">
    <p class='ocr_par' dir='ltr' id='par_1_7' title="bbox 1361 1418 1621 1462">
     <span class='ocr_line' id='line_1_20' title="bbox 1361 1418 1621 1462; baseline -0.012 -10"><span class='ocrx_word' id='word_1_145' title='bbox 1361 1419 1395 1452; x_wconf 85' lang='lat'>3.</span> <span class='ocrx_word' id='word_1_146' title='bbox 1420 1418 1563 1462; x_wconf 78' lang='lat' dir='ltr'>proprie</span> <span class='ocrx_word' id='word_1_147' title='bbox 1589 1422 1621 1450; x_wconf 86' lang='lat' dir='ltr'>et</span> 
     </span>
    </p>
   </div>
   <div class='ocr_carea' id='block_1_8' title="bbox 127 1463 1622 1559">
    <p class='ocr_par' dir='ltr' id='par_1_8' title="bbox 127 1463 1622 1559">
     <span class='ocr_line' id='line_1_21' title="bbox 127 1463 1622 1510; baseline 0.001 -15"><span class='ocrx_word' id='word_1_148' title='bbox 127 1469 308 1498; x_wconf 82' lang='lat' dir='ltr'>oratorum</span> <span class='ocrx_word' id='word_1_149' title='bbox 342 1463 396 1507; x_wconf 88' lang='lat' dir='ltr'>F,</span> <span class='ocrx_word' id='word_1_150' title='bbox 437 1466 581 1510; x_wconf 79' lang='lat' dir='ltr'>proprie</span> <span class='ocrx_word' id='word_1_151' title='bbox 619 1471 651 1499; x_wconf 87' lang='lat' dir='ltr'>et</span> <span class='ocrx_word' id='word_1_152' title='bbox 685 1467 859 1500; x_wconf 64' lang='lat' dir='ltr'>ornatura</span> <span class='ocrx_word' id='word_1_153' title='bbox 887 1466 923 1498; x_wconf 90' lang='lat' dir='ltr'>in</span> <span class='ocrx_word' id='word_1_154' title='bbox 949 1475 1070 1499; x_wconf 83' lang='lat' dir='ltr'>rasura</span> <span class='ocrx_word' id='word_1_155' title='bbox 1097 1464 1121 1498; x_wconf 83' lang='lat' dir='ltr'>P</span> <span class='ocrx_word' id='word_1_156' title='bbox 1150 1467 1206 1510; x_wconf 88' lang='lat' dir='ltr'>(in</span> <span class='ocrx_word' id='word_1_157' title='bbox 1236 1467 1341 1500; x_wconf 85' lang='lat' dir='ltr'>huius</span> <span class='ocrx_word' id='word_1_158' title='bbox 1375 1476 1486 1510; x_wconf 87' lang='lat' dir='ltr'>marg.</span> <span class='ocrx_word' id='word_1_159' title='bbox 1522 1466 1622 1498; x_wconf 85' lang='lat' dir='ltr'>circa</span> 
     </span>
     <span class='ocr_line' id='line_1_22' title="bbox 127 1511 1621 1559; baseline 0 -14"><span class='ocrx_word' id='word_1_160' title='bbox 127 1513 301 1554; x_wconf 66' lang='lat' dir='ltr'>oratoria,</span> <span class='ocrx_word' id='word_1_161' title='bbox 328 1511 411 1546; x_wconf 88' lang='lat' dir='ltr'>hinc</span> <span class='ocrx_word' id='word_1_162' title='bbox 439 1513 627 1547; x_wconf 83' lang='lat' dir='ltr'>Puteolani</span> <span class='ocrx_word' id='word_1_163' title='bbox 651 1515 750 1547; x_wconf 80' lang='lat' dir='ltr'>circa</span> <span class='ocrx_word' id='word_1_164' title='bbox 773 1516 1006 1558; x_wconf 81' lang='lat' dir='ltr'>oratoriam).·</span> <span class='ocrx_word' id='word_1_165' title='bbox 1028 1515 1198 1559; x_wconf 85' lang='lat' dir='ltr'>propriae</span> <span class='ocrx_word' id='word_1_166' title='bbox 1223 1520 1401 1547; x_wconf 81' lang='lat' dir='ltr'>oratorum</span> <span class='ocrx_word' id='word_1_167' title='bbox 1425 1513 1621 1554; x_wconf 86' lang='lat' dir='ltr'>Broterius‚</span> 
     </span>
    </p>
   </div>
   <div class='ocr_carea' id='block_1_9' title="bbox 125 1561 861 1608">
    <p class='ocr_par' dir='ltr' id='par_1_9' title="bbox 125 1561 861 1608">
     <span class='ocr_line' id='line_1_23' title="bbox 125 1561 861 1608; baseline 0.004 -15"><span class='ocrx_word' id='word_1_168' title='bbox 125 1561 294 1606; x_wconf 78' lang='lat' dir='ltr'>propriae</span> <span class='ocrx_word' id='word_1_169' title='bbox 319 1571 393 1594; x_wconf 78' lang='lat' dir='ltr'>esse</span> <span class='ocrx_word' id='word_1_170' title='bbox 421 1568 601 1595; x_wconf 82' lang='lat' dir='ltr'>oratorum</span> <span class='ocrx_word' id='word_1_171' title='bbox 627 1562 667 1596; x_wconf 78' lang='lat' dir='ltr'>R.</span> <span class='ocrx_word' id='word_1_172' title='bbox 677 1562 861 1608; x_wconf 82' lang='lat' dir='ltr'>Agricola.</span> 
     </span>
    </p>
   </div>
   <div class='ocr_carea' id='block_1_10' title="bbox 129 1620 227 1643">
    <p class='ocr_par' dir='ltr' id='par_1_10' title="bbox 129 1620 227 1643">
     <span class='ocr_line' id='line_1_24' title="bbox 129 1620 227 1643; baseline -0.01 -1"><span class='ocrx_word' id='word_1_173' title='bbox 129 1620 227 1643; x_wconf 67' lang='grc'>60110.</span> 
     </span>
    </p>
   </div>
   <div class='ocr_carea' id='block_1_11' title="bbox 307 1609 1356 1655">
    <p class='ocr_par' dir='ltr' id='par_1_11' title="bbox 307 1609 1356 1655">
     <span class='ocr_line' id='line_1_25' title="bbox 307 1609 1356 1655; baseline 0 -13"><span class='ocrx_word' id='word_1_174' title='bbox 307 1610 360 1644; x_wconf 89' lang='lat'>10.</span> <span class='ocrx_word' id='word_1_175' title='bbox 389 1611 565 1655; x_wconf 75' lang='lat' dir='ltr'>exciperet</span> <span class='ocrx_word' id='word_1_176' title='bbox 590 1631 635 1636; x_wconf 92' lang='lat'>—</span> <span class='ocrx_word' id='word_1_177' title='bbox 664 1613 844 1647; x_wconf 69' lang='lat' dir='ltr'>interesset</span> <span class='ocrx_word' id='word_1_178' title='bbox 873 1609 950 1643; x_wconf 86' lang='lat' dir='ltr'>FP:</span> <span class='ocrx_word' id='word_1_179' title='bbox 979 1611 1135 1644; x_wconf 85' lang='lat' dir='ltr'>correxit</span> <span class='ocrx_word' id='word_1_180' title='bbox 1158 1610 1356 1644; x_wconf 89' lang='lat' dir='ltr'>Bekkerus.</span> 
     </span>
    </p>
   </div>
   <div class='ocr_carea' id='block_1_12' title="bbox 937 1561 1621 1607">
    <p class='ocr_par' dir='ltr' id='par_1_12' title="bbox 937 1561 1621 1607">
     <span class='ocr_line' id='line_1_26' title="bbox 937 1561 1621 1607; baseline -0.006 -10"><span class='ocrx_word' id='word_1_181' title='bbox 937 1563 971 1597; x_wconf 89' lang='lat'>7.</span> <span class='ocrx_word' id='word_1_182' title='bbox 997 1562 1171 1607; x_wconf 79' lang='lat' dir='ltr'>optinebat</span> <span class='ocrx_word' id='word_1_183' title='bbox 1196 1561 1233 1596; x_wconf 90' lang='lat' dir='ltr'>P.</span> <span class='ocrx_word' id='word_1_184' title='bbox 1310 1562 1342 1596; x_wconf 88' lang='grc'>9.</span> <span class='ocrx_word' id='word_1_185' title='bbox 1371 1567 1461 1595; x_wconf 68' lang='lat' dir='ltr'>cont.</span> <span class='ocrx_word' id='word_1_186' title='bbox 1486 1561 1523 1603; x_wconf 80' lang='lat' dir='ltr'>P,</span> <span class='ocrx_word' id='word_1_187' title='bbox 1549 1570 1621 1594; x_wconf 88' lang='lat' dir='ltr'>non</span> 
     </span>
    </p>
   </div>
   <div class='ocr_carea' id='block_1_13' title="bbox 1459 1611 1621 1643">
    <p class='ocr_par' dir='ltr' id='par_1_13' title="bbox 1459 1611 1621 1643">
     <span class='ocr_line' id='line_1_27' title="bbox 1459 1611 1621 1643; baseline 0 -1"><span class='ocrx_word' id='word_1_188' title='bbox 1459 1611 1514 1643; x_wconf 85' lang='lat'>11.</span> <span class='ocrx_word' id='word_1_189' title='bbox 1540 1619 1621 1642; x_wconf 70' lang='lat' dir='ltr'>nna-</span> 
     </span>
    </p>
   </div>
   <div class='ocr_carea' id='block_1_14' title="bbox 127 1657 1619 1704">
    <p class='ocr_par' dir='ltr' id='par_1_14' title="bbox 127 1657 1619 1704">
     <span class='ocr_line' id='line_1_28' title="bbox 127 1657 1619 1704; baseline -0.001 -13"><span class='ocrx_word' id='word_1_190' title='bbox 127 1669 215 1702; x_wconf 69' lang='lat' dir='ltr'>gnos</span> <span class='ocrx_word' id='word_1_191' title='bbox 245 1657 268 1692; x_wconf 84' lang='lat' dir='ltr'>P</span> <span class='ocrx_word' id='word_1_192' title='bbox 296 1662 331 1691; x_wconf 83' lang='lat' dir='ltr'>et</span> <span class='ocrx_word' id='word_1_193' title='bbox 359 1658 537 1692; x_wconf 83' lang='lat' dir='ltr'>editiones</span> <span class='ocrx_word' id='word_1_194' title='bbox 566 1670 679 1704; x_wconf 90' lang='lat' dir='ltr'>usque</span> <span class='ocrx_word' id='word_1_195' title='bbox 709 1659 754 1693; x_wconf 88' lang='lat' dir='ltr'>ad</span> <span class='ocrx_word' id='word_1_196' title='bbox 781 1659 1014 1701; x_wconf 79' lang='lat' dir='ltr'>Rhemmum,</span> <span class='ocrx_word' id='word_1_197' title='bbox 1052 1659 1111 1703; x_wconf 89' lang='lat' dir='ltr'>qui</span> <span class='ocrx_word' id='word_1_198' title='bbox 1149 1660 1257 1692; x_wconf 86' lang='lat' dir='ltr'>tacite</span> <span class='ocrx_word' id='word_1_199' title='bbox 1284 1659 1450 1692; x_wconf 83' lang='lat' dir='ltr'>correxit.</span> <span class='ocrx_word' id='word_1_200' title='bbox 1565 1659 1619 1691; x_wconf 78' lang='lat'>12.</span> 
     </span>
    </p>
   </div>
   <div class='ocr_carea' id='block_1_15' title="bbox 128 1705 730 1751">
    <p class='ocr_par' dir='ltr' id='par_1_15' title="bbox 128 1705 730 1751">
     <span class='ocr_line' id='line_1_29' title="bbox 128 1705 730 1751; baseline 0.005 -12"><span class='ocrx_word' id='word_1_201' title='bbox 128 1705 336 1751; x_wconf 76' lang='lat' dir='ltr'>multumque</span> <span class='ocrx_word' id='word_1_202' title='bbox 363 1707 410 1741; x_wconf 79' lang='lat' dir='ltr'>P:</span> <span class='ocrx_word' id='word_1_203' title='bbox 437 1708 548 1741; x_wconf 87' lang='lat' dir='ltr'>ceteri</span> <span class='ocrx_word' id='word_1_204' title='bbox 578 1707 730 1742; x_wconf 68' lang='lat' dir='ltr'>ntultmn.</span> 
     </span>
    </p>
   </div>
   <div class='ocr_carea' id='block_1_16' title="bbox 130 1857 851 2963">
    <p class='ocr_par' dir='ltr' id='par_1_16' title="bbox 130 1857 851 2963">
     <span class='ocr_line' id='line_1_30' title="bbox 130 1857 844 1902; baseline -0.001 -12"><span class='ocrx_word' id='word_1_205' title='bbox 130 1857 324 1902; x_wconf 80' lang='lat' dir='ltr'>peragitur,</span> <span class='ocrx_word' id='word_1_206' title='bbox 351 1867 443 1901; x_wconf 84' lang='lat' dir='ltr'>quae</span> <span class='ocrx_word' id='word_1_207' title='bbox 469 1857 528 1890; x_wconf 89' lang='lat' dir='ltr'>ubi</span> <span class='ocrx_word' id='word_1_208' title='bbox 555 1857 743 1892; x_wconf 82' lang='lat' dir='ltr'>fitmaiore</span> <span class='ocrx_word' id='word_1_209' title='bbox 762 1859 844 1891; x_wconf 85' lang='lat' dir='ltr'>ani-</span> 
     </span>
     <span class='ocr_line' id='line_1_31' title="bbox 131 1907 844 1940; baseline 0.003 -2"><span class='ocrx_word' id='word_1_210' title='bbox 131 1907 177 1939; x_wconf 89' lang='lat' dir='ltr'>mi</span> <span class='ocrx_word' id='word_1_211' title='bbox 204 1907 436 1939; x_wconf 84' lang='lat' dir='ltr'>contentione</span> <span class='ocrx_word' id='word_1_212' title='bbox 471 1911 506 1939; x_wconf 85' lang='lat' dir='ltr'>et</span> <span class='ocrx_word' id='word_1_213' title='bbox 539 1916 609 1939; x_wconf 92' lang='lat' dir='ltr'>non</span> <span class='ocrx_word' id='word_1_214' title='bbox 636 1909 714 1940; x_wconf 91' lang='lat' dir='ltr'>sine</span> <span class='ocrx_word' id='word_1_215' title='bbox 739 1917 844 1940; x_wconf 86' lang='lat' dir='ltr'>acer-</span> 
     </span>
     <span class='ocr_line' id='line_1_32' title="bbox 130 1953 845 1999; baseline 0.001 -12"><span class='ocrx_word' id='word_1_216' title='bbox 130 1953 260 1996; x_wconf 78' lang='lat' dir='ltr'>bitate,</span> <span class='ocrx_word' id='word_1_217' title='bbox 293 1954 446 1999; x_wconf 70' lang='lat' dir='ltr'>iuryium</span> <span class='ocrx_word' id='word_1_218' title='bbox 472 1959 537 1988; x_wconf 81' lang='lat' dir='ltr'>est..</span> <span class='ocrx_word' id='word_1_219' title='bbox 589 1954 845 1989; x_wconf 65' lang='lat' dir='ltr'>Atrei-cationis</span> 
     </span>
     <span class='ocr_line' id='line_1_33' title="bbox 131 2002 844 2047; baseline 0 -11"><span class='ocrx_word' id='word_1_220' title='bbox 131 2002 334 2047; x_wconf 81' lang='lat' dir='ltr'>exemplum</span> <span class='ocrx_word' id='word_1_221' title='bbox 361 2002 470 2036; x_wconf 84' lang='lat' dir='ltr'>habet</span> <span class='ocrx_word' id='word_1_222' title='bbox 501 2003 628 2036; x_wconf 88' lang='lat' dir='ltr'>Cicero</span> <span class='ocrx_word' id='word_1_223' title='bbox 660 2003 703 2037; x_wconf 85' lang='lat' dir='ltr'>ad</span> <span class='ocrx_word' id='word_1_224' title='bbox 728 2004 802 2037; x_wconf 84' lang='lat' dir='ltr'>Att.</span> <span class='ocrx_word' id='word_1_225' title='bbox 831 2003 844 2036; x_wconf 88' lang='lat' dir='ltr'>l</span> 
     </span>
     <span class='ocr_line' id='line_1_34' title="bbox 134 2050 845 2096; baseline 0 -12"><span class='ocrx_word' id='word_1_226' title='bbox 134 2050 178 2086; x_wconf 82' lang='lat'>16</span> <span class='ocrx_word' id='word_1_227' title='bbox 211 2051 249 2092; x_wconf 70' lang='lat' dir='ltr'>S.</span> <span class='ocrx_word' id='word_1_228' title='bbox 278 2050 303 2084; x_wconf 89' lang='lat'>8</span> <span class='ocrx_word' id='word_1_229' title='bbox 333 2055 369 2084; x_wconf 83' lang='lat' dir='ltr'>et</span> <span class='ocrx_word' id='word_1_230' title='bbox 397 2052 463 2093; x_wconf 82' lang='lat'>¹0,</span> <span class='ocrx_word' id='word_1_231' title='bbox 513 2057 704 2096; x_wconf 84' lang='lat' dir='ltr'>praecepta</span> <span class='ocrx_word' id='word_1_232' title='bbox 741 2052 845 2085; x_wconf 85' lang='lat' dir='ltr'>tradit</span> 
     </span>
     <span class='ocr_line' id='line_1_35' title="bbox 131 2097 650 2145; baseline 0 -13"><span class='ocrx_word' id='word_1_233' title='bbox 131 2097 374 2141; x_wconf 77' lang='lat' dir='ltr'>Quintilianus</span> <span class='ocrx_word' id='word_1_234' title='bbox 405 2099 450 2132; x_wconf 88' lang='lat' dir='ltr'>Vl</span> <span class='ocrx_word' id='word_1_235' title='bbox 476 2099 499 2132; x_wconf 78' lang='lat'>4</span> <span class='ocrx_word' id='word_1_236' title='bbox 528 2102 544 2132; x_wconf 86' lang='lat'>1</span> <span class='ocrx_word' id='word_1_237' title='bbox 573 2111 650 2145; x_wconf 87' lang='lat' dir='ltr'>sqq.</span> 
     </span>
     <span class='ocr_line' id='line_1_36' title="bbox 203 2147 845 2192; baseline 0 -12"><span class='ocrx_word' id='word_1_238' title='bbox 203 2148 379 2192; x_wconf 65' lang='lat' dir='ltr'>exciperet</span> <span class='ocrx_word' id='word_1_239' title='bbox 406 2168 450 2174; x_wconf 92' lang='lat'>-—</span> <span class='ocrx_word' id='word_1_240' title='bbox 478 2148 678 2182; x_wconf 76' lang='lat' dir='ltr'>interesset:</span> <span class='ocrx_word' id='word_1_241' title='bbox 724 2147 845 2191; x_wconf 84' lang='lat' dir='ltr'>dupli-</span> 
     </span>
     <span class='ocr_line' id='line_1_37' title="bbox 132 2195 844 2241; baseline 0.001 -13"><span class='ocrx_word' id='word_1_242' title='bbox 132 2206 209 2228; x_wconf 87' lang='lat' dir='ltr'>cem</span> <span class='ocrx_word' id='word_1_243' title='bbox 246 2195 421 2229; x_wconf 78' lang='lat' dir='ltr'>maculam</span> <span class='ocrx_word' id='word_1_244' title='bbox 457 2197 634 2241; x_wconf 69' lang='lat' dir='ltr'>(eoecipere</span> <span class='ocrx_word' id='word_1_245' title='bbox 673 2217 717 2222; x_wconf 88' lang='lat'>-—</span> <span class='ocrx_word' id='word_1_246' title='bbox 753 2198 844 2229; x_wconf 80' lang='lat' dir='ltr'>inte-</span> 
     </span>
     <span class='ocr_line' id='line_1_38' title="bbox 131 2243 843 2287; baseline -0.001 -11"><span class='ocrx_word' id='word_1_247' title='bbox 131 2246 240 2287; x_wconf 82' lang='lat' dir='ltr'>resse)</span> <span class='ocrx_word' id='word_1_248' title='bbox 289 2243 414 2277; x_wconf 87' lang='lat' dir='ltr'>dextre</span> <span class='ocrx_word' id='word_1_249' title='bbox 457 2243 607 2277; x_wconf 87' lang='lat' dir='ltr'>detersit</span> <span class='ocrx_word' id='word_1_250' title='bbox 645 2243 843 2276; x_wconf 87' lang='lat' dir='ltr'>Bekkerus.</span> 
     </span>
     <span class='ocr_line' id='line_1_39' title="bbox 132 2290 844 2327; baseline -0.004 -2"><span class='ocrx_word' id='word_1_251' title='bbox 132 2290 217 2325; x_wconf 80' lang='lat' dir='ltr'>Nam</span> <span class='ocrx_word' id='word_1_252' title='bbox 245 2290 441 2324; x_wconf 81' lang='lat' dir='ltr'>infinitivos</span> <span class='ocrx_word' id='word_1_253' title='bbox 482 2293 511 2324; x_wconf 84' lang='lat' dir='ltr'>si</span> <span class='ocrx_word' id='word_1_254' title='bbox 549 2297 729 2327; x_wconf 75' lang='lat' dir='ltr'>tenemus.</span> <span class='ocrx_word' id='word_1_255' title='bbox 765 2292 844 2323; x_wconf 80' lang='lat' dir='ltr'>exi-</span> 
     </span>
     <span class='ocr_line' id='line_1_40' title="bbox 131 2339 843 2384; baseline -0.006 -11"><span class='ocrx_word' id='word_1_256' title='bbox 131 2341 192 2373; x_wconf 82' lang='lat' dir='ltr'>stit</span> <span class='ocrx_word' id='word_1_257' title='bbox 233 2340 412 2373; x_wconf 84' lang='lat' dir='ltr'>sententia</span> <span class='ocrx_word' id='word_1_258' title='bbox 455 2339 564 2384; x_wconf 83' lang='lat' dir='ltr'>longe</span> <span class='ocrx_word' id='word_1_259' title='bbox 601 2339 843 2382; x_wconf 85' lang='lat' dir='ltr'>ineptissima,</span> 
     </span>
     <span class='ocr_line' id='line_1_41' title="bbox 132 2387 845 2432; baseline -0.006 -11"><span class='ocrx_word' id='word_1_260' title='bbox 132 2387 226 2432; x_wconf 88' lang='lat' dir='ltr'>apud</span> <span class='ocrx_word' id='word_1_261' title='bbox 276 2389 428 2421; x_wconf 83' lang='lat' dir='ltr'>maiores</span> <span class='ocrx_word' id='word_1_262' title='bbox 471 2389 635 2421; x_wconf 86' lang='lat' dir='ltr'>iuvenem</span> <span class='ocrx_word' id='word_1_263' title='bbox 685 2387 845 2419; x_wconf 74' lang='lat' dir='ltr'>didicisse</span> 
     </span>
     <span class='ocr_line' id='line_1_42' title="bbox 132 2435 846 2470; baseline -0.006 -1"><span class='ocrx_word' id='word_1_264' title='bbox 132 2440 311 2469; x_wconf 85' lang='lat' dir='ltr'>oratorum</span> <span class='ocrx_word' id='word_1_265' title='bbox 345 2435 599 2470; x_wconf 86' lang='lat' dir='ltr'>excellentium</span> <span class='ocrx_word' id='word_1_266' title='bbox 638 2435 846 2468; x_wconf 82' lang='lat' dir='ltr'>altercatio-</span> 
     </span>
     <span class='ocr_line' id='line_1_43' title="bbox 134 2484 845 2528; baseline -0.006 -10"><span class='ocrx_word' id='word_1_267' title='bbox 134 2495 197 2518; x_wconf 84' lang='lat' dir='ltr'>nes</span> <span class='ocrx_word' id='word_1_268' title='bbox 235 2484 379 2518; x_wconf 87' lang='lat' dir='ltr'>auribus</span> <span class='ocrx_word' id='word_1_269' title='bbox 431 2485 599 2528; x_wconf 77' lang='lat' dir='ltr'>excipere</span> <span class='ocrx_word' id='word_1_270' title='bbox 652 2492 845 2527; x_wconf 84' lang='lat' dir='ltr'>corumque</span> 
     </span>
     <span class='ocr_line' id='line_1_44' title="bbox 134 2532 846 2579; baseline -0.006 -13"><span class='ocrx_word' id='word_1_271' title='bbox 134 2533 260 2579; x_wconf 85' lang='lat' dir='ltr'>iurgiis</span> <span class='ocrx_word' id='word_1_272' title='bbox 286 2534 475 2571; x_wconf 74' lang='lat' dir='ltr'>interesse,</span> <span class='ocrx_word' id='word_1_273' title='bbox 502 2533 602 2577; x_wconf 88' lang='lat' dir='ltr'>quasi</span> <span class='ocrx_word' id='word_1_274' title='bbox 631 2532 699 2565; x_wconf 92' lang='lat' dir='ltr'>hoc</span> <span class='ocrx_word' id='word_1_275' title='bbox 721 2541 846 2575; x_wconf 86' lang='lat' dir='ltr'>quem·</span> 
     </span>
     <span class='ocr_line' id='line_1_45' title="bbox 134 2581 846 2625; baseline -0.008 -10"><span class='ocrx_word' id='word_1_276' title='bbox 134 2591 238 2625; x_wconf 84' lang='lat' dir='ltr'>qnam</span> <span class='ocrx_word' id='word_1_277' title='bbox 264 2581 466 2614; x_wconf 85' lang='lat' dir='ltr'>mortalium</span> <span class='ocrx_word' id='word_1_278' title='bbox 503 2582 636 2614; x_wconf 83' lang='lat' dir='ltr'>discere</span> <span class='ocrx_word' id='word_1_279' title='bbox 671 2582 846 2622; x_wconf 83' lang='lat' dir='ltr'>oporteat,</span> 
     </span>
     <span class='ocr_line' id='line_1_46' title="bbox 134 2628 848 2673; baseline -0.006 -11"><span class='ocrx_word' id='word_1_280' title='bbox 134 2630 234 2673; x_wconf 81' lang='lat' dir='ltr'>quasi</span> <span class='ocrx_word' id='word_1_281' title='bbox 275 2630 460 2673; x_wconf 86' lang='lat' dir='ltr'>quisquam</span> <span class='ocrx_word' id='word_1_282' title='bbox 502 2628 684 2662; x_wconf 87' lang='lat' dir='ltr'>docendus</span> <span class='ocrx_word' id='word_1_283' title='bbox 727 2628 773 2659; x_wconf 64' lang='lat' dir='ltr'>sit</span> <span class='ocrx_word' id='word_1_284' title='bbox 811 2630 848 2658; x_wconf 83' lang='lat' dir='ltr'>ut</span> 
     </span>
     <span class='ocr_line' id='line_1_47' title="bbox 135 2676 848 2710; baseline -0.004 -1"><span class='ocrx_word' id='word_1_285' title='bbox 135 2676 256 2710; x_wconf 84' lang='lat' dir='ltr'>audiat</span> <span class='ocrx_word' id='word_1_286' title='bbox 279 2677 494 2710; x_wconf 82' lang='lat' dir='ltr'>altercantes</span> <span class='ocrx_word' id='word_1_287' title='bbox 530 2681 564 2709; x_wconf 88' lang='lat' dir='ltr'>et</span> <span class='ocrx_word' id='word_1_288' title='bbox 600 2676 739 2708; x_wconf 82' lang='lat' dir='ltr'>intersit</span> <span class='ocrx_word' id='word_1_289' title='bbox 772 2676 848 2707; x_wconf 89' lang='lat' dir='ltr'>inr-</span> 
     </span>
     <span class='ocr_line' id='line_1_48' title="bbox 136 2722 850 2770; baseline -0.003 -13"><span class='ocrx_word' id='word_1_290' title='bbox 136 2725 205 2770; x_wconf 80' lang='lat' dir='ltr'>giis</span> <span class='ocrx_word' id='word_1_291' title='bbox 232 2734 365 2757; x_wconf 90' lang='lat' dir='ltr'>eorum.</span> <span class='ocrx_word' id='word_1_292' title='bbox 419 2725 605 2758; x_wconf 82' lang='lat' dir='ltr'>Praeterea</span> <span class='ocrx_word' id='word_1_293' title='bbox 642 2725 677 2756; x_wconf 89' lang='lat' dir='ltr'>in</span> <span class='ocrx_word' id='word_1_294' title='bbox 704 2722 850 2768; x_wconf 81' lang='lat' dir='ltr'>vulgata</span> 
     </span>
     <span class='ocr_line' id='line_1_49' title="bbox 136 2771 850 2817; baseline -0.004 -11"><span class='ocrx_word' id='word_1_295' title='bbox 136 2773 326 2816; x_wconf 85' lang='lat' dir='ltr'>repetitum</span> <span class='ocrx_word' id='word_1_296' title='bbox 353 2774 520 2806; x_wconf 78' lang='lat' dir='ltr'>interesse</span> <span class='ocrx_word' id='word_1_297' title='bbox 546 2781 764 2817; x_wconf 83' lang='lat' dir='ltr'>magnopere</span> <span class='ocrx_word' id='word_1_298' title='bbox 790 2771 850 2804; x_wconf 74' lang='lat' dir='ltr'>ot*-</span> 
     </span>
     <span class='ocr_line' id='line_1_50' title="bbox 137 2819 849 2864; baseline -0.007 -9"><span class='ocrx_word' id='word_1_299' title='bbox 137 2820 272 2855; x_wconf 85' lang='lat' dir='ltr'>sendit:</span> <span class='ocrx_word' id='word_1_300' title='bbox 310 2823 491 2855; x_wconf 82' lang='lat' dir='ltr'>interesset</span> <span class='ocrx_word' id='word_1_301' title='bbox 529 2819 634 2864; x_wconf 86' lang='lat' dir='ltr'>paulo</span> <span class='ocrx_word' id='word_1_302' title='bbox 673 2824 753 2863; x_wconf 83' lang='lat' dir='ltr'>post</span> <span class='ocrx_word' id='word_1_303' title='bbox 791 2819 849 2851; x_wconf 84' lang='lat' dir='ltr'>in-</span> 
     </span>
     <span class='ocr_line' id='line_1_51' title="bbox 138 2866 849 2914; baseline -0.004 -12"><span class='ocrx_word' id='word_1_304' title='bbox 138 2876 265 2903; x_wconf 80' lang='lat' dir='ltr'>teresse</span> <span class='ocrx_word' id='word_1_305' title='bbox 317 2870 471 2914; x_wconf 78' lang='lat' dir='ltr'>positum</span> <span class='ocrx_word' id='word_1_306' title='bbox 516 2870 630 2902; x_wconf 78' lang='lat' dir='ltr'>minus</span> <span class='ocrx_word' id='word_1_307' title='bbox 675 2866 849 2901; x_wconf 82' lang='lat' dir='ltr'>odiosum.</span> 
     </span>
     <span class='ocr_line' id='line_1_52' title="bbox 140 2915 851 2963; baseline -0.006 -12"><span class='ocrx_word' id='word_1_308' title='bbox 140 2917 242 2961; x_wconf 87' lang='lat' dir='ltr'>Quod</span> <span class='ocrx_word' id='word_1_309' title='bbox 277 2918 438 2963; x_wconf 85' lang='lat' dir='ltr'>sequitur</span> <span class='ocrx_word' id='word_1_310' title='bbox 471 2923 572 2962; x_wconf 77' lang='lat' dir='ltr'>utque</span> <span class='ocrx_word' id='word_1_311' title='bbox 603 2917 657 2950; x_wconf 85' lang='lat' dir='ltr'>sic</span> <span class='ocrx_word' id='word_1_312' title='bbox 690 2915 851 2956; x_wconf 69' lang='lat' dir='ltr'>dixerim,</span> 
     </span>
    </p>
   </div>
   <div class='ocr_carea' id='block_1_17' title="bbox 910 1856 1632 2952">
    <p class='ocr_par' dir='ltr' id='par_1_17' title="bbox 910 1856 1632 2952">
     <span class='ocr_line' id='line_1_53' title="bbox 910 1856 1623 1903; baseline 0 -13"><span class='ocrx_word' id='word_1_313' title='bbox 910 1868 1070 1903; x_wconf 74' lang='lat' dir='ltr'>puqnare</span> <span class='ocrx_word' id='word_1_314' title='bbox 1097 1857 1134 1890; x_wconf 80' lang='lat' dir='ltr'>in</span> <span class='ocrx_word' id='word_1_315' title='bbox 1159 1857 1292 1902; x_wconf 84' lang='lat' dir='ltr'>proelio</span> <span class='ocrx_word' id='word_1_316' title='bbox 1327 1856 1473 1890; x_wconf 79' lang='lat' dir='ltr'>disceret</span> <span class='ocrx_word' id='word_1_317' title='bbox 1499 1856 1623 1890; x_wconf 88' lang='lat' dir='ltr'>brevi-</span> 
     </span>
     <span class='ocr_line' id='line_1_54' title="bbox 915 1904 1623 1949; baseline -0.003 -10"><span class='ocrx_word' id='word_1_318' title='bbox 915 1911 968 1939; x_wconf 85' lang='lat' dir='ltr'>ter</span> <span class='ocrx_word' id='word_1_319' title='bbox 994 1906 1125 1939; x_wconf 90' lang='lat' dir='ltr'>dictum</span> <span class='ocrx_word' id='word_1_320' title='bbox 1152 1915 1213 1949; x_wconf 85' lang='lat' dir='ltr'>pro</span> <span class='ocrx_word' id='word_1_321' title='bbox 1240 1911 1360 1949; x_wconf 80' lang='lat' dir='ltr'>atque,</span> <span class='ocrx_word' id='word_1_322' title='bbox 1385 1910 1422 1938; x_wconf 80' lang='lat' dir='ltr'>ut</span> <span class='ocrx_word' id='word_1_323' title='bbox 1446 1905 1497 1938; x_wconf 77' lang='lat' dir='ltr'>sic</span> <span class='ocrx_word' id='word_1_324' title='bbox 1523 1904 1623 1937; x_wconf 71' lang='lat' dir='ltr'>disee-</span> 
     </span>
     <span class='ocr_line' id='line_1_55' title="bbox 913 1953 1623 1999; baseline -0.001 -12"><span class='ocrx_word' id='word_1_325' title='bbox 913 1956 1002 1996; x_wconf 81' lang='lat' dir='ltr'>rim,</span> <span class='ocrx_word' id='word_1_326' title='bbox 1038 1964 1198 1999; x_wconf 74' lang='lat' dir='ltr'>puynarc</span> <span class='ocrx_word' id='word_1_327' title='bbox 1234 1956 1272 1987; x_wconf 79' lang='lat' dir='ltr'>in</span> <span class='ocrx_word' id='word_1_328' title='bbox 1298 1953 1433 1998; x_wconf 83' lang='lat' dir='ltr'>proelio</span> <span class='ocrx_word' id='word_1_329' title='bbox 1464 1953 1623 1986; x_wconf 77' lang='lat' dir='ltr'>disceret.</span> 
     </span>
     <span class='ocr_line' id='line_1_56' title="bbox 914 2000 1625 2037; baseline -0.004 -1"><span class='ocrx_word' id='word_1_330' title='bbox 914 2003 973 2036; x_wconf 92' lang='lat' dir='ltr'>Sic</span> <span class='ocrx_word' id='word_1_331' title='bbox 998 2004 1034 2036; x_wconf 90' lang='lat' dir='ltr'>in</span> <span class='ocrx_word' id='word_1_332' title='bbox 1062 2002 1178 2036; x_wconf 87' lang='lat' dir='ltr'>Germ.</span> <span class='ocrx_word' id='word_1_333' title='bbox 1207 2003 1250 2037; x_wconf 71' lang='lat'>22:</span> <span class='ocrx_word' id='word_1_334' title='bbox 1295 2008 1328 2034; x_wconf 87' lang='lat' dir='ltr'>et</span> <span class='ocrx_word' id='word_1_335' title='bbox 1362 2003 1546 2034; x_wconf 75' lang='lat' dir='ltr'>immensas</span> <span class='ocrx_word' id='word_1_336' title='bbox 1566 2000 1625 2033; x_wconf 77' lang='lat' dir='ltr'>ul-</span> 
     </span>
     <span class='ocr_line' id='line_1_57' title="bbox 914 2049 1626 2095; baseline -0.004 -11"><span class='ocrx_word' id='word_1_337' title='bbox 914 2057 990 2092; x_wconf 83' lang='lat' dir='ltr'>tra,</span> <span class='ocrx_word' id='word_1_338' title='bbox 1025 2056 1127 2095; x_wconf 76' lang='lat' dir='ltr'>utque</span> <span class='ocrx_word' id='word_1_339' title='bbox 1162 2051 1213 2083; x_wconf 82' lang='lat' dir='ltr'>sic</span> <span class='ocrx_word' id='word_1_340' title='bbox 1247 2049 1419 2091; x_wconf 70' lang='lat' dir='ltr'>dia-erim,</span> <span class='ocrx_word' id='word_1_341' title='bbox 1462 2049 1626 2082; x_wconf 71' lang='lat' dir='ltr'>adversus</span> 
     </span>
     <span class='ocr_line' id='line_1_58' title="bbox 915 2097 1625 2142; baseline -0.004 -10"><span class='ocrx_word' id='word_1_342' title='bbox 915 2099 1076 2132; x_wconf 81' lang='lat' dir='ltr'>Oceanus</span> <span class='ocrx_word' id='word_1_343' title='bbox 1103 2107 1165 2142; x_wconf 84' lang='lat' dir='ltr'>pro</span> <span class='ocrx_word' id='word_1_344' title='bbox 1192 2103 1223 2131; x_wconf 87' lang='lat' dir='ltr'>et</span> <span class='ocrx_word' id='word_1_345' title='bbox 1248 2099 1431 2131; x_wconf 77' lang='lat' dir='ltr'>immensus</span> <span class='ocrx_word' id='word_1_346' title='bbox 1454 2097 1549 2130; x_wconf 77' lang='lat' dir='ltr'>ultra</span> <span class='ocrx_word' id='word_1_347' title='bbox 1568 2102 1625 2130; x_wconf 83' lang='lat' dir='ltr'>at-</span> 
     </span>
     <span class='ocr_line' id='line_1_59' title="bbox 914 2145 1624 2191; baseline -0.006 -10"><span class='ocrx_word' id='word_1_348' title='bbox 914 2159 989 2191; x_wconf 80' lang='lat' dir='ltr'>que,</span> <span class='ocrx_word' id='word_1_349' title='bbox 1015 2153 1051 2180; x_wconf 81' lang='lat' dir='ltr'>ut</span> <span class='ocrx_word' id='word_1_350' title='bbox 1073 2148 1125 2180; x_wconf 84' lang='lat' dir='ltr'>sic</span> <span class='ocrx_word' id='word_1_351' title='bbox 1151 2147 1311 2187; x_wconf 72' lang='lat' dir='ltr'>dixerim,</span> <span class='ocrx_word' id='word_1_352' title='bbox 1342 2146 1507 2178; x_wconf 76' lang='lat' dir='ltr'>(adversus</span> <span class='ocrx_word' id='word_1_353' title='bbox 1533 2145 1624 2177; x_wconf 85' lang='lat' dir='ltr'>Oce-</span> 
     </span>
     <span class='ocr_line' id='line_1_60' title="bbox 914 2192 1624 2236; baseline -0.007 -8"><span class='ocrx_word' id='word_1_354' title='bbox 914 2207 1014 2228; x_wconf 81' lang='lat' dir='ltr'>anus.</span> <span class='ocrx_word' id='word_1_355' title='bbox 1057 2194 1212 2228; x_wconf 82' lang='lat' dir='ltr'>Orellius</span> <span class='ocrx_word' id='word_1_356' title='bbox 1240 2195 1293 2236; x_wconf 90' lang='lat' dir='ltr'>(in</span> <span class='ocrx_word' id='word_1_357' title='bbox 1321 2192 1492 2236; x_wconf 83' lang='lat' dir='ltr'>singulari</span> <span class='ocrx_word' id='word_1_358' title='bbox 1521 2192 1624 2224; x_wconf 86' lang='lat' dir='ltr'>huius</span> 
     </span>
     <span class='ocr_line' id='line_1_61' title="bbox 913 2239 1623 2286; baseline -0.007 -11"><span class='ocrx_word' id='word_1_359' title='bbox 913 2243 1047 2286; x_wconf 85' lang='lat' dir='ltr'>dialogi</span> <span class='ocrx_word' id='word_1_360' title='bbox 1062 2243 1239 2284; x_wconf 79' lang='lat' dir='ltr'>editione)</span> <span class='ocrx_word' id='word_1_361' title='bbox 1255 2245 1288 2272; x_wconf 88' lang='lat' dir='ltr'>et</span> <span class='ocrx_word' id='word_1_362' title='bbox 1301 2239 1502 2272; x_wconf 76' lang='lat' dir='ltr'>waltherus</span> <span class='ocrx_word' id='word_1_363' title='bbox 1518 2249 1623 2282; x_wconf 86' lang='lat' dir='ltr'>prae-</span> 
     </span>
     <span class='ocr_line' id='line_1_62' title="bbox 913 2286 1624 2322; baseline -0.006 0"><span class='ocrx_word' id='word_1_364' title='bbox 913 2291 1075 2322; x_wconf 81' lang='lat' dir='ltr'>stantiam</span> <span class='ocrx_word' id='word_1_365' title='bbox 1094 2294 1128 2321; x_wconf 76' lang='lat' dir='ltr'>et</span> <span class='ocrx_word' id='word_1_366' title='bbox 1140 2289 1324 2321; x_wconf 66' lang='lat' dir='ltr'>veritatem</span> <span class='ocrx_word' id='word_1_367' title='bbox 1338 2286 1485 2319; x_wconf 86' lang='lat' dir='ltr'>huiusce</span> <span class='ocrx_word' id='word_1_368' title='bbox 1500 2296 1624 2320; x_wconf 81' lang='lat' dir='ltr'>enien-</span> 
     </span>
     <span class='ocr_line' id='line_1_63' title="bbox 913 2333 1625 2370; baseline -0.003 -1"><span class='ocrx_word' id='word_1_369' title='bbox 913 2337 1066 2370; x_wconf 86' lang='lat' dir='ltr'>dationis</span> <span class='ocrx_word' id='word_1_370' title='bbox 1104 2346 1173 2369; x_wconf 90' lang='lat' dir='ltr'>non</span> <span class='ocrx_word' id='word_1_371' title='bbox 1212 2334 1477 2368; x_wconf 79' lang='lat' dir='ltr'>intellexerunt.</span> <span class='ocrx_word' id='word_1_372' title='bbox 1531 2333 1625 2367; x_wconf 81' lang='lat' dir='ltr'>ttaec</span> 
     </span>
     <span class='ocr_line' id='line_1_64' title="bbox 914 2380 1618 2426; baseline -0.004 -9"><span class='ocrx_word' id='word_1_373' title='bbox 914 2396 931 2417; x_wconf 89' lang='lat' dir='ltr'>a</span> <span class='ocrx_word' id='word_1_374' title='bbox 961 2396 1015 2417; x_wconf 81' lang='lat' dir='ltr'>inc</span> <span class='ocrx_word' id='word_1_375' title='bbox 1054 2383 1138 2417; x_wconf 89' lang='lat' dir='ltr'>olim</span> <span class='ocrx_word' id='word_1_376' title='bbox 1173 2385 1207 2416; x_wconf 91' lang='lat' dir='ltr'>in</span> <span class='ocrx_word' id='word_1_377' title='bbox 1242 2382 1506 2426; x_wconf 83' lang='lat' dir='ltr'>compendiaria</span> <span class='ocrx_word' id='word_1_378' title='bbox 1546 2380 1618 2415; x_wconf 82' lang='lat' dir='ltr'>edi-</span> 
     </span>
     <span class='ocr_line' id='line_1_65' title="bbox 915 2430 1625 2474; baseline -0.003 -10"><span class='ocrx_word' id='word_1_379' title='bbox 915 2434 1011 2465; x_wconf 88' lang='lat' dir='ltr'>tione</span> <span class='ocrx_word' id='word_1_380' title='bbox 1037 2436 1204 2464; x_wconf 83' lang='lat' dir='ltr'>annotata</span> <span class='ocrx_word' id='word_1_381' title='bbox 1225 2430 1394 2464; x_wconf 83' lang='lat' dir='ltr'>Orellium</span> <span class='ocrx_word' id='word_1_382' title='bbox 1423 2440 1516 2463; x_wconf 91' lang='lat' dir='ltr'>nunc</span> <span class='ocrx_word' id='word_1_383' title='bbox 1541 2439 1625 2474; x_wconf 86' lang='lat' dir='ltr'>per-</span> 
     </span>
     <span class='ocr_line' id='line_1_66' title="bbox 916 2478 1625 2521; baseline -0.006 -8"><span class='ocrx_word' id='word_1_384' title='bbox 916 2484 1114 2521; x_wconf 86' lang='lat' dir='ltr'>moverunt,</span> <span class='ocrx_word' id='word_1_385' title='bbox 1142 2484 1179 2512; x_wconf 87' lang='lat' dir='ltr'>ut</span> <span class='ocrx_word' id='word_1_386' title='bbox 1197 2483 1327 2513; x_wconf 88' lang='lat' dir='ltr'>certam</span> <span class='ocrx_word' id='word_1_387' title='bbox 1343 2478 1625 2512; x_wconf 84' lang='lat' dir='ltr'>emendationem</span> 
     </span>
     <span class='ocr_line' id='line_1_67' title="bbox 916 2527 1623 2568; baseline -0.008 -6"><span class='ocrx_word' id='word_1_388' title='bbox 916 2532 950 2562; x_wconf 91' lang='lat' dir='ltr'>in</span> <span class='ocrx_word' id='word_1_389' title='bbox 979 2528 1166 2562; x_wconf 82' lang='lat' dir='ltr'>verborum</span> <span class='ocrx_word' id='word_1_390' title='bbox 1206 2532 1409 2560; x_wconf 84' lang='lat' dir='ltr'>contextum</span> <span class='ocrx_word' id='word_1_391' title='bbox 1436 2527 1623 2568; x_wconf 83' lang='lat' dir='ltr'>reciperet.</span> 
     </span>
     <span class='ocr_line' id='line_1_68' title="bbox 917 2574 1626 2610; baseline -0.01 0"><span class='ocrx_word' id='word_1_392' title='bbox 917 2576 1169 2610; x_wconf 85' lang='lat' dir='ltr'>Doederlinius</span> <span class='ocrx_word' id='word_1_393' title='bbox 1211 2575 1405 2608; x_wconf 76' lang='lat' dir='ltr'>infinitivos</span> <span class='ocrx_word' id='word_1_394' title='bbox 1438 2574 1549 2606; x_wconf 83' lang='lat' dir='ltr'>tenuit</span> <span class='ocrx_word' id='word_1_395' title='bbox 1592 2575 1626 2605; x_wconf 87' lang='lat' dir='ltr'>et</span> 
     </span>
     <span class='ocr_line' id='line_1_69' title="bbox 917 2621 1625 2668; baseline -0.01 -10"><span class='ocrx_word' id='word_1_396' title='bbox 917 2624 1099 2668; x_wconf 86' lang='lat' dir='ltr'>supplevit</span> <span class='ocrx_word' id='word_1_397' title='bbox 1131 2624 1278 2665; x_wconf 83' lang='lat' dir='ltr'>soleret,</span> <span class='ocrx_word' id='word_1_398' title='bbox 1317 2622 1408 2666; x_wconf 87' lang='lat' dir='ltr'>quod</span> <span class='ocrx_word' id='word_1_399' title='bbox 1446 2621 1520 2653; x_wconf 79' lang='lat' dir='ltr'>lieri</span> <span class='ocrx_word' id='word_1_400' title='bbox 1558 2629 1625 2652; x_wconf 82' lang='lat' dir='ltr'>ne-</span> 
     </span>
     <span class='ocr_line' id='line_1_70' title="bbox 918 2669 1625 2718; baseline -0.01 -13"><span class='ocrx_word' id='word_1_401' title='bbox 918 2674 1003 2718; x_wconf 85' lang='lat' dir='ltr'>quit.</span> <span class='ocrx_word' id='word_1_402' title='bbox 1063 2672 1250 2706; x_wconf 72' lang='lat' dir='ltr'>iuncum-ae</span> <span class='ocrx_word' id='word_1_403' title='bbox 1290 2669 1385 2703; x_wconf 84' lang='lat' dir='ltr'>illins</span> <span class='ocrx_word' id='word_1_404' title='bbox 1420 2674 1520 2711; x_wconf 78' lang='lat' dir='ltr'>utque</span> <span class='ocrx_word' id='word_1_405' title='bbox 1563 2676 1625 2709; x_wconf 84' lang='lat' dir='ltr'>pro</span> 
     </span>
     <span class='ocr_line' id='line_1_71' title="bbox 918 2714 1627 2764; baseline -0.011 -10"><span class='ocrx_word' id='word_1_406' title='bbox 918 2727 1043 2764; x_wconf 82' lang='lat' dir='ltr'>atque,</span> <span class='ocrx_word' id='word_1_407' title='bbox 1079 2727 1115 2753; x_wconf 80' lang='lat' dir='ltr'>ut</span> <span class='ocrx_word' id='word_1_408' title='bbox 1149 2717 1311 2760; x_wconf 79' lang='lat' dir='ltr'>exempla</span> <span class='ocrx_word' id='word_1_409' title='bbox 1346 2714 1437 2760; x_wconf 80' lang='lat' dir='ltr'>apud</span> <span class='ocrx_word' id='word_1_410' title='bbox 1470 2714 1627 2748; x_wconf 87' lang='lat' dir='ltr'>Tacitum</span> 
     </span>
     <span class='ocr_line' id='line_1_72' title="bbox 919 2761 1628 2813; baseline -0.011 -11"><span class='ocrx_word' id='word_1_411' title='bbox 919 2774 1104 2813; x_wconf 86' lang='lat' dir='ltr'>praeterea</span> <span class='ocrx_word' id='word_1_412' title='bbox 1132 2767 1220 2800; x_wconf 85' lang='lat' dir='ltr'>haec</span> <span class='ocrx_word' id='word_1_413' title='bbox 1246 2765 1390 2804; x_wconf 76' lang='lat' dir='ltr'>notavi,</span> <span class='ocrx_word' id='word_1_414' title='bbox 1426 2764 1459 2795; x_wconf 92' lang='lat' dir='ltr'>in</span> <span class='ocrx_word' id='word_1_415' title='bbox 1488 2762 1554 2795; x_wconf 84' lang='lat' dir='ltr'>hoc</span> <span class='ocrx_word' id='word_1_416' title='bbox 1581 2761 1628 2795; x_wconf 88' lang='lat' dir='ltr'>li-</span> 
     </span>
     <span class='ocr_line' id='line_1_73' title="bbox 921 2810 1628 2856; baseline -0.011 -7"><span class='ocrx_word' id='word_1_417' title='bbox 921 2818 982 2849; x_wconf 85' lang='lat' dir='ltr'>bro</span> <span class='ocrx_word' id='word_1_418' title='bbox 1011 2827 1041 2849; x_wconf 88' lang='lat' dir='ltr'>c.</span> <span class='ocrx_word' id='word_1_419' title='bbox 1075 2817 1138 2848; x_wconf 74' lang='lat'>14:</span> <span class='ocrx_word' id='word_1_420' title='bbox 1175 2813 1330 2847; x_wconf 79' lang='lat' dir='ltr'>Materni</span> <span class='ocrx_word' id='word_1_421' title='bbox 1363 2822 1426 2856; x_wconf 83' lang='lat' dir='ltr'>pro</span> <span class='ocrx_word' id='word_1_422' title='bbox 1457 2810 1628 2843; x_wconf 82' lang='lat' dir='ltr'>carmini-</span> 
     </span>
     <span class='ocr_line' id='line_1_74' title="bbox 921 2856 1632 2904; baseline -0.011 -7"><span class='ocrx_word' id='word_1_423' title='bbox 921 2865 980 2897; x_wconf 81' lang='lat' dir='ltr'>bus</span> <span class='ocrx_word' id='word_1_424' title='bbox 1005 2863 1076 2896; x_wconf 82' lang='lat' dir='ltr'>suis</span> <span class='ocrx_word' id='word_1_425' title='bbox 1102 2862 1208 2902; x_wconf 82' lang='lat' dir='ltr'>laeta,</span> <span class='ocrx_word' id='word_1_426' title='bbox 1234 2867 1335 2904; x_wconf 80' lang='lat' dir='ltr'>utque</span> <span class='ocrx_word' id='word_1_427' title='bbox 1353 2864 1473 2904; x_wconf 86' lang='lat' dir='ltr'>poetas</span> <span class='ocrx_word' id='word_1_428' title='bbox 1491 2856 1632 2902; x_wconf 75' lang='lat' dir='ltr'>defendi</span> 
     </span>
     <span class='ocr_line' id='line_1_75' title="bbox 921 2903 1630 2952; baseline -0.01 -7"><span class='ocrx_word' id='word_1_429' title='bbox 921 2911 1074 2952; x_wconf 84' lang='lat' dir='ltr'>decebat,</span> <span class='ocrx_word' id='word_1_430' title='bbox 1101 2909 1286 2943; x_wconf 80' lang='lat' dir='ltr'>audentior</span> <span class='ocrx_word' id='word_1_431' title='bbox 1312 2908 1437 2942; x_wconf 83' lang='lat' dir='ltr'>oratio.</span> <span class='ocrx_word' id='word_1_432' title='bbox 1467 2906 1508 2940; x_wconf 86' lang='grc' dir='ltr'>Η.</span> <span class='ocrx_word' id='word_1_433' title='bbox 1531 2908 1546 2939; x_wconf 94' lang='grc'>1</span> <span class='ocrx_word' id='word_1_434' title='bbox 1564 2903 1630 2939; x_wconf 85' lang='lat'>39:</span> 
     </span>
    </p>
   </div>
  </div>
 </body>
</html>
