1768 3216
155 208 228 251 188
707 214 768 252 DE
796 214 1080 253 ORATORlBVS

156 328 295 382 cisset,
329 335 449 383 atque
480 329 521 370 id
553 329 685 384 ipsum
715 332 907 388 delectat,
938 335 1046 389 quod
1078 347 1168 388 vos,
1203 335 1282 376 viri
1303 334 1445 389 optimi
1467 338 1508 377 et
1529 339 1639 378 tem-

151 414 295 457 porum
327 408 562 447 nostrorum
594 410 798 460 oratores,
834 420 917 450 non
950 409 1186 452 forensibus
1215 414 1370 453 tantum
1398 411 1579 466 negotii-s
1599 414 1640 452 et

151 476 446 519 declamatorio
477 479 614 521 studio
646 481 815 536 ingenia
850 488 988 525 vestra
1033 485 1267 538 exercetis,
1318 485 1393 527 sed
1434 484 1641 527 eiusmodi

150 550 272 593 etiam
304 551 602 605 disputationes
634 555 863 610 adsumitis,
897 570 1002 612 quae
1033 563 1073 600 et
1104 559 1317 614 ingenium
1349 559 1463 602 alunt
1482 563 1523 601 et
1543 570 1643 602 eru-

115 623 318 667 >‘ditionis
349 639 398 668 ac
428 628 655 671 litterarum
688 631 1031 674 iucundissimum
1063 634 1408 676 oblectamentum
1440 646 1533 676 cum
1559 646 1641 676 vo-

147 698 235 752 bis,
279 701 347 754 qui
380 701 446 743 illa
479 703 721 758 disputatis,
773 705 991 760 adferunt,
1036 711 1118 749 tum
1151 709 1274 750 etiam
1306 709 1357 751 iis
1389 708 1440 751 ad
1467 720 1641 763 quorum

147 786 270 818 aures
301 778 579 828 pervenerint.
641 780 782 834 Itaque
824 780 966 823 hercle
1007 793 1090 823 non
1134 782 1268 824 minus
1307 783 1476 837 probari
1517 782 1641 825 video

146 847 189 891 in
219 852 282 901 te,
326 850 543 903 Secunde,
582 854 691 907 quod
723 855 812 896 Iulii
841 855 1017 899 Asiatici
1047 857 1171 899 vitam
1206 857 1494 911 componendo
1527 869 1641 912 spem

145 921 380 966 hominibus
413 925 548 968 fecisti
578 928 754 981 plurium
787 930 992 972 eiusmodi
1023 931 1245 984 librorum,
1288 944 1409 986 quam
1439 932 1481 974 in
1509 932 1638 986 Apro,

94 1002 133 1035 ιο
146 998 256 1053 quod
287 999 471 1043 nondum
503 1001 553 1042 ab
583 1002 846 1045 scholasticis
880 1006 1179 1047 controversiis
1211 1006 1388 1048 recessit
1431 1010 1472 1048 et
1513 1007 1641 1049 otium

143 1084 261 1115 suum
292 1075 444 1117 mavult
475 1088 674 1119 novorum
706 1079 918 1121 rethorum
943 1091 1057 1122 more
1084 1092 1204 1136 quam
1222 1085 1408 1123 veterum
1427 1084 1639 1124 oratorum

144 1159 404 1193 consumere.

274 1223 373 1265 Tum
391 1224 517 1278 Aper,
550 1226 640 1267 Non
662 1226 833 1279 desinis,
853 1228 1046 1281 Messala,
1069 1233 1212 1270 vetera
1235 1233 1387 1270 tantum
1409 1233 1449 1271 et
1468 1230 1637 1284 antiqua
1654 1231 1709 1272 15

142 1297 299 1350 mirari,
334 1303 569 1342 nostrorum
601 1304 736 1343 autem
768 1305 999 1357 temporum
1026 1303 1161 1345 studia
1189 1303 1373 1346 inridere
1394 1308 1515 1358 atque
1533 1316 1640 1346 con-

236 1438 271 1473 4,
298 1450 423 1473 assum.
451 1440 486 1475 P.
563 1443 595 1478 5.
626 1454 701 1476 cum
729 1452 786 1476 om
815 1443 853 1485 F,
882 1453 952 1478 non
979 1444 1016 1479 P.
1082 1445 1115 1480 6.
1145 1445 1214 1479 ista
1239 1444 1282 1479 ab
1309 1444 1356 1479 al.
1386 1455 1432 1479 m.
1460 1454 1636 1490 superscr.

139 1485 205 1520 illa
231 1491 266 1520 et
293 1499 325 1522 v.
353 1489 421 1522 isca
450 1492 590 1533 punctis
616 1491 806 1524 subnotato
833 1491 877 1525 P:
905 1493 975 1526 iam
1001 1492 1038 1526 F.
1127 1493 1167 1528 tvi
1195 1494 1348 1539 afferunt
1373 1492 1455 1539 (sed
1481 1494 1517 1528 ea
1543 1504 1637 1538 pun-

140 1535 207 1571 ctis
230 1536 476 1580 subnotatum)
504 1538 538 1574 P.
638 1540 681 1573 iis
706 1539 731 1573 P
760 1542 850 1584 (non
877 1540 930 1575 his
956 1552 976 1574 a
997 1541 1137 1575 Trossio
1162 1545 1389 1587 expressum)
1417 1545 1453 1576 et
1477 1540 1517 1576 F.
1601 1543 1636 1577 7.

138 1583 257 1619 hercle
283 1584 331 1619 P:
361 1585 502 1620 hercule
530 1592 670 1622 veteres
699 1587 887 1623 editiones.
988 1590 1021 1624 9.
1048 1589 1238 1635 plurimum
1264 1589 1302 1632 F,
1330 1599 1401 1623 non
1432 1589 1468 1624 P.
1573 1591 1627 1626 10.

140 1631 183 1666 ab
211 1631 258 1667 P:
287 1645 309 1667 a
335 1639 478 1668 veteres
506 1635 561 1670 ed.
710 1638 764 1672 12.
791 1637 1075 1674 consuetudmere
1114 1637 1249 1672 lineola
1274 1638 1474 1672 subnotatis
1501 1638 1632 1673 litteris

142 1680 221 1716 elud
247 1681 283 1717 P.
363 1684 414 1718 13.
445 1694 516 1717 non
546 1684 589 1718 l':
618 1684 644 1719 F
672 1695 763 1720 num.

139 1809 236 1843 ribus
262 1809 441 1845 distincta.
491 1812 586 1847 Infra
614 1815 717 1860 (202
745 1814 851 1848 laeti-

138 1858 223 1892 tiam
246 1859 459 1904 nitoremque
497 1868 696 1896 nostrorum
720 1869 852 1908 tempo-

138 1917 216 1940 rum
241 1908 460 1952 exprimeret.
499 1910 552 1944 De
578 1916 679 1954 utque
709 1922 771 1955 pro
793 1918 849 1944 at-

139 1965 215 1998 que,
243 1961 278 1988 ut
306 1957 422 1999 posito
450 1967 482 1990 v.
511 1958 554 1991 ad
584 1970 614 1992 c.
633 1959 692 1994 34.
790 1959 852 1992 de-

139 2001 347 2036 clamatorio
372 2005 506 2038 studio.-
535 2006 622 2039 dicit
647 2007 854 2040 declaman-

139 2049 175 2083 di
199 2050 353 2085 studium
381 2055 643 2087 controversias
671 2060 705 2088 et
724 2066 852 2088 suaso-

137 2098 208 2131 rias
234 2099 270 2131 in
296 2099 430 2133 scholis
459 2101 653 2134 rhetorum.

549 2171 666 2206 levius
702 2183 850 2206 asseve-

136 2220 201 2259 rat,
230 2217 380 2251 Hercule
408 2221 573 2264 gravius;
604 2219 692 2254 illud
718 2220 849 2254 adver-

134 2265 252 2307 bium,
294 2266 362 2300 hoc
392 2269 545 2301 numinis
572 2269 754 2302 invocatio
783 2274 849 2302 est.

135 2313 175 2347 In
202 2312 270 2347 hoc
299 2314 389 2348 libro
428 2321 613 2361 utrumque
651 2327 714 2360 pro
751 2319 850 2350 varia

135 2363 309 2395 sermonis
340 2365 451 2397 fot-:na
478 2365 622 2410 legitur.

208 2168 325 2203 hercle
337 2182 348 2202 .·
390 2170 506 2204 hercle

207 2433 294 2466 Iulli
316 2434 467 2468 Asiatici
491 2436 621 2468 vitam:
659 2436 751 2469 hunc
779 2446 848 2468 non

135 2479 244 2514 alium
280 2481 391 2516 fuisse
433 2488 539 2527 atque
579 2484 774 2517 Asiaticum
813 2485 848 2517 in

134 2527 283 2562 ducibus
302 2529 493 2563 Galliarum
520 2533 578 2575 qui
607 2542 685 2564 curn
703 2532 850 2566 vindice

133 2576 331 2611 bellassent
365 2578 405 2612 Η.
435 2578 465 2612 11
496 2579 544 2614 94
583 2584 847 2622 enumeratum,

134 2624 218 2659 hinc
245 2626 441 2660 verisimile
468 2628 561 2671 quod
580 2627 688 2660 lulius
709 2627 848 2661 Secun-

134 2673 198 2706 dus
226 2679 261 2707 et
287 2675 364 2719 ipse
391 2686 435 2708 ex
462 2674 572 2709 Gallis
604 2680 702 2708 ortus
732 2675 846 2719 (conf.

134 2727 253 2756 annot.
283 2723 327 2756 ad
353 2734 429 2767 cap.
458 2725 500 2769 2)
532 2725 639 2757 vitam
663 2722 847 2767 popularis

133 2771 188 2804 sui
218 2772 469 2815 composuerit.

181 2841 224 2874 ab
245 2841 463 2876 scholasticis
480 2843 744 2877 controversiis:
759 2851 848 2876 con-

133 2891 325 2923 troversias
368 2895 502 2924 tantum
542 2893 729 2933 nominat,
776 2901 847 2924 non

134 2936 241 2972 etiam
280 2939 480 2983 suasorias,
523 2940 618 2986 quod
651 2939 720 2974 hae
756 2945 847 2974 cam-

920 1826 1023 1859 quam
1047 1815 1195 1849 leviores
1232 1819 1263 1847 et
1289 1813 1402 1847 minus
1425 1813 1636 1859 prudentiae

920 1865 1096 1909 exigentes
1130 1863 1251 1909 pueris
1280 1861 1505 1907 delegantur,
1548 1873 1636 1895 con-

919 1913 1112 1946 troversiae
1146 1910 1397 1945 robustioribus
1438 1909 1635 1955 adsiqnan-

920 1967 976 1994 tur
1003 1959 1064 2005 (Ο.
1092 1961 1172 2006 35).

1009 2064 1111 2096 quam
1153 2058 1307 2086 veterum
1347 2057 1554 2085 oratorum:
1599 2051 1633 2085 hi

920 2111 998 2133 cuni
1024 2101 1092 2144 ipsi
1120 2110 1245 2133 causas
1270 2109 1341 2133 non
1368 2099 1534 2145 agebant,
1563 2109 1635 2132 non

919 2148 1080 2182 rhetores
1118 2149 1154 2182 in
1181 2147 1306 2181 schola
1340 2147 1404 2181 sed
1430 2147 1522 2181 alios
1549 2157 1635 2181 ora-

919 2201 1013 2230 tores
1042 2198 1076 2230 in
1104 2197 1182 2230 foro
1210 2201 1246 2228 et
1272 2196 1307 2229 in
1335 2195 1478 2229 iudiciis
1503 2195 1632 2229 audie-

920 2245 1023 2287 bant,
1062 2244 1180 2278 aliena
1214 2244 1461 2287 experimenta
1494 2253 1635 2290 cogno-

918 2293 1085 2335 scebant3
1114 2293 1159 2326 cf.
1189 2303 1219 2325 c.
1244 2293 1303 2326 34.

992 2388 1076 2432 Cap.
1107 2389 1162 2423 15.
1205 2388 1333 2433 fratris
1362 2389 1437 2421 tui:
1476 2389 1506 2421 is
1535 2389 1636 2432 prin-

919 2438 998 2479 cipe
1036 2435 1177 2470 Nerone
1204 2436 1297 2470 male
1335 2445 1419 2469 usus
1455 2436 1634 2482 eloquen-

919 2485 968 2517 tia
993 2484 1194 2518 delationes
1222 2484 1409 2526 factitavit,
1440 2494 1523 2518 mox
1553 2486 1634 2528 pie-

918 2536 990 2565 tate
1029 2532 1147 2565 fratris
1183 2537 1366 2575 protectus
1403 2531 1464 2576 (H.
1494 2533 1541 2565 IV
1567 2532 1633 2575 42)

918 2581 1120 2625 graviorem
1147 2590 1297 2624 poenam
1333 2579 1486 2625 effugit,
1522 2584 1561 2613 ut
1586 2579 1634 2613 li-

917 2633 974 2662 cet
1001 2628 1176 2674 colligere
1220 2633 1292 2661 tum
1333 2638 1378 2661 ex
1421 2627 1475 2661 his
1512 2627 1634 2662 verbis

918 2681 990 2709 tum
1018 2688 1061 2710 ex
1089 2676 1251 2710 versibus
1279 2675 1450 2709 Martialis
1477 2675 1521 2709 ad
1547 2675 1633 2709 Gal-

917 2724 989 2757 lum
1017 2724 1192 2769 quendam
1230 2723 1446 2758 irridendum
1486 2733 1635 2768 compo-

916 2773 994 2805 sitis
1021 2772 1069 2806 lv
1103 2774 1145 2807 16
1171 2775 1212 2807 5:

918 2843 1070 2888 Maqnus
1096 2842 1139 2875 ab
1165 2843 1316 2888 infernis
1342 2849 1525 2877 revocetur
1553 2842 1634 2877 Tul-

1239 2891 1306 2926 lius
1330 2891 1482 2934 umbris,

966 2943 998 2972 et
1022 2944 1052 2972 te
1080 2939 1244 2984 defendat
1262 2939 1416 2986 Reyulus
1441 2940 1514 2987 ipse
1540 2939 1631 2992 licet,
