1768 3216
755 214 1015 250 AGRICOLAE
1424 227 1454 251 a.
1482 225 1518 251 u.
1544 214 1629 251 846.

143 219 215 265 ιω

268 334 378 376 Finis
409 333 518 374 vitae
548 332 636 374 eius
668 332 791 374 nobis
811 331 1038 385 luctuosus,
1071 332 1216 374 amicis
1236 332 1383 385 tristis,
1413 332 1624 376 extraneis
1640 340 1698 381 43

134 409 256 451 etiam
286 407 522 461 ignotisque
561 418 646 447 non
675 407 767 449 sine
801 419 900 448 cura
934 407 1020 448 suit.
1093 407 1249 462 Vulgus
1291 419 1455 461 quoque
1492 407 1629 449 ethic

133 482 242 524 aliud
269 492 399 535 agens
430 481 603 534 populus
636 486 677 522 et
705 481 964 524 ventitavere
992 482 1044 523 ad
1076 481 1241 523 domum
1273 485 1314 523 et
1343 494 1418 536 per
1459 481 1552 524 fora
1588 485 1636 526 et·

133 555 314 597 circulos
347 555 475 596 locuti
505 560 621 606 sunt3
648 567 728 597 nec
756 556 971 610 quisquam
1004 556 1142 598 audita
1163 560 1295 598 morte
1314 555 1542 611 Agricolae
1561 559 1631 601 aut

100 629 306 672 §laetatus
337 634 422 681 est,
469 634 537 671 aut
577 631 712 672 statim
744 631 894 672 oblitus
927 634 1002 672 est.
1081 630 1276 686 Augebat
1318 628 1629 673 miSerationem

133 708 330 757 constans
359 716 502 746 rumor
534 715 699 746 veneno
746 705 1036 758 interceptum.
1107 705 1238 747 Nobis
1281 705 1384 746 nihil
1425 705 1628 759 comperti

131 778 290 830 quodve
332 778 552 820 adfirmare
591 780 736 820 ausim.
810 779 1000 821 Ceterum
1042 791 1117 833 per
1157 791 1321 822 omnem
1362 779 1631 839 valitudinem

130 852 234 904 eius,
267 852 455 893 crebrius
488 865 609 906 quam
637 866 690 895 ex
718 865 835 895 more
864 854 1118 907 principatus
1145 866 1221 907 per
1251 854 1420 895 nuntios
1440 853 1633 906 visentis,

130 930 170 967 et
198 926 440 968 libertorum
470 927 592 980 primi
622 932 662 968 et
694 928 951 969 medicorum
996 928 1127 970 intimi
1169 941 1353 980 venere,
1401 928 1494 970 sive
1531 939 1631 970 cura

79 999 230 1042 millud
262 1001 352 1042 sive
380 1001 590 1054 inquisitio
623 1006 724 1043 erat.
785 1002 986 1056 Supremo
1016 1003 1182 1055 quidem
1216 1003 1284 1044 die
1313 1007 1520 1045 momenta
1541 1003 1630 1057 ipsa

226 1140 259 1174 3.
287 1140 378 1174 alius
404 1152 511 1186 agens
540 1141 768 1177 Puteolanus.
846 1143 880 1178 4.
907 1155 971 1188 per
998 1144 1149 1178 circulos
1177 1146 1220 1179 Δ.
1314 1144 1348 1180 6.
1375 1144 1475 1179 'uobis
1500 1144 1570 1180 litt.
1600 1156 1626 1178 n

131 1198 307 1232 superscr.
336 1201 355 1222 υ
382 1191 423 1224 s:
450 1190 547 1223 uobis
574 1190 803 1224 Puteolanus.
882 1192 914 1225 7.
943 1192 1074 1236 quodve
1100 1191 1258 1227 additum
1286 1192 1330 1228 ab
1359 1193 1508 1228 editore.
1591 1193 1627 1233 8.

130 1237 282 1270 viset-icis
307 1238 348 1271 A.
494 1238 548 1273 10.
577 1240 654 1284 ipsa
679 1248 735 1272 om
761 1238 991 1283 Puteolanus,
1019 1250 1092 1274 non
1120 1241 1192 1275 ΓΔ.

203 1355 287 1401 Cap.
317 1357 376 1393 43.
406 1360 584 1393 πίνακάς
610 1361 714 1394 etiam
738 1363 844 1406 iyno..

127 1405 236 1449 lisque
271 1417 343 1438 non
377 1407 451 1439 sine
492 1419 601 1442 cura:
645 1410 843 1444 verisimile

129 1457 182 1487 est
196 1453 240 1487 ad
257 1454 351 1487 hunc
364 1454 569 1500 Agricolam
590 1457 842 1492 celebrandum

130 1502 346 1546 epigramma
358 1502 532 1547 Antiphili
548 1506 729 1539 cuiusdam
743 1517 842 1540 com-

128 1550 400 1592 positum‘esse
433 1551 630 1599 Antholog.
657 1554 767 1589 P'alat.
796 1555 842 1589 lX

129 1597 219 1633 549:

127 1671 320 1717 Κρηναῖαι
347 1671 508 1717 λιβάδες,
539 1676 574 1708 τί
599 1670 839 1721 πεφεύγαιες
892 1702 898 1705 -

395 1721 471 1756 ποῦ
495 1721 611 1758 τόσον
636 1721 764 1770 ὕδωρς

173 1768 228 1804 τίς
258 1762 354 1813 φλὸξ
389 1767 554 1810 ἀενάους
579 1772 734 1818 ἔσβεσεν
775 1770 840 1816 ἤδ-

398 1818 505 1861 λίου;

125 1862 323 1910 Λάκρυσιν
349 1862 578 1912 ’Λγρικόλαο
612 1867 837 1916 τετρύμεθα·

396 1915 477 1950 πᾶν
504 1913 637 1951 δ’δ’σον
662 1916 753 1963 ἡμῖν

173 1954 218 2002 ἦν
243 1960 375 2003 ποιόν,
405 1963 424 2004 ἤ
456 1965 585 1999 κείνου
616 1962 733 2012 διψάς
760 1967 838 2011 ἔχει

395 2010 547 2054 σποδιή.

191 2076 312 2121 vulqus
336 2089 466 2123 quoque
492 2086 522 2113 et
542 2080 600 2115 hic
616 2081 715 2116 aliud
731 2093 839 2128 agrens

122 2124 294 2169 populus:
333 2126 392 2160 hic
418 2127 516 2161 aliud
553 2140 661 2174 agens
693 2130 839 2176 populus

124 2182 195 2205 non
222 2172 384 2208 diversus
412 2187 431 2209 a
456 2176 580 2221 vulqo,
619 2178 682 2211 sed
721 2179 838 2214 addita

125 2225 205 2253 sunt
232 2220 321 2256 haec
351 2223 392 2256 ad
420 2224 515 2269 vulyi
547 2230 706 2259 naturam
740 2227 837 2261 indi-

126 2268 282 2302 candam.
336 2272 432 2305 Voce
458 2272 557 2306 aliud
582 2274 667 2318 quid
693 2275 836 2321 signifi-

125 2321 236 2359 cetur,
263 2317 672 2366 docent‘subsequentia
699 2329 730 2356 et
748 2335 835 2357 vcn-

124 2365 268 2398 titavere
295 2368 342 2400 cul
367 2368 502 2402 domum
529 2391 571 2397 --
607 2370 714 2404 locuti
743 2378 832 2406 sunt.

124 2412 269 2447 Scilicet
282 2414 493 2461 plerumque
510 2420 747 2453 communium
769 2431 834 2453 cu·-

122 2470 240 2502 rarum
268 2468 432 2507 expertes
449 2465 492 2498 de
507 2466 677 2509 sportulis
698 2471 833 2501 tantum

123 2512 159 2541 et
185 2519 326 2544 annona
352 2512 512 2557 cogitare
537 2514 665 2549 solent.
729 2515 831 2549 Conf.

122 2556 207 2592 H.,I
233 2556 305 2592 89:
359 2559 480 2604 vulqus
519 2567 551 2594 et
593 2564 832 2608 vrtaqniludine

121 2615 234 2638 mmm
261 2609 490 2641 communium
516 2621 681 2644 curarum
710 2623 832 2656 expers

117 2652 288 2697 populus3
327 2655 457 2689 ibidem
487 2657 554 2692 50:
592 2669 663 2691 non
691 2666 831 2694 senatus

121 2700 220 2734 modo
246 2707 278 2736 et
304 2713 415 2748 eques,
439 2706 578 2749 quisque
603 2706 723 2751 aliqua
745 2719 832 2753 pars

124 2754 156 2781 et
189 2760 277 2783 cura
314 2752 368 2785 rei
399 2752 581 2797 publicae,
620 2755 680 2789 sed
711 2756 833 2802 vulqus

123 2806 253 2842 quoque
278 2799 399 2844 palam
425 2812 595 2836 maerere.

204 2874 367 2904 constans
400 2882 520 2906 rumor
551 2884 683 2909 veneno
720 2876 834 2911 inter-

125 2919 278 2960 ceptum:
305 2927 384 2952 eum
408 2928 585 2958 rumorem
610 2927 746 2960 temere
773 2935 834 2961 se-

916 1366 1018 1396 cutus
1050 1362 1117 1396 Dio
1145 1362 1254 1397 LXVI
1278 1363 1325 1399 20
1360 1364 1520 1408 scripsit:
1564 1367 1630 1402 καὶ

914 1413 1017 1450 τέλος
1041 1412 1195 1459 ἐσφάγη
1224 1407 1284 1447 διᾶ
1315 1411 1431 1447 ταῦῐα
1458 1409 1628 1450 15πόΔο-

912 1462 1108 1507 μιτιαμοῦ.
1139 1460 1286 1494 Cautior
1308 1460 1503 1495 Suetonius
1516 1461 1626 1508 Agri..

915 1507 1029 1541 colam
1070 1512 1168 1542 recte
1205 1518 1274 1541 nou
1313 1510 1518 1552 recensuit,
1563 1509 1626 1544 ubi

913 1560 1096 1590 senatores
1124 1561 1160 1590 et
1186 1556 1392 1591 consulares
1413 1557 1627 1592 aDomititu

913 1614 958 1637 no
986 1607 1125 1638 occisos
1157 1606 1380 1639 enumeravit
1407 1616 1437 1640 c.
1472 1606 1528 1643 10.
1573 1642 1579 1649 ,
1616 1618 1619 1619 ’

985 1675 1084 1709 nobis
1109 1676 1200 1710 nihil
1224 1673 1391 1722 comperta*
1408 1678 1539 1722 quodve
1557 1678 1624 1721 ad-

908 1723 1053 1766 firmare
1080 1724 1213 1758 ausim.-
1245 1724 1316 1761 duo
1337 1723 1431 1760 ‘dicit
1456 1731 1622 1774 cognata,

910 1772 1061 1815 primum
1087 1772 1177 1806 nihil
1205 1775 1377 1818 comperti
1396 1774 1440 1809 de
1455 1774 1536 1810 dato
1555 1786 1625 1818 ve,-

910 1830 1003 1854 neno
1030 1820 1073 1854 ad
1099 1823 1388 1865 serpen-venisse,
1414 1822 1506 1858 nihil
1531 1834 1624 1870 quo-

910 1878 979 1912 que
1006 1870 1097 1914 quod
1125 1869 1311 1904 adfirmare
1344 1871 1483 1906 audeat.
1547 1872 1623 1911 Hoc

910 1916 1023 1950 altero
1061 1917 1195 1952 indicat
1226 1918 1270 1952 ad
1305 1920 1547 1963 suspicionem
1584 1931 1623 1956 se
1665 1960 1670 1964 ⁴

909 1964 1025 2008 ipsum
1049 1965 1236 2001 inclinare.
1265 1966 1449 2002 Librorum
1465 1970 1623 2014 scriptu-

908 2022 946 2045 ra
956 2013 1055 2046 nobis
1070 2013 1161 2047 nihil
1180 2016 1347 2060 comperti
1356 2016 1545 2060 adfirmare
1555 2029 1623 2066 ατς-

907 2061 971 2093 sim
989 2066 1153 2106 corrupta
1167 2067 1231 2096 est.
1252 2063 1337 2096 Nam
1353 2065 1503 2107 primum
1524 2062 1623 2101 nahts

909 2108 1096 2142 obscurum
1125 2114 1178 2143 est
1204 2115 1239 2144 et
1264 2111 1499 2147 indefinitum.
1544 2113 1622 2148 Do-

908 2167 1002 2190 mum
1028 2157 1220 2203 Agricolae
1245 2160 1456 2203 pronomine
1485 2158 1549 2199 illo
1565 2163 1618 2196 si-

909 2205 1070 2249 gnificari
1107 2216 1179 2240 non
1218 2217 1347 2250 posse,
1393 2214 1428 2243 et
1464 2209 1621 2244 ostendit

907 2253 1000 2297 quod
1027 2263 1108 2287 mox
1123 2257 1172 2300 (c.
1186 2255 1252 2299 46)
1268 2257 1442 2302 sequitur,
1471 2269 1619 2303 nosque,

908 2301 1043 2335 domum
1069 2308 1174 2345 tuam,
1204 2308 1238 2337 et
1255 2303 1397 2338 Tacitus
1412 2305 1618 2352 legentibus

907 2350 1118 2395 aequalibus
1147 2351 1237 2386 haec
1261 2354 1429 2398 scripsit,
1455 2357 1530 2389 'non
1556 2356 1622 2390 uni*

904 2397 1063 2432 familiae
1089 2401 1205 2434 soceri
1224 2402 1278 2434 sui
1301 2401 1506 2438 destinavit.
1533 2400 1621 2438 'suni'

904 2447 933 2479 si
963 2447 1046 2490 quid
1072 2449 1244 2492 comperti
1271 2448 1466 2494 habuisset,
1494 2451 1529 2486 id
1547 2450 1617 2486 Ta-

905 2495 996 2527 citus
1026 2504 1088 2537 pro
1116 2496 1263 2540 ingenio
1290 2507 1355 2531 suo
1374 2508 1444 2531 non
1461 2499 1616 2535 delicate

904 2541 1083 2575 celaturus
1103 2543 1166 2576 sed
1181 2543 1293 2578 libere
1310 2543 1511 2589 prolaturus
1528 2546 1614 2582 fuit:

902 2594 936 2622 at
963 2589 1134 2624 librorum
1160 2593 1334 2637 scriptura
1356 2594 1424 2628 lioc
1445 2594 1511 2629 sibi
1539 2595 1617 2630 vult

901 2637 1030 2671 ceteris
1058 2640 1202 2674 minime
1228 2646 1360 2685 aptum,
1389 2643 1489 2677 nobis
1513 2643 1615 2687 nihil,

902 2686 991 2730 quod
1025 2694 1234 2734 compertum
1268 2685 1456 2734 adfirm‘me
1491 2693 1615 2736 ausim,

901 2739 961 2767 aut
985 2734 1053 2768 hoc
1079 2747 1182 2781 quam
1209 2739 1361 2773 maxime
1391 2739 1611 2786 languidum,

902 2793 954 2815 me
981 2783 1070 2816 nihil
1095 2785 1135 2818 dc
1161 2797 1294 2819 veneno
1322 2788 1616 2832 compertum-Ita-

903 2830 983 2864 bere
999 2832 1188 2875 adfirmare
1201 2835 1325 2876 ausim,
1348 2835 1408 2869 ubi
1427 2836 1616 2880 adfirmare

904 2879 1015 2914 ausim
1049 2882 1205 2924 pessime
1244 2885 1281 2917 ct
1313 2893 1424 2928 prave
1459 2885 1615 2929 positum
1646 2927 1653 2931 .

903 2935 967 2975 pro
988 2930 1121 2975 fateor.
1504 2942 1508 2948 ‘
1622 2944 1626 2948 '
