1768 3216
125 243 213 286 ac.
241 249 299 285 70.
637 247 773 283 LIBER
798 247 861 284 lv,
914 247 1002 284 Cn.
1029 249 1187 285 42-4-3.
1558 251 1631 285 325

125 369 240 410 aetas
273 365 475 408 instructa
507 365 575 419 sit,
607 370 649 407 et
679 366 889 420 quomodo
924 379 1050 409 senes
1082 367 1217 409 nostri
1245 366 1500 420 Marcellum,
1534 366 1633 408 Cri-

124 453 257 496 spum,
286 441 459 483 iuvenes
490 440 693 496 Regulum
720 441 945 482 imitentur.
1005 441 1168 484 Invenit
1195 442 1319 485 etiam
1349 442 1535 484 aemulos
1561 442 1631 483 in-

124 515 226 558 felix
270 515 476 569 nequitia:
526 514 623 569 quid
667 515 703 556 si
746 514 894 557 floreat
933 515 1187 571 vigeatque?
1240 515 1291 557 Et
1336 529 1458 570 quem
1495 515 1632 558 adhuc

123 589 406 645 quaestorium
438 588 656 631 offendere
688 601 772 630 non
803 589 1026 642 audemus,
1068 590 1324 643 praetorium
1355 594 1397 632 et
1430 590 1632 633 consula-

123 677 211 706 rem
242 663 373 705 visuri
404 665 578 705 sumus?
616 664 683 704 An
710 663 922 706 Neronem
952 667 1180 706 extremum
1212 664 1476 707 dominorum
1506 669 1664 719 puta-5

122 739 215 781 tis?
264 739 377 780 ldem
412 738 680 780 crediderant
709 739 779 792 qui
809 739 992 791 Tiberio,
1025 739 1095 793 qui
1123 738 1227 780 Gaio
1259 740 1506 793 superstites
1537 740 1633 783 fue-

122 817 242 866 runt,
288 825 382 855 cum
416 814 582 854 interim
614 813 894 854 intestabilior
925 817 965 854 et
992 813 1163 854 saevior
1193 818 1365 855 exortus
1397 818 1473 856 est.
1535 815 1629 856 Non

122 889 312 930 timemus
331 888 654 941 Vespasianum:
687 900 737 928 ea
773 887 975 941 principis
1008 891 1140 939 aetas,
1173 900 1223 929 ea
1250 888 1501 930 moderatio.
1546 889 1629 931 Sed

123 963 276 1005 diutius
308 963 457 1004 durant
487 962 673 1016 exempla
708 974 830 1016 quam
874 966 1083 1003 auctores.
1145 962 1442 1022 Elanguiinus,
1489 967 1629 1016 patres

123 1037 376 1092 conscripti,
426 1049 505 1079 nec
549 1037 631 1078 iam
673 1037 742 1079 ille
787 1041 956 1078 senatus
998 1049 1140 1079 sumus
1173 1028 1245 1091 qui
1273 1024 1428 1079 ‘occiso
1458 1037 1682 1080 Neronem

123 1111 333 1154 delatores
379 1115 420 1154 et
470 1112 683 1153 ministros
724 1123 842 1153 more
886 1111 1088 1152 maiorum
1126 1111 1362 1165 puniendos
1400 1111 1627 1167 flagitabat.

124 1188 311 1267 Optimus
342 1189 405 1229 est
436 1191 531 1241 post
561 1187 711 1229 malum
741 1187 973 1241 principem
1006 1186 1096 1227 dies
1130 1182 1314 1240 primus?
1648 1203 1721 1232 μ.,.,.
1758 1183 1768 1222 ι’

54 1272 111 1312 43
205 1249 390 1303 Tanto
437 1274 530 1303 cum
579 1261 762 1303 adsensu
802 1265 971 1302 senatus
1004 1259 1166 1301 auditus
1199 1264 1262 1301 est
1298 1260 1541 1312 Montanus,
1584 1264 1630 1301 ut
1660 1259 1768 1327 με

81 1333 90 1343 ’
122 1350 239 1393 spem
286 1341 456 1391 caperet
502 1335 718 1378 Helvidius
760 1347 888 1390 posse
940 1334 1064 1376 etiam
1111 1334 1352 1376 Marcellum
1402 1335 1626 1388 prosterni.

121 1412 253 1468 Igitur
293 1425 316 1453 a
353 1411 477 1453 laude
517 1410 650 1452 Cluvii
692 1410 782 1452 Rufi
820 1422 963 1462 orsus,
1007 1410 1076 1463 qui
1106 1409 1283 1463 perinde
1314 1409 1432 1452 dives
1464 1414 1505 1451 et
1535 1410 1681 1452 elo-¹⁵

122 1488 291 1543 quentia
325 1480 464 1528 clarus
495 1485 596 1527 nulli
624 1498 806 1539 unquam
835 1486 910 1527 sub
927 1485 1098 1527 Nerone
1117 1484 1347 1538 periculum
1368 1484 1627 1536 lacessisset,

124 1562 299 1605 crimine
331 1561 452 1603 simul
484 1561 758 1614 exemploque
777 1560 946 1614 Eprium
976 1559 1170 1614 urgebat,
1203 1559 1444 1600 ardentibus
1466 1563 1628 1612 patrum

122 1636 285 1679 animis.
347 1635 466 1685 Quod
510 1636 580 1676 ubi
624 1635 756 1676 sensit
794 1634 1037 1685 Marcellus,
1088 1633 1200 1675 velut
1237 1633 1448 1675 excedens
1494 1633 1625 1685 curia,

111 1709 267 1763 r‘imus’,
299 1710 444 1764 inquit,
471 1709 650 1761 ‘Prisce,
684 1713 723 1749 et
741 1708 1011 1762 relinquimus
1033 1707 1105 1748 tibi
1127 1711 1316 1748 senatum
1344 1706 1474 1748 tuum:
1493 1719 1627 1761 regua

121 1789 343 1840 praesente
375 1782 584 1827 Caesare?
646 1783 905 1837 Sequebatur
934 1782 1079 1823 Vibius
1100 1782 1284 1836 CrispuS‚
1319 1781 1441 1823 ambo
1474 1781 1680 1824 infensi20

122 1846 461 1911 vultu‘diverso,
492 1858 712 1901 Marcellus
744 1858 976 1900 minacibus
1009 1857 1165 1909 oculis,
1210 1857 1379 1910 Crispus
1410 1856 1624 1919 renidens,
1670 1844 1750 1903 ,ηιξ

257 2002 293 2038 4.
321 2008 428 2047 quest.
457 2000 522 2036 Ma.

121 2052 285 2096 Lipsius:
313 2050 457 2085 codices
483 2062 608 2085 mores.

123 2099 189 2136 Ma.
261 2100 320 2136 20.
346 2100 499 2146 scrispus
526 2099 590 2134 Illa.

1466 2005 1628 2033 auctores

1364 2048 1418 2083 16.
1446 2048 1629 2093 facesisset

602 2002 636 2036 7.
671 2002 789 2036 senior
816 2000 879 2035 Ma.

691 2063 726 2096 p.
756 2062 785 2084 c.
813 2049 877 2084 Ma.

671 2101 729 2133 21.
755 2098 849 2133 voltu
874 2098 932 2133 Or.

957 2001 991 2035 8.
1027 2011 1218 2046 uespanum
1244 1999 1310 2034 Ma.
1394 1999 1428 2034 9.

956 2051 1010 2085 13.
1041 2049 1194 2083 adsensa
1219 2047 1284 2083 Ma.

122 2222 220 2256 ribus
264 2222 408 2266 saepius
447 2220 660 2255 Ciceronem
698 2220 839 2255 Tacitus
909 2222 958 2255 tia
982 2226 1161 2266 tamquam
1184 2218 1376 2254 accusandi
1403 2218 1628 2251 hortamenta

123 2272 293 2311 imitatur,
315 2271 350 2303 in
368 2261 566 2303 Annalibus
586 2280 656 2302 non
677 2270 838 2313 perinde.

196 2318 326 2352 diutius
368 2318 497 2351 durant
538 2318 698 2361 exemplu
738 2330 841 2362 quam

124 2372 286 2401 auctores
310 2378 319 2399 :
370 2365 535 2410 exempla
582 2365 840 2399 maleficiorum

124 2415 292 2460 praemiis
314 2419 375 2448 aut
390 2416 515 2458 poenis
532 2414 740 2448 affectorum
758 2415 841 2448 (liu-

124 2465 195 2498 tius
221 2463 362 2505 durant,
390 2465 426 2496 in
441 2464 612 2497 memoria
641 2468 840 2507 temporum

126 2517 162 2548 et
183 2522 300 2546 rerum
329 2517 509 2558 gestarum
536 2517 676 2546 servata
695 2537 704 2553 ,
737 2523 841 2557 quam

125 2562 151 2595 ii
189 2560 284 2594 unde
322 2559 412 2595 haec
444 2560 607 2605 profecta
643 2565 723 2595 sunt
758 2566 842 2603 (au-

127 2614 270 2655 ctores),
301 2619 450 2654 querum
466 2610 539 2643 vita
562 2619 633 2642 uuo
654 2619 745 2643 aevo
774 2609 842 2643 hu-

127 2667 231 2691 mano
267 2657 444 2700 expletur.
516 2657 623 2691 Vocis
660 2663 843 2691 auce-ores

128 2706 225 2750 prior
249 2704 390 2748 syllaba
417 2704 584 2748 absorpta
611 2711 665 2739 est
692 2717 711 2738 a
738 2716 843 2749 prae-

129 2763 253 2799 gressa
292 2763 395 2796 quam
434 2758 469 2786 et
515 2753 618 2786 huius
662 2759 843 2797 postrema

130 2802 248 2836 littera
266 2800 443 2845 applicata
467 2801 509 2834 ad
537 2801 708 2846 reliquias
723 2813 843 2836 emer-

130 2852 177 2884 sit
206 2860 341 2891 mores,
369 2859 438 2895 quo
466 2851 610 2884 nomine
636 2851 750 2884 oratio
777 2862 842 2884 suo

132 2899 267 2933 lumine
293 2876 448 2932 or’haiur.

206 2945 293 2990 Cap.
320 2947 380 2981 43.
420 2946 566 2992 perinde
593 2946 686 2980 dices
712 2952 744 2980 et
771 2911 844 2980 elo-

133 2996 276 3041 quentia
289 2994 430 3029 clarus.-
446 2995 594 3030 divitiae
613 2999 649 3029 et
668 2994 846 3040 eloquen-

909 2270 1138 2304 reseruntur:
1182 2279 1260 2301 uam
1300 2267 1432 2300 divites
1471 2267 1539 2300 hoc
1566 2277 1628 2300 re-

910 2318 1028 2352 medio
1067 2329 1087 2351 a
1122 2328 1161 2350 se
1197 2321 1362 2349 avertere
1396 2320 1627 2358 tyrannorum

912 2367 1098 2400 avaritiam
1147 2363 1362 2404 studebant,
1415 2363 1628 2408 eloquentes

911 2414 1051 2449 scelera
1086 2414 1291 2447 immanium
1321 2411 1513 2445 Caesarum
1541 2422 1627 2445 ver-

911 2463 966 2497 bis
991 2463 1165 2508 obtegere
1191 2461 1355 2506 adeoque
1391 2470 1519 2493 ornare
1547 2471 1626 2493 cuin

913 2512 1104 2552 callerent,
1148 2510 1202 2543 liis
1236 2510 1447 2543 ministeriis
1478 2509 1627 2553 potissi-

913 2571 1005 2594 mum
1046 2558 1300 2604 eligebautnr;
1351 2557 1466 2591 nihilo
1510 2558 1626 2590 miuus

913 2609 1063 2643 Cluvius
1099 2608 1232 2641 nemini
1269 2606 1469 2651 periculum
1507 2605 1628 2638 races-

913 2659 1011 2691 sivit.

985 2717 1098 2751 reyna
1122 2709 1307 2750 praesente
1326 2702 1503 2735 Caesar-:e
1533 2699 1627 2734 Cae-

914 2765 1028 2788 sarem
1056 2754 1144 2787 dicit
1172 2752 1426 2786 Domitianum.
1490 2749 1628 2792 Vespa-

914 2804 1034 2836 sianus
1062 2801 1215 2834 nondum
1246 2808 1426 2842 piaesens.

989 2850 1133 2894 Crispus
1161 2847 1350 2881 renidens:
1378 2846 1470 2880 alius
1487 2845 1629 2879 videtur

917 2909 996 2931 osse
1023 2897 1066 2930 de
1107 2906 1176 2941 quo
1202 2894 1384 2928 Iuvenalis
1420 2896 1455 2928 in
1491 2894 1630 2928 deseri..

918 2947 1039 2990 ptioue
1068 2946 1260 2978 amicorum
1275 2942 1470 2977 Domitiani
1496 2941 1630 2977 1v81:

916 2994 1008 3029 venit
1047 2999 1078 3027 ct
1117 2992 1235 3039 Crispi
1272 2991 1427 3026 iucunda
1454 2996 1631 3034 senectus,
