<?xml version="1.0" encoding="UTF-8"?>
<!DOCTYPE html PUBLIC "-//W3C//DTD XHTML 1.0 Transitional//EN"
    "http://www.w3.org/TR/xhtml1/DTD/xhtml1-transitional.dtd">
<html xmlns="http://www.w3.org/1999/xhtml" xml:lang="en" lang="en">
 <head>
  <title>
</title>
<meta http-equiv="Content-Type" content="text/html;charset=utf-8" />
  <meta name='ocr-system' content='tesseract 3.04.00' />
  <meta name='ocr-capabilities' content='ocr_page ocr_carea ocr_par ocr_line ocrx_word'/>
</head>
<body>
  <div class='ocr_page' id='page_1' title='image "./operaadcodicesan03taciuoft/operaadcodicesan03taciuoft_0505.png"; bbox 0 0 1768 3216; ppageno 0'>
   <div class='ocr_carea' id='block_1_1' title="bbox 721 239 808 275">
    <p class='ocr_par' dir='ltr' id='par_1_1' title="bbox 721 239 808 275">
     <span class='ocr_line' id='line_1_1' title="bbox 721 239 808 275; baseline 0.011 -1"><span class='ocrx_word' id='word_1_1' title='bbox 721 239 808 275; x_wconf 71' lang='lat' dir='ltr'>CAr.</span> 
     </span>
    </p>
   </div>
   <div class='ocr_carea' id='block_1_2' title="bbox 835 240 1604 276">
    <p class='ocr_par' dir='ltr' id='par_1_2' title="bbox 835 240 1604 276">
     <span class='ocr_line' id='line_1_2' title="bbox 835 240 1604 276; baseline -0.005 0"><span class='ocrx_word' id='word_1_2' title='bbox 835 240 991 276; x_wconf 85' lang='lat'>39—40.</span> <span class='ocrx_word' id='word_1_3' title='bbox 1467 265 1470 267; x_wconf 76' lang='grc'><em>.</em></span> <span class='ocrx_word' id='word_1_4' title='bbox 1556 240 1604 272; x_wconf 77' lang='grc'>68</span> 
     </span>
    </p>
   </div>
   <div class='ocr_carea' id='block_1_3' title="bbox 115 354 1607 399">
    <p class='ocr_par' dir='ltr' id='par_1_3' title="bbox 115 354 1607 399">
     <span class='ocr_line' id='line_1_3' title="bbox 115 354 1607 399; baseline -0.002 0"><span class='ocrx_word' id='word_1_5' title='bbox 115 360 156 398; x_wconf 87' lang='lat' dir='ltr'>et</span> <span class='ocrx_word' id='word_1_6' title='bbox 183 355 327 399; x_wconf 82' lang='lat' dir='ltr'>Varini</span> <span class='ocrx_word' id='word_1_7' title='bbox 357 360 399 398; x_wconf 89' lang='lat' dir='ltr'>et</span> <span class='ocrx_word' id='word_1_8' title='bbox 426 355 616 399; x_wconf 85' lang='lat' dir='ltr'>Eudoses</span> <span class='ocrx_word' id='word_1_9' title='bbox 648 361 689 398; x_wconf 90' lang='lat' dir='ltr'>et</span> <span class='ocrx_word' id='word_1_10' title='bbox 716 357 956 399; x_wconf 90' lang='lat' dir='ltr'>Suardones</span> <span class='ocrx_word' id='word_1_11' title='bbox 987 360 1027 398; x_wconf 87' lang='lat' dir='ltr'>et</span> <span class='ocrx_word' id='word_1_12' title='bbox 1051 355 1259 398; x_wconf 88' lang='lat' dir='ltr'>Nurtones</span> <span class='ocrx_word' id='word_1_13' title='bbox 1286 354 1521 398; x_wconf 86' lang='lat' dir='ltr'>fluminibus</span> <span class='ocrx_word' id='word_1_14' title='bbox 1537 358 1607 396; x_wconf 86' lang='lat' dir='ltr'>aut</span> 
     </span>
    </p>
   </div>
   <div class='ocr_carea' id='block_1_4' title="bbox 114 429 517 473">
    <p class='ocr_par' dir='ltr' id='par_1_4' title="bbox 114 429 517 473">
     <span class='ocr_line' id='line_1_4' title="bbox 114 429 517 473; baseline -0.002 -1"><span class='ocrx_word' id='word_1_15' title='bbox 114 430 231 473; x_wconf 88' lang='lat' dir='ltr'>silvis</span> <span class='ocrx_word' id='word_1_16' title='bbox 250 429 256 437; x_wconf 82' lang='grc'><strong>’</strong></span> <span class='ocrx_word' id='word_1_17' title='bbox 270 431 517 472; x_wconf 89' lang='lat' dir='ltr'>muniuntur.</span> 
     </span>
    </p>
   </div>
   <div class='ocr_carea' id='block_1_5' title="bbox 592 429 1607 484">
    <p class='ocr_par' dir='ltr' id='par_1_5' title="bbox 592 429 1607 484">
     <span class='ocr_line' id='line_1_5' title="bbox 592 429 1607 484; baseline -0.001 -12"><span class='ocrx_word' id='word_1_18' title='bbox 592 431 678 473; x_wconf 85' lang='lat' dir='ltr'>Nec</span> <span class='ocrx_word' id='word_1_19' title='bbox 723 430 945 484; x_wconf 86' lang='lat' dir='ltr'>quidquam</span> <span class='ocrx_word' id='word_1_20' title='bbox 990 430 1174 472; x_wconf 91' lang='lat' dir='ltr'>notabile</span> <span class='ocrx_word' id='word_1_21' title='bbox 1204 430 1246 471; x_wconf 91' lang='lat' dir='ltr'>in</span> <span class='ocrx_word' id='word_1_22' title='bbox 1277 429 1477 484; x_wconf 86' lang='lat' dir='ltr'>singulis,</span> <span class='ocrx_word' id='word_1_23' title='bbox 1524 429 1607 472; x_wconf 86' lang='lat' dir='ltr'>nisi</span> 
     </span>
    </p>
   </div>
   <div class='ocr_carea' id='block_1_6' title="bbox 116 503 1610 633">
    <p class='ocr_par' dir='ltr' id='par_1_6' title="bbox 116 503 1610 633">
     <span class='ocr_line' id='line_1_6' title="bbox 116 503 1605 559; baseline -0.001 -13"><span class='ocrx_word' id='word_1_24' title='bbox 116 504 226 559; x_wconf 89' lang='lat' dir='ltr'>quod</span> <span class='ocrx_word' id='word_1_25' title='bbox 257 505 300 546; x_wconf 90' lang='lat' dir='ltr'>in</span> <span class='ocrx_word' id='word_1_26' title='bbox 333 516 552 547; x_wconf 88' lang='lat' dir='ltr'>commune</span> <span class='ocrx_word' id='word_1_27' title='bbox 579 505 774 558; x_wconf 84' lang='lat' dir='ltr'>Ertham,</span> <span class='ocrx_word' id='word_1_28' title='bbox 821 505 860 546; x_wconf 89' lang='lat' dir='ltr'>id</span> <span class='ocrx_word' id='word_1_29' title='bbox 895 509 958 547; x_wconf 87' lang='lat' dir='ltr'>est</span> <span class='ocrx_word' id='word_1_30' title='bbox 994 505 1164 547; x_wconf 83' lang='lat' dir='ltr'>Terram</span> <span class='ocrx_word' id='word_1_31' title='bbox 1202 508 1401 557; x_wconf 88' lang='lat' dir='ltr'>matrem,</span> <span class='ocrx_word' id='word_1_32' title='bbox 1453 503 1605 556; x_wconf 90' lang='lat' dir='ltr'>colunt,</span> 
     </span>
     <span class='ocr_line' id='line_1_7' title="bbox 120 579 1610 633; baseline 0 -13"><span class='ocrx_word' id='word_1_33' title='bbox 120 590 294 633; x_wconf 84' lang='lat' dir='ltr'>eamque</span> <span class='ocrx_word' id='word_1_34' title='bbox 324 579 579 621; x_wconf 86' lang='lat' dir='ltr'>intervenire</span> <span class='ocrx_word' id='word_1_35' title='bbox 609 579 734 621; x_wconf 90' lang='lat' dir='ltr'>rebus</span> <span class='ocrx_word' id='word_1_36' title='bbox 768 579 1003 632; x_wconf 88' lang='lat' dir='ltr'>hominum,</span> <span class='ocrx_word' id='word_1_37' title='bbox 1036 579 1175 620; x_wconf 87' lang='lat' dir='ltr'>invehi</span> <span class='ocrx_word' id='word_1_38' title='bbox 1204 579 1366 633; x_wconf 90' lang='lat' dir='ltr'>populis</span> <span class='ocrx_word' id='word_1_39' title='bbox 1399 579 1610 620; x_wconf 83' lang='lat' dir='ltr'>arbitran-</span> 
     </span>
    </p>
   </div>
   <div class='ocr_carea' id='block_1_7' title="bbox 120 656 198 697">
    <p class='ocr_par' dir='ltr' id='par_1_7' title="bbox 120 656 198 697">
     <span class='ocr_line' id='line_1_8' title="bbox 120 656 198 697; baseline 0 -3"><span class='ocrx_word' id='word_1_40' title='bbox 120 656 198 697; x_wconf 64' lang='lat' dir='ltr'>tur.</span> 
     </span>
    </p>
   </div>
   <div class='ocr_carea' id='block_1_8' title="bbox 122 813 300 843">
    <p class='ocr_par' dir='ltr' id='par_1_8' title="bbox 122 813 300 843">
     <span class='ocr_line' id='line_1_9' title="bbox 122 813 300 843; baseline -0.006 0"><span class='ocrx_word' id='word_1_41' title='bbox 122 813 300 843; x_wconf 86' lang='lat' dir='ltr'>cessum.</span> 
     </span>
    </p>
   </div>
   <div class='ocr_carea' id='block_1_9' title="bbox 118 652 1652 780">
    <p class='ocr_par' dir='ltr' id='par_1_9' title="bbox 118 652 1652 780">
     <span class='ocr_line' id='line_1_10' title="bbox 259 652 1652 707; baseline 0.001 -13"><span class='ocrx_word' id='word_1_42' title='bbox 259 652 333 695; x_wconf 90' lang='lat' dir='ltr'>Est</span> <span class='ocrx_word' id='word_1_43' title='bbox 363 653 404 694; x_wconf 92' lang='lat' dir='ltr'>in</span> <span class='ocrx_word' id='word_1_44' title='bbox 435 652 568 694; x_wconf 91' lang='lat' dir='ltr'>insula</span> <span class='ocrx_word' id='word_1_45' title='bbox 604 653 762 695; x_wconf 81' lang='lat' dir='ltr'>Oceani</span> <span class='ocrx_word' id='word_1_46' title='bbox 795 657 949 695; x_wconf 87' lang='lat' dir='ltr'>castum</span> <span class='ocrx_word' id='word_1_47' title='bbox 979 665 1152 706; x_wconf 89' lang='lat' dir='ltr'>nemus,</span> <span class='ocrx_word' id='word_1_48' title='bbox 1191 653 1453 707; x_wconf 84' lang='lat' dir='ltr'>dicatumque</span> <span class='ocrx_word' id='word_1_49' title='bbox 1484 653 1526 693; x_wconf 90' lang='lat' dir='ltr'>in</span> <span class='ocrx_word' id='word_1_50' title='bbox 1558 664 1608 695; x_wconf 87' lang='lat' dir='ltr'>eo</span> <span class='ocrx_word' id='word_1_51' title='bbox 1629 666 1652 695; x_wconf 27' lang='lat'>⁵.</span> 
     </span>
     <span class='ocr_line' id='line_1_11' title="bbox 118 726 839 780; baseline 0 -12"><span class='ocrx_word' id='word_1_52' title='bbox 118 726 383 780; x_wconf 78' lang='lat' dir='ltr'>vehiculum,</span> <span class='ocrx_word' id='word_1_53' title='bbox 431 731 550 769; x_wconf 92' lang='lat' dir='ltr'>veste</span> <span class='ocrx_word' id='word_1_54' title='bbox 591 731 839 769; x_wconf 87' lang='lat' dir='ltr'>contectum.</span> 
     </span>
    </p>
   </div>
   <div class='ocr_carea' id='block_1_10' title="bbox 898 727 1612 782">
    <p class='ocr_par' dir='ltr' id='par_1_10' title="bbox 898 727 1612 782">
     <span class='ocr_line' id='line_1_12' title="bbox 898 727 1612 782; baseline 0 -14"><span class='ocrx_word' id='word_1_55' title='bbox 898 728 1117 782; x_wconf 83' lang='lat' dir='ltr'>Attingere</span> <span class='ocrx_word' id='word_1_56' title='bbox 1160 727 1230 768; x_wconf 91' lang='lat' dir='ltr'>uni</span> <span class='ocrx_word' id='word_1_57' title='bbox 1262 728 1474 770; x_wconf 83' lang='lat' dir='ltr'>sacerdoti</span> <span class='ocrx_word' id='word_1_58' title='bbox 1504 738 1612 768; x_wconf 92' lang='lat' dir='ltr'>con-</span> 
     </span>
    </p>
   </div>
   <div class='ocr_carea' id='block_1_11' title="bbox 121 801 1612 930">
    <p class='ocr_par' dir='ltr' id='par_1_11' title="bbox 121 801 1612 930">
     <span class='ocr_line' id='line_1_13' title="bbox 363 801 1612 857; baseline 0.001 -15"><span class='ocrx_word' id='word_1_59' title='bbox 363 801 401 842; x_wconf 94' lang='lat' dir='ltr'>ls</span> <span class='ocrx_word' id='word_1_60' title='bbox 434 801 585 843; x_wconf 80' lang='lat' dir='ltr'>adesse</span> <span class='ocrx_word' id='word_1_61' title='bbox 616 802 816 855; x_wconf 82' lang='lat' dir='ltr'>penetrali</span> <span class='ocrx_word' id='word_1_62' title='bbox 848 802 968 844; x_wconf 90' lang='lat' dir='ltr'>deam</span> <span class='ocrx_word' id='word_1_63' title='bbox 999 802 1229 857; x_wconf 82' lang='lat' dir='ltr'>intellegit,</span> <span class='ocrx_word' id='word_1_64' title='bbox 1259 807 1503 856; x_wconf 82' lang='lat' dir='ltr'>vectamque</span> <span class='ocrx_word' id='word_1_65' title='bbox 1532 802 1612 843; x_wconf 82' lang='lat' dir='ltr'>hu·-</span> 
     </span>
     <span class='ocr_line' id='line_1_14' title="bbox 121 875 1296 930; baseline 0.001 -14"><span class='ocrx_word' id='word_1_66' title='bbox 121 875 198 917; x_wconf 82' lang='lat' dir='ltr'>bus</span> <span class='ocrx_word' id='word_1_67' title='bbox 219 875 394 918; x_wconf 19' lang='lat' dir='ltr'>&#39;feminis</span> <span class='ocrx_word' id='word_1_68' title='bbox 422 875 545 917; x_wconf 88' lang='lat' dir='ltr'>multa</span> <span class='ocrx_word' id='word_1_69' title='bbox 576 888 667 917; x_wconf 88' lang='lat' dir='ltr'>cum</span> <span class='ocrx_word' id='word_1_70' title='bbox 706 877 980 918; x_wconf 83' lang='lat' dir='ltr'>veneratione</span> <span class='ocrx_word' id='word_1_71' title='bbox 1019 877 1296 930; x_wconf 75' lang='lat' dir='ltr'>prosequitur.</span> 
     </span>
    </p>
   </div>
   <div class='ocr_carea' id='block_1_12' title="bbox 1356 877 1611 918">
    <p class='ocr_par' dir='ltr' id='par_1_12' title="bbox 1356 877 1611 918">
     <span class='ocr_line' id='line_1_15' title="bbox 1356 877 1611 918; baseline -0.004 0"><span class='ocrx_word' id='word_1_72' title='bbox 1356 877 1471 918; x_wconf 83' lang='lat' dir='ltr'>Laeti</span> <span class='ocrx_word' id='word_1_73' title='bbox 1515 881 1611 918; x_wconf 90' lang='lat' dir='ltr'>tunc</span> 
     </span>
    </p>
   </div>
   <div class='ocr_carea' id='block_1_13' title="bbox 51 948 1608 1005">
    <p class='ocr_par' dir='ltr' id='par_1_13' title="bbox 51 948 1608 1005">
     <span class='ocr_line' id='line_1_16' title="bbox 51 948 1608 1005; baseline 0 -12"><span class='ocrx_word' id='word_1_74' title='bbox 51 955 53 957; x_wconf 83' lang='lat'>&#39;</span> <span class='ocrx_word' id='word_1_75' title='bbox 120 948 239 1002; x_wconf 87' lang='lat' dir='ltr'>dies,</span> <span class='ocrx_word' id='word_1_76' title='bbox 285 949 391 992; x_wconf 81' lang='lat' dir='ltr'>festa</span> <span class='ocrx_word' id='word_1_77' title='bbox 421 949 514 991; x_wconf 83' lang='lat' dir='ltr'>loca</span> <span class='ocrx_word' id='word_1_78' title='bbox 538 981 560 1002; x_wconf 74' lang='lat'>„</span> <span class='ocrx_word' id='word_1_79' title='bbox 593 962 876 1004; x_wconf 88' lang='lat' dir='ltr'>quaecumque</span> <span class='ocrx_word' id='word_1_80' title='bbox 906 950 1085 991; x_wconf 85' lang='lat' dir='ltr'>adventu</span> <span class='ocrx_word' id='word_1_81' title='bbox 1111 951 1375 1004; x_wconf 85' lang='lat' dir='ltr'>hospitioque</span> <span class='ocrx_word' id='word_1_82' title='bbox 1401 951 1608 1005; x_wconf 74' lang='lat' dir='ltr'>dignatur.</span> 
     </span>
    </p>
   </div>
   <div class='ocr_carea' id='block_1_14' title="bbox 218 1096 1612 1142">
    <p class='ocr_par' dir='ltr' id='par_1_14' title="bbox 218 1096 1612 1142">
     <span class='ocr_line' id='line_1_17' title="bbox 218 1096 1612 1142; baseline 0.003 -13"><span class='ocrx_word' id='word_1_83' title='bbox 218 1097 249 1130; x_wconf 85' lang='lat'>1.</span> <span class='ocrx_word' id='word_1_84' title='bbox 279 1096 451 1130; x_wconf 80' lang='lat' dir='ltr'>Suarines</span> <span class='ocrx_word' id='word_1_85' title='bbox 477 1107 652 1140; x_wconf 89' lang='lat' dir='ltr'>superscr.</span> <span class='ocrx_word' id='word_1_86' title='bbox 680 1097 723 1130; x_wconf 88' lang='lat' dir='ltr'>ab</span> <span class='ocrx_word' id='word_1_87' title='bbox 748 1097 794 1131; x_wconf 90' lang='lat' dir='ltr'>al.</span> <span class='ocrx_word' id='word_1_88' title='bbox 822 1108 868 1130; x_wconf 90' lang='lat' dir='ltr'>m.</span> <span class='ocrx_word' id='word_1_89' title='bbox 897 1098 1002 1131; x_wconf 84' lang='lat' dir='ltr'>dones</span> <span class='ocrx_word' id='word_1_90' title='bbox 1027 1097 1064 1131; x_wconf 89' lang='lat' dir='ltr'>P.</span> <span class='ocrx_word' id='word_1_91' title='bbox 1116 1098 1290 1132; x_wconf 82' lang='lat' dir='ltr'>Nurtones</span> <span class='ocrx_word' id='word_1_92' title='bbox 1314 1098 1381 1132; x_wconf 90' lang='lat' dir='ltr'>litt.</span> <span class='ocrx_word' id='word_1_93' title='bbox 1403 1109 1612 1142; x_wconf 88' lang='lat' dir='ltr'>rsuperscr.</span> 
     </span>
    </p>
   </div>
   <div class='ocr_carea' id='block_1_15' title="bbox 118 1143 1100 1180">
    <p class='ocr_par' dir='ltr' id='par_1_15' title="bbox 118 1143 1100 1180">
     <span class='ocr_line' id='line_1_18' title="bbox 118 1143 1100 1180; baseline 0.002 -3"><span class='ocrx_word' id='word_1_94' title='bbox 118 1144 133 1178; x_wconf 70' lang='lat' dir='ltr'>s·</span> <span class='ocrx_word' id='word_1_95' title='bbox 156 1143 202 1177; x_wconf 84' lang='lat' dir='ltr'>P:</span> <span class='ocrx_word' id='word_1_96' title='bbox 241 1143 302 1178; x_wconf 82' lang='lat' dir='ltr'>alii</span> <span class='ocrx_word' id='word_1_97' title='bbox 341 1144 500 1179; x_wconf 79' lang='lat' dir='ltr'>huitones</span> <span class='ocrx_word' id='word_1_98' title='bbox 532 1145 591 1179; x_wconf 89' lang='lat' dir='ltr'>vel</span> <span class='ocrx_word' id='word_1_99' title='bbox 616 1146 801 1179; x_wconf 74' lang='lat' dir='ltr'>nuithones</span> <span class='ocrx_word' id='word_1_100' title='bbox 825 1146 885 1180; x_wconf 89' lang='lat' dir='ltr'>vel</span> <span class='ocrx_word' id='word_1_101' title='bbox 910 1146 1100 1179; x_wconf 82' lang='lat' dir='ltr'>vuiehones.</span> 
     </span>
    </p>
   </div>
   <div class='ocr_carea' id='block_1_16' title="bbox 1178 1146 1614 1181">
    <p class='ocr_par' dir='ltr' id='par_1_16' title="bbox 1178 1146 1614 1181">
     <span class='ocr_line' id='line_1_19' title="bbox 1178 1146 1614 1181; baseline 0 0"><span class='ocrx_word' id='word_1_102' title='bbox 1178 1147 1213 1181; x_wconf 89' lang='lat'>3.</span> <span class='ocrx_word' id='word_1_103' title='bbox 1241 1146 1394 1181; x_wconf 85' lang='lat' dir='ltr'>Ertham</span> <span class='ocrx_word' id='word_1_104' title='bbox 1421 1146 1562 1181; x_wconf 84' lang='lat' dir='ltr'>editor:</span> <span class='ocrx_word' id='word_1_105' title='bbox 1589 1147 1614 1181; x_wconf 81' lang='lat' dir='ltr'>P</span> 
     </span>
    </p>
   </div>
   <div class='ocr_carea' id='block_1_17' title="bbox 120 1191 1612 1239">
    <p class='ocr_par' dir='ltr' id='par_1_17' title="bbox 120 1191 1612 1239">
     <span class='ocr_line' id='line_1_20' title="bbox 120 1191 1612 1239; baseline 0.003 -14"><span class='ocrx_word' id='word_1_106' title='bbox 120 1192 255 1235; x_wconf 73' lang='grc' dir='ltr'><strong><em>ηεὶιΙιῦ,</em></strong></span> <span class='ocrx_word' id='word_1_107' title='bbox 286 1191 429 1228; x_wconf 78' lang='lat' dir='ltr'>litterae</span> <span class='ocrx_word' id='word_1_108' title='bbox 452 1194 466 1227; x_wconf 71' lang='lat' dir='ltr'><strong><em>i</em></strong></span> <span class='ocrx_word' id='word_1_109' title='bbox 491 1203 668 1238; x_wconf 86' lang='lat' dir='ltr'>superscr.</span> <span class='ocrx_word' id='word_1_110' title='bbox 696 1193 739 1227; x_wconf 84' lang='lat' dir='ltr'>ab</span> <span class='ocrx_word' id='word_1_111' title='bbox 767 1194 813 1228; x_wconf 87' lang='lat' dir='ltr'>al.</span> <span class='ocrx_word' id='word_1_112' title='bbox 841 1205 885 1227; x_wconf 91' lang='lat' dir='ltr'>m.</span> <span class='ocrx_word' id='word_1_113' title='bbox 907 1206 938 1236; x_wconf 88' lang='lat' dir='ltr'>r,</span> <span class='ocrx_word' id='word_1_114' title='bbox 967 1194 1027 1228; x_wconf 86' lang='lat' dir='ltr'>alii</span> <span class='ocrx_word' id='word_1_115' title='bbox 1056 1194 1231 1236; x_wconf 57' lang='lat' dir='ltr'>Nerthum,</span> <span class='ocrx_word' id='word_1_116' title='bbox 1254 1195 1435 1235; x_wconf 76' lang='lat' dir='ltr'>Nerthum,</span> <span class='ocrx_word' id='word_1_117' title='bbox 1457 1195 1612 1239; x_wconf 68' lang='lat' dir='ltr'>Nerium,</span> 
     </span>
    </p>
   </div>
   <div class='ocr_carea' id='block_1_18' title="bbox 119 1239 721 1381">
    <p class='ocr_par' dir='ltr' id='par_1_18' title="bbox 119 1239 721 1381">
     <span class='ocr_line' id='line_1_21' title="bbox 119 1239 614 1284; baseline 0.002 -10"><span class='ocrx_word' id='word_1_118' title='bbox 119 1251 165 1274; x_wconf 75' lang='lat' dir='ltr'>ne</span> <span class='ocrx_word' id='word_1_119' title='bbox 190 1239 336 1284; x_wconf 69' lang='lat' dir='ltr'>hereum,</span> <span class='ocrx_word' id='word_1_120' title='bbox 362 1241 520 1277; x_wconf 80' lang='lat' dir='ltr'>herthum</span> <span class='ocrx_word' id='word_1_121' title='bbox 546 1247 614 1276; x_wconf 87' lang='lat' dir='ltr'>cet.</span> 
     </span>
     <span class='ocr_line' id='line_1_22' title="bbox 122 1287 721 1336; baseline 0.005 -14"><span class='ocrx_word' id='word_1_122' title='bbox 122 1299 141 1322; x_wconf 90' lang='lat' dir='ltr'>a</span> <span class='ocrx_word' id='word_1_123' title='bbox 169 1287 355 1323; x_wconf 84' lang='lat' dir='ltr'>Rhenano.</span> <span class='ocrx_word' id='word_1_124' title='bbox 419 1291 466 1334; x_wconf 16' lang='lat'>³7.</span> <span class='ocrx_word' id='word_1_125' title='bbox 494 1290 658 1336; x_wconf 73' lang='lat' dir='ltr'>intelliyit</span> <span class='ocrx_word' id='word_1_126' title='bbox 683 1290 721 1325; x_wconf 87' lang='lat' dir='ltr'>P.</span> 
     </span>
     <span class='ocr_line' id='line_1_23' title="bbox 122 1336 690 1381; baseline 0.002 -10"><span class='ocrx_word' id='word_1_127' title='bbox 122 1345 299 1381; x_wconf 86' lang='lat' dir='ltr'>superscr.</span> <span class='ocrx_word' id='word_1_128' title='bbox 329 1338 372 1372; x_wconf 90' lang='lat' dir='ltr'>ab</span> <span class='ocrx_word' id='word_1_129' title='bbox 398 1336 444 1372; x_wconf 91' lang='lat' dir='ltr'>al.</span> <span class='ocrx_word' id='word_1_130' title='bbox 473 1349 578 1372; x_wconf 88' lang='lat' dir='ltr'>manu</span> <span class='ocrx_word' id='word_1_131' title='bbox 604 1339 626 1372; x_wconf 88' lang='lat' dir='ltr'>h</span> <span class='ocrx_word' id='word_1_132' title='bbox 653 1339 690 1372; x_wconf 91' lang='lat' dir='ltr'>P.</span> 
     </span>
    </p>
   </div>
   <div class='ocr_carea' id='block_1_19' title="bbox 126 1472 854 3016">
    <p class='ocr_par' dir='ltr' id='par_1_19' title="bbox 126 1472 846 2091">
     <span class='ocr_line' id='line_1_24' title="bbox 126 1472 836 1517; baseline 0 -7"><span class='ocrx_word' id='word_1_133' title='bbox 126 1485 230 1510; x_wconf 79' lang='lat' dir='ltr'>maeo</span> <span class='ocrx_word' id='word_1_134' title='bbox 244 1474 275 1509; x_wconf 86' lang='lat' dir='ltr'>ll</span> <span class='ocrx_word' id='word_1_135' title='bbox 304 1476 345 1510; x_wconf 87' lang='lat'>11</span> <span class='ocrx_word' id='word_1_136' title='bbox 375 1475 545 1513; x_wconf 54' lang='lat'>15:161)</span> <span class='ocrx_word' id='word_1_137' title='bbox 575 1477 615 1512; x_wconf 74' lang='grc' dir='ltr'>δὲ</span> <span class='ocrx_word' id='word_1_138' title='bbox 643 1472 746 1517; x_wconf 73' lang='grc' dir='ltr'>ἐντὸς</span> <span class='ocrx_word' id='word_1_139' title='bbox 773 1480 836 1511; x_wconf 74' lang='grc' dir='ltr'>καὶ</span> 
     </span>
     <span class='ocr_line' id='line_1_25' title="bbox 127 1525 840 1583; baseline 0.006 -25"><span class='ocrx_word' id='word_1_140' title='bbox 127 1527 343 1583; x_wconf 78' lang='grc' dir='ltr'>μεσογείων</span> <span class='ocrx_word' id='word_1_141' title='bbox 386 1525 512 1561; x_wconf 59' lang='lat' dir='ltr'>senar</span> <span class='ocrx_word' id='word_1_142' title='bbox 553 1529 718 1573; x_wconf 55' lang='lat' dir='ltr'>,ufjtma</span> <span class='ocrx_word' id='word_1_143' title='bbox 768 1528 840 1573; x_wconf 80' lang='grc' dir='ltr'>μέν</span> 
     </span>
     <span class='ocr_line' id='line_1_26' title="bbox 130 1572 840 1621; baseline -0.001 -13"><span class='ocrx_word' id='word_1_144' title='bbox 130 1576 212 1609; x_wconf 74' lang='grc' dir='ltr'>ἐστι</span> <span class='ocrx_word' id='word_1_145' title='bbox 237 1572 279 1608; x_wconf 78' lang='grc' dir='ltr'>τό</span> <span class='ocrx_word' id='word_1_146' title='bbox 304 1582 344 1607; x_wconf 82' lang='grc' dir='ltr'>τε</span> <span class='ocrx_word' id='word_1_147' title='bbox 370 1572 638 1620; x_wconf 74' lang='grc' dir='ltr'>τῶνΣουήβων</span> <span class='ocrx_word' id='word_1_148' title='bbox 663 1574 739 1610; x_wconf 78' lang='grc' dir='ltr'>τῶν</span> <span class='ocrx_word' id='word_1_149' title='bbox 755 1574 840 1621; x_wconf 80' lang='grc' dir='ltr'>Ἀγ-</span> 
     </span>
     <span class='ocr_line' id='line_1_27' title="bbox 128 1621 840 1669; baseline 0 -14"><span class='ocrx_word' id='word_1_150' title='bbox 128 1621 289 1669; x_wconf 77' lang='grc' dir='ltr'><em>γειλῶν,</em></span> <span class='ocrx_word' id='word_1_151' title='bbox 330 1621 368 1656; x_wconf 79' lang='grc' dir='ltr'>οῗ</span> <span class='ocrx_word' id='word_1_152' title='bbox 391 1622 495 1657; x_wconf 78' lang='grc' dir='ltr'><em>εἰσιν</em></span> <span class='ocrx_word' id='word_1_153' title='bbox 522 1621 840 1669; x_wconf 68' lang='grc' dir='ltr'><em>ἄνατολικαὶτεροι</em></span> 
     </span>
     <span class='ocr_line' id='line_1_28' title="bbox 131 1668 843 1727; baseline 0.001 -22"><span class='ocrx_word' id='word_1_154' title='bbox 131 1672 208 1706; x_wconf 74' lang='grc' dir='ltr'>τῶν</span> <span class='ocrx_word' id='word_1_155' title='bbox 237 1668 540 1727; x_wconf 76' lang='grc' dir='ltr'>Λαγγοβιίρδων</span> <span class='ocrx_word' id='word_1_156' title='bbox 576 1670 843 1710; x_wconf 75' lang='grc' dir='ltr'><em>α’νατείνοντες</em></span> 
     </span>
     <span class='ocr_line' id='line_1_29' title="bbox 131 1714 842 1767; baseline -0.001 -13"><span class='ocrx_word' id='word_1_157' title='bbox 131 1714 230 1764; x_wconf 82' lang='grc' dir='ltr'><em>πρὸς</em></span> <span class='ocrx_word' id='word_1_158' title='bbox 256 1714 323 1757; x_wconf 74' lang='grc' dir='ltr'>τὰς</span> <span class='ocrx_word' id='word_1_159' title='bbox 352 1716 515 1763; x_wconf 74' lang='grc' dir='ltr'><em>ἄρκτους</em></span> <span class='ocrx_word' id='word_1_160' title='bbox 534 1722 649 1766; x_wconf 77' lang='grc' dir='ltr'><em>μέχρι</em></span> <span class='ocrx_word' id='word_1_161' title='bbox 673 1732 751 1753; x_wconf 72' lang='grc' dir='ltr'>τωι</span> <span class='ocrx_word' id='word_1_162' title='bbox 773 1723 842 1767; x_wconf 83' lang='grc' dir='ltr'><em>με’-</em></span> 
     </span>
     <span class='ocr_line' id='line_1_30' title="bbox 134 1764 841 1815; baseline -0.003 -13"><span class='ocrx_word' id='word_1_163' title='bbox 134 1778 212 1802; x_wconf 84' lang='grc' dir='ltr'>σων</span> <span class='ocrx_word' id='word_1_164' title='bbox 238 1766 306 1801; x_wconf 83' lang='grc' dir='ltr'>τοῦ</span> <span class='ocrx_word' id='word_1_165' title='bbox 334 1764 482 1812; x_wconf 81' lang='grc' dir='ltr'><strong><em>Λλβιος</em></strong></span> <span class='ocrx_word' id='word_1_166' title='bbox 518 1768 708 1815; x_wconf 80' lang='grc' dir='ltr'>ποιαιιοῦ.</span> <span class='ocrx_word' id='word_1_167' title='bbox 770 1767 841 1802; x_wconf 85' lang='lat' dir='ltr'>Va-</span> 
     </span>
     <span class='ocr_line' id='line_1_31' title="bbox 131 1800 843 1850; baseline 0.001 -3"><span class='ocrx_word' id='word_1_168' title='bbox 131 1815 231 1848; x_wconf 73' lang='lat' dir='ltr'>rinos</span> <span class='ocrx_word' id='word_1_169' title='bbox 267 1820 451 1848; x_wconf 78' lang='lat' dir='ltr'>enumerat</span> <span class='ocrx_word' id='word_1_170' title='bbox 487 1800 624 1848; x_wconf 85' lang='lat' dir='ltr'>Plinius</span> <span class='ocrx_word' id='word_1_171' title='bbox 660 1815 704 1848; x_wconf 84' lang='lat' dir='ltr'>lv</span> <span class='ocrx_word' id='word_1_172' title='bbox 732 1815 778 1850; x_wconf 84' lang='lat'>28</span> <span class='ocrx_word' id='word_1_173' title='bbox 808 1816 843 1848; x_wconf 89' lang='lat' dir='ltr'>in</span> 
     </span>
     <span class='ocr_line' id='line_1_32' title="bbox 133 1862 844 1909; baseline 0.001 -14"><span class='ocrx_word' id='word_1_174' title='bbox 133 1862 302 1909; x_wconf 85' lang='lat' dir='ltr'>gentibus</span> <span class='ocrx_word' id='word_1_175' title='bbox 334 1862 572 1898; x_wconf 86' lang='lat' dir='ltr'>Vindilorum.</span> <span class='ocrx_word' id='word_1_176' title='bbox 611 1863 726 1897; x_wconf 83' lang='lat' dir='ltr'>Minus</span> <span class='ocrx_word' id='word_1_177' title='bbox 755 1873 844 1897; x_wconf 91' lang='lat' dir='ltr'>con-</span> 
     </span>
     <span class='ocr_line' id='line_1_33' title="bbox 133 1910 845 1956; baseline 0 -11"><span class='ocrx_word' id='word_1_178' title='bbox 133 1915 204 1945; x_wconf 85' lang='lat' dir='ltr'>stat</span> <span class='ocrx_word' id='word_1_179' title='bbox 230 1910 274 1945; x_wconf 89' lang='lat' dir='ltr'>de</span> <span class='ocrx_word' id='word_1_180' title='bbox 293 1912 439 1944; x_wconf 90' lang='lat' dir='ltr'>nomine</span> <span class='ocrx_word' id='word_1_181' title='bbox 454 1912 727 1956; x_wconf 69' lang='lat' dir='ltr'>Reudiynorum.</span> <span class='ocrx_word' id='word_1_182' title='bbox 754 1911 845 1945; x_wconf 89' lang='lat' dir='ltr'>For-</span> 
     </span>
     <span class='ocr_line' id='line_1_34' title="bbox 133 1957 846 2003; baseline 0.001 -11"><span class='ocrx_word' id='word_1_183' title='bbox 133 1963 229 1993; x_wconf 81' lang='lat' dir='ltr'>tasse</span> <span class='ocrx_word' id='word_1_184' title='bbox 258 1957 351 2003; x_wconf 82' lang='lat' dir='ltr'>apud</span> <span class='ocrx_word' id='word_1_185' title='bbox 379 1958 535 1993; x_wconf 85' lang='lat' dir='ltr'>Tacitum</span> <span class='ocrx_word' id='word_1_186' title='bbox 573 1960 641 1994; x_wconf 82' lang='lat' dir='ltr'>fuit</span> <span class='ocrx_word' id='word_1_187' title='bbox 670 1960 784 1994; x_wconf 68' lang='lat' dir='ltr'>Remu</span> <span class='ocrx_word' id='word_1_188' title='bbox 811 1964 846 1993; x_wconf 90' lang='lat' dir='ltr'>et</span> 
     </span>
     <span class='ocr_line' id='line_1_35' title="bbox 134 2007 844 2054; baseline 0 -13"><span class='ocrx_word' id='word_1_189' title='bbox 134 2007 337 2041; x_wconf 78' lang='lat' dir='ltr'>terminatio</span> <span class='ocrx_word' id='word_1_190' title='bbox 375 2008 551 2054; x_wconf 71' lang='lat' dir='ltr'>Reudiyni</span> <span class='ocrx_word' id='word_1_191' title='bbox 595 2019 639 2042; x_wconf 85' lang='lat' dir='ltr'>ex</span> <span class='ocrx_word' id='word_1_192' title='bbox 684 2009 844 2052; x_wconf 83' lang='lat' dir='ltr'>proximo</span> 
     </span>
     <span class='ocr_line' id='line_1_36' title="bbox 135 2054 462 2091; baseline -0.006 0"><span class='ocrx_word' id='word_1_193' title='bbox 135 2055 261 2091; x_wconf 77' lang='lat' dir='ltr'>deinde</span> <span class='ocrx_word' id='word_1_194' title='bbox 289 2054 462 2090; x_wconf 82' lang='lat' dir='ltr'>adhaesit.</span> 
     </span>
    </p>

    <p class='ocr_par' dir='ltr' id='par_1_20' title="bbox 135 2095 854 3016">
     <span class='ocr_line' id='line_1_37' title="bbox 206 2095 845 2146; baseline 0.002 -9"><span class='ocrx_word' id='word_1_195' title='bbox 206 2103 381 2146; x_wconf 67' lang='lat' dir='ltr'>Ermum,</span> <span class='ocrx_word' id='word_1_196' title='bbox 423 2105 460 2138; x_wconf 82' lang='lat' dir='ltr'>id</span> <span class='ocrx_word' id='word_1_197' title='bbox 497 2110 545 2138; x_wconf 83' lang='lat' dir='ltr'>est</span> <span class='ocrx_word' id='word_1_198' title='bbox 584 2095 726 2138; x_wconf 82' lang='lat' dir='ltr'>Terram</span> <span class='ocrx_word' id='word_1_199' title='bbox 766 2116 845 2138; x_wconf 81' lang='lat' dir='ltr'>ma-</span> 
     </span>
     <span class='ocr_line' id='line_1_38' title="bbox 136 2151 845 2198; baseline -0.001 -12"><span class='ocrx_word' id='word_1_200' title='bbox 136 2157 246 2186; x_wconf 80' lang='lat' dir='ltr'>trem:</span> <span class='ocrx_word' id='word_1_201' title='bbox 285 2151 379 2196; x_wconf 83' lang='lat' dir='ltr'>quod</span> <span class='ocrx_word' id='word_1_202' title='bbox 409 2152 542 2198; x_wconf 87' lang='lat' dir='ltr'>legitur</span> <span class='ocrx_word' id='word_1_203' title='bbox 584 2155 620 2186; x_wconf 90' lang='lat' dir='ltr'>in</span> <span class='ocrx_word' id='word_1_204' title='bbox 648 2153 671 2186; x_wconf 88' lang='lat' dir='ltr'>P</span> <span class='ocrx_word' id='word_1_205' title='bbox 702 2158 736 2186; x_wconf 88' lang='lat' dir='ltr'>et</span> <span class='ocrx_word' id='word_1_206' title='bbox 764 2153 845 2186; x_wconf 89' lang='lat' dir='ltr'>inde</span> 
     </span>
     <span class='ocr_line' id='line_1_39' title="bbox 135 2199 846 2234; baseline 0 0"><span class='ocrx_word' id='word_1_207' title='bbox 135 2201 245 2234; x_wconf 83' lang='lat' dir='ltr'>variis</span> <span class='ocrx_word' id='word_1_208' title='bbox 271 2199 394 2234; x_wconf 80' lang='lat' dir='ltr'>formis</span> <span class='ocrx_word' id='word_1_209' title='bbox 418 2201 453 2233; x_wconf 88' lang='lat' dir='ltr'>in</span> <span class='ocrx_word' id='word_1_210' title='bbox 474 2206 613 2234; x_wconf 86' lang='lat' dir='ltr'>ceteros</span> <span class='ocrx_word' id='word_1_211' title='bbox 643 2200 752 2234; x_wconf 89' lang='lat' dir='ltr'>libros</span> <span class='ocrx_word' id='word_1_212' title='bbox 777 2202 846 2234; x_wconf 90' lang='lat' dir='ltr'>mi-</span> 
     </span>
     <span class='ocr_line' id='line_1_40' title="bbox 137 2248 845 2295; baseline -0.001 -13"><span class='ocrx_word' id='word_1_213' title='bbox 137 2249 254 2294; x_wconf 81' lang='lat' dir='ltr'>gravit</span> <span class='ocrx_word' id='word_1_214' title='bbox 277 2248 466 2295; x_wconf 71' lang='lat' dir='ltr'>(nerthti),</span> <span class='ocrx_word' id='word_1_215' title='bbox 503 2253 572 2282; x_wconf 83' lang='lat' dir='ltr'>tam</span> <span class='ocrx_word' id='word_1_216' title='bbox 606 2251 641 2282; x_wconf 93' lang='lat' dir='ltr'>in</span> <span class='ocrx_word' id='word_1_217' title='bbox 670 2250 845 2293; x_wconf 88' lang='lat' dir='ltr'>principio</span> 
     </span>
     <span class='ocr_line' id='line_1_41' title="bbox 137 2275 844 2341; baseline -0.001 -12"><span class='ocrx_word' id='word_1_218' title='bbox 137 2307 241 2341; x_wconf 85' lang='lat' dir='ltr'>quam</span> <span class='ocrx_word' id='word_1_219' title='bbox 289 2295 359 2329; x_wconf 86' lang='lat' dir='ltr'>fine</span> <span class='ocrx_word' id='word_1_220' title='bbox 403 2275 532 2330; x_wconf 58' lang='lat' dir='ltr'>lev&#39;iter</span> <span class='ocrx_word' id='word_1_221' title='bbox 575 2297 737 2330; x_wconf 84' lang='lat' dir='ltr'>vitiatum</span> <span class='ocrx_word' id='word_1_222' title='bbox 774 2301 844 2338; x_wconf 88' lang='lat' dir='ltr'>est,</span> 
     </span>
     <span class='ocr_line' id='line_1_42' title="bbox 138 2344 847 2387; baseline -0.004 -10"><span class='ocrx_word' id='word_1_223' title='bbox 138 2344 219 2377; x_wconf 89' lang='lat' dir='ltr'>dum</span> <span class='ocrx_word' id='word_1_224' title='bbox 248 2354 291 2376; x_wconf 83' lang='lat' dir='ltr'>ex</span> <span class='ocrx_word' id='word_1_225' title='bbox 314 2345 474 2387; x_wconf 84' lang='lat' dir='ltr'>proximo</span> <span class='ocrx_word' id='word_1_226' title='bbox 507 2355 683 2377; x_wconf 81' lang='lat' dir='ltr'>commune</span> <span class='ocrx_word' id='word_1_227' title='bbox 710 2344 847 2386; x_wconf 75' lang='lat' dir='ltr'>syllaba</span> 
     </span>
     <span class='ocr_line' id='line_1_43' title="bbox 137 2390 848 2432; baseline 0 -8"><span class='ocrx_word' id='word_1_228' title='bbox 137 2402 182 2425; x_wconf 84' lang='lat' dir='ltr'>ne</span> <span class='ocrx_word' id='word_1_229' title='bbox 217 2391 260 2424; x_wconf 79' lang='lat' dir='ltr'>ad</span> <span class='ocrx_word' id='word_1_230' title='bbox 290 2390 441 2425; x_wconf 78' lang='lat' dir='ltr'>Ertham</span> <span class='ocrx_word' id='word_1_231' title='bbox 477 2391 638 2432; x_wconf 84' lang='lat' dir='ltr'>accedit,</span> <span class='ocrx_word' id='word_1_232' title='bbox 672 2391 765 2424; x_wconf 89' lang='lat' dir='ltr'>unde</span> <span class='ocrx_word' id='word_1_233' title='bbox 791 2391 848 2424; x_wconf 84' lang='lat' dir='ltr'>fa·-</span> 
     </span>
     <span class='ocr_line' id='line_1_44' title="bbox 141 2438 847 2483; baseline -0.003 -10"><span class='ocrx_word' id='word_1_234' title='bbox 141 2444 234 2473; x_wconf 75' lang='lat' dir='ltr'>ctum</span> <span class='ocrx_word' id='word_1_235' title='bbox 257 2438 439 2481; x_wconf 77' lang='lat' dir='ltr'>Nerthum,</span> <span class='ocrx_word' id='word_1_236' title='bbox 465 2445 501 2471; x_wconf 87' lang='lat' dir='ltr'>ut</span> <span class='ocrx_word' id='word_1_237' title='bbox 530 2451 559 2473; x_wconf 92' lang='lat' dir='ltr'>c.</span> <span class='ocrx_word' id='word_1_238' title='bbox 591 2439 638 2474; x_wconf 77' lang='lat'>28</span> <span class='ocrx_word' id='word_1_239' title='bbox 662 2439 759 2472; x_wconf 78' lang='lat' dir='ltr'>nubii</span> <span class='ocrx_word' id='word_1_240' title='bbox 785 2449 847 2483; x_wconf 89' lang='lat' dir='ltr'>pro</span> 
     </span>
     <span class='ocr_line' id='line_1_45' title="bbox 137 2485 848 2531; baseline -0.003 -10"><span class='ocrx_word' id='word_1_241' title='bbox 137 2499 183 2521; x_wconf 80' lang='lat' dir='ltr'>ne</span> <span class='ocrx_word' id='word_1_242' title='bbox 214 2486 301 2521; x_wconf 71' lang='lat' dir='ltr'>Ubii.</span> <span class='ocrx_word' id='word_1_243' title='bbox 328 2485 517 2521; x_wconf 83' lang='lat' dir='ltr'>Praeterea</span> <span class='ocrx_word' id='word_1_244' title='bbox 543 2497 605 2531; x_wconf 89' lang='lat' dir='ltr'>pro</span> <span class='ocrx_word' id='word_1_245' title='bbox 633 2487 659 2521; x_wconf 80' lang='grc' dir='ltr'><em>ἄ</em></span> <span class='ocrx_word' id='word_1_246' title='bbox 684 2488 720 2520; x_wconf 89' lang='lat' dir='ltr'>in</span> <span class='ocrx_word' id='word_1_247' title='bbox 751 2488 848 2520; x_wconf 88' lang='lat' dir='ltr'>exitu</span> 
     </span>
     <span class='ocr_line' id='line_1_46' title="bbox 138 2535 849 2580; baseline -0.003 -10"><span class='ocrx_word' id='word_1_248' title='bbox 138 2535 292 2580; x_wconf 87' lang='lat' dir='ltr'>positum</span> <span class='ocrx_word' id='word_1_249' title='bbox 321 2540 373 2569; x_wconf 91' lang='lat' dir='ltr'>est</span> <span class='ocrx_word' id='word_1_250' title='bbox 397 2537 434 2578; x_wconf 68' lang='grc' dir='ltr'>πῖ,</span> <span class='ocrx_word' id='word_1_251' title='bbox 462 2540 575 2569; x_wconf 89' lang='lat' dir='ltr'>ortum</span> <span class='ocrx_word' id='word_1_252' title='bbox 604 2547 648 2569; x_wconf 86' lang='lat' dir='ltr'>ex</span> <span class='ocrx_word' id='word_1_253' title='bbox 674 2546 696 2568; x_wconf 86' lang='lat' dir='ltr'>a</span> <span class='ocrx_word' id='word_1_254' title='bbox 717 2536 849 2569; x_wconf 85' lang='lat' dir='ltr'>semia-</span> 
     </span>
     <span class='ocr_line' id='line_1_47' title="bbox 139 2584 851 2628; baseline -0.001 -11"><span class='ocrx_word' id='word_1_255' title='bbox 139 2588 256 2628; x_wconf 86' lang='lat' dir='ltr'>perto,</span> <span class='ocrx_word' id='word_1_256' title='bbox 274 2585 553 2617; x_wconf 86' lang='lat' dir='ltr'>commutatione</span> <span class='ocrx_word' id='word_1_257' title='bbox 569 2585 654 2617; x_wconf 86' lang='lat' dir='ltr'>satis</span> <span class='ocrx_word' id='word_1_258' title='bbox 677 2584 851 2627; x_wconf 82' lang='lat' dir='ltr'>frequen-</span> 
     </span>
     <span class='ocr_line' id='line_1_48' title="bbox 139 2632 849 2676; baseline -0.003 -11"><span class='ocrx_word' id='word_1_259' title='bbox 139 2637 189 2675; x_wconf 85' lang='lat' dir='ltr'>te,</span> <span class='ocrx_word' id='word_1_260' title='bbox 217 2633 411 2676; x_wconf 85' lang='lat' dir='ltr'>praecipue</span> <span class='ocrx_word' id='word_1_261' title='bbox 441 2643 519 2665; x_wconf 90' lang='lat' dir='ltr'>cum</span> <span class='ocrx_word' id='word_1_262' title='bbox 539 2636 622 2665; x_wconf 89' lang='lat' dir='ltr'>nota</span> <span class='ocrx_word' id='word_1_263' title='bbox 649 2632 849 2674; x_wconf 87' lang='lat' dir='ltr'>compendii</span> 
     </span>
     <span class='ocr_line' id='line_1_49' title="bbox 141 2678 850 2714; baseline -0.004 0"><span class='ocrx_word' id='word_1_264' title='bbox 141 2681 303 2714; x_wconf 81' lang='lat' dir='ltr'>accessit.</span> <span class='ocrx_word' id='word_1_265' title='bbox 332 2679 418 2713; x_wconf 85' lang='lat' dir='ltr'>Nam</span> <span class='ocrx_word' id='word_1_266' title='bbox 446 2681 474 2713; x_wconf 91' lang='lat' dir='ltr'>si</span> <span class='ocrx_word' id='word_1_267' title='bbox 503 2680 636 2713; x_wconf 78' lang='lat' dir='ltr'>Erthus</span> <span class='ocrx_word' id='word_1_268' title='bbox 667 2678 724 2712; x_wconf 89' lang='lat' dir='ltr'>vel</span> <span class='ocrx_word' id='word_1_269' title='bbox 756 2679 850 2713; x_wconf 89' lang='lat' dir='ltr'>Ner-</span> 
     </span>
     <span class='ocr_line' id='line_1_50' title="bbox 142 2727 852 2761; baseline -0.001 0"><span class='ocrx_word' id='word_1_270' title='bbox 142 2729 218 2761; x_wconf 75' lang='lat' dir='ltr'>thus</span> <span class='ocrx_word' id='word_1_271' title='bbox 245 2727 334 2761; x_wconf 89' lang='lat' dir='ltr'>deae</span> <span class='ocrx_word' id='word_1_272' title='bbox 359 2737 487 2760; x_wconf 88' lang='lat' dir='ltr'>nomen</span> <span class='ocrx_word' id='word_1_273' title='bbox 516 2727 761 2760; x_wconf 83' lang='lat' dir='ltr'>Germanicum</span> <span class='ocrx_word' id='word_1_274' title='bbox 792 2727 852 2760; x_wconf 84' lang='lat' dir='ltr'>fu-</span> 
     </span>
     <span class='ocr_line' id='line_1_51' title="bbox 143 2774 852 2818; baseline -0.003 -9"><span class='ocrx_word' id='word_1_275' title='bbox 143 2777 254 2818; x_wconf 84' lang='lat' dir='ltr'>isset,</span> <span class='ocrx_word' id='word_1_276' title='bbox 292 2774 434 2808; x_wconf 84' lang='lat' dir='ltr'>Tacitus</span> <span class='ocrx_word' id='word_1_277' title='bbox 461 2774 615 2808; x_wconf 73' lang='lat' dir='ltr'>flexurus</span> <span class='ocrx_word' id='word_1_278' title='bbox 656 2780 731 2808; x_wconf 87' lang='lat' dir='ltr'>erat</span> <span class='ocrx_word' id='word_1_279' title='bbox 758 2774 852 2808; x_wconf 87' lang='lat' dir='ltr'>Ner-</span> 
     </span>
     <span class='ocr_line' id='line_1_52' title="bbox 144 2823 852 2857; baseline -0.003 0"><span class='ocrx_word' id='word_1_280' title='bbox 144 2823 281 2857; x_wconf 77' lang='lat' dir='ltr'>thudem</span> <span class='ocrx_word' id='word_1_281' title='bbox 317 2827 378 2856; x_wconf 87' lang='lat' dir='ltr'>aut</span> <span class='ocrx_word' id='word_1_282' title='bbox 417 2823 626 2856; x_wconf 78' lang='lat' dir='ltr'>Nerthutem·</span> <span class='ocrx_word' id='word_1_283' title='bbox 655 2827 715 2856; x_wconf 82' lang='lat' dir='ltr'>aut</span> <span class='ocrx_word' id='word_1_284' title='bbox 758 2823 852 2856; x_wconf 86' lang='lat' dir='ltr'>Ner-</span> 
     </span>
     <span class='ocr_line' id='line_1_53' title="bbox 145 2870 854 2916; baseline -0.003 -11"><span class='ocrx_word' id='word_1_285' title='bbox 145 2871 291 2914; x_wconf 83' lang='lat' dir='ltr'>thurem,</span> <span class='ocrx_word' id='word_1_286' title='bbox 309 2875 348 2903; x_wconf 92' lang='lat' dir='ltr'>ut</span> <span class='ocrx_word' id='word_1_287' title='bbox 370 2870 546 2916; x_wconf 73' lang='lat' dir='ltr'>paludem,</span> <span class='ocrx_word' id='word_1_288' title='bbox 573 2871 744 2912; x_wconf 76' lang='lat' dir='ltr'>virtutem,</span> <span class='ocrx_word' id='word_1_289' title='bbox 776 2870 854 2903; x_wconf 87' lang='lat' dir='ltr'>Tel-</span> 
     </span>
     <span class='ocr_line' id='line_1_54' title="bbox 146 2918 854 2964; baseline -0.003 -10"><span class='ocrx_word' id='word_1_290' title='bbox 146 2919 267 2954; x_wconf 83' lang='lat' dir='ltr'>lurem.</span> <span class='ocrx_word' id='word_1_291' title='bbox 322 2919 451 2953; x_wconf 85' lang='lat' dir='ltr'>Verum</span> <span class='ocrx_word' id='word_1_292' title='bbox 477 2929 595 2964; x_wconf 90' lang='lat' dir='ltr'>neque</span> <span class='ocrx_word' id='word_1_293' title='bbox 626 2918 759 2952; x_wconf 83' lang='lat' dir='ltr'>Erthus</span> <span class='ocrx_word' id='word_1_294' title='bbox 786 2929 854 2952; x_wconf 90' lang='lat' dir='ltr'>ne-</span> 
     </span>
     <span class='ocr_line' id='line_1_55' title="bbox 146 2966 854 3016; baseline -0.003 -14"><span class='ocrx_word' id='word_1_295' title='bbox 146 2978 215 3016; x_wconf 91' lang='lat' dir='ltr'>que</span> <span class='ocrx_word' id='word_1_296' title='bbox 230 2966 383 3003; x_wconf 71' lang='lat' dir='ltr'>Nerthus</span> <span class='ocrx_word' id='word_1_297' title='bbox 402 2967 611 3004; x_wconf 85' lang='lat' dir='ltr'>Germanica</span> <span class='ocrx_word' id='word_1_298' title='bbox 635 2976 707 3002; x_wconf 84' lang='lat' dir='ltr'>vox</span> <span class='ocrx_word' id='word_1_299' title='bbox 727 2971 762 3002; x_wconf 88' lang='lat' dir='ltr'>et</span> <span class='ocrx_word' id='word_1_300' title='bbox 786 2976 854 3002; x_wconf 88' lang='lat' dir='ltr'>vo-</span> 
     </span>
    </p>
   </div>
   <div class='ocr_carea' id='block_1_20' title="bbox 738 1241 1613 1336">
    <p class='ocr_par' dir='ltr' id='par_1_21' title="bbox 738 1241 1613 1336">
     <span class='ocr_line' id='line_1_56' title="bbox 738 1241 1613 1285; baseline 0.002 -8"><span class='ocrx_word' id='word_1_301' title='bbox 738 1244 771 1277; x_wconf 77' lang='lat'>5.</span> <span class='ocrx_word' id='word_1_302' title='bbox 800 1243 838 1275; x_wconf 82' lang='lat' dir='ltr'>in</span> <span class='ocrx_word' id='word_1_303' title='bbox 863 1253 905 1276; x_wconf 84' lang='lat' dir='ltr'>ea</span> <span class='ocrx_word' id='word_1_304' title='bbox 935 1252 1013 1276; x_wconf 90' lang='lat' dir='ltr'>cum</span> <span class='ocrx_word' id='word_1_305' title='bbox 1043 1243 1174 1279; x_wconf 80' lang='lat' dir='ltr'>ceteris</span> <span class='ocrx_word' id='word_1_306' title='bbox 1208 1241 1255 1276; x_wconf 87' lang='lat' dir='ltr'>P:</span> <span class='ocrx_word' id='word_1_307' title='bbox 1280 1244 1389 1285; x_wconf 84' lang='lat' dir='ltr'>tacite</span> <span class='ocrx_word' id='word_1_308' title='bbox 1416 1249 1613 1278; x_wconf 84' lang='lat' dir='ltr'>correctum</span> 
     </span>
     <span class='ocr_line' id='line_1_57' title="bbox 796 1290 1358 1336; baseline 0.002 -11"><span class='ocrx_word' id='word_1_309' title='bbox 796 1291 830 1325; x_wconf 91' lang='lat'>8.</span> <span class='ocrx_word' id='word_1_310' title='bbox 861 1290 921 1326; x_wconf 81' lang='lat' dir='ltr'>leti</span> <span class='ocrx_word' id='word_1_311' title='bbox 947 1290 983 1324; x_wconf 90' lang='lat' dir='ltr'>P.</span> <span class='ocrx_word' id='word_1_312' title='bbox 1034 1290 1067 1326; x_wconf 87' lang='grc'>9.</span> <span class='ocrx_word' id='word_1_313' title='bbox 1095 1297 1296 1336; x_wconf 72' lang='grc' dir='ltr'>ιμιαεειῖᾳυε</span> <span class='ocrx_word' id='word_1_314' title='bbox 1322 1291 1358 1326; x_wconf 88' lang='grc' dir='ltr'>Ρ.</span> 
     </span>
    </p>
   </div>
   <div class='ocr_carea' id='block_1_21' title="bbox 1426 1293 1614 1338">
    <p class='ocr_par' dir='ltr' id='par_1_22' title="bbox 1426 1293 1614 1338">
     <span class='ocr_line' id='line_1_58' title="bbox 1426 1293 1614 1338; baseline 0.011 -13"><span class='ocrx_word' id='word_1_315' title='bbox 1426 1293 1614 1338; x_wconf 78' lang='lat' dir='ltr'>ospitioque</span> 
     </span>
    </p>
   </div>
   <div class='ocr_carea' id='block_1_22' title="bbox 907 1476 1623 2285">
    <p class='ocr_par' dir='ltr' id='par_1_23' title="bbox 907 1476 1623 2285">
     <span class='ocr_line' id='line_1_59' title="bbox 908 1476 1615 1524; baseline -0.001 -13"><span class='ocrx_word' id='word_1_316' title='bbox 908 1476 1071 1511; x_wconf 84' lang='lat' dir='ltr'>cabulum</span> <span class='ocrx_word' id='word_1_317' title='bbox 1110 1488 1264 1524; x_wconf 89' lang='lat' dir='ltr'>unquam</span> <span class='ocrx_word' id='word_1_318' title='bbox 1306 1478 1399 1520; x_wconf 83' lang='lat' dir='ltr'>suit,</span> <span class='ocrx_word' id='word_1_319' title='bbox 1445 1477 1509 1512; x_wconf 89' lang='lat' dir='ltr'>sed</span> <span class='ocrx_word' id='word_1_320' title='bbox 1547 1476 1615 1512; x_wconf 88' lang='lat' dir='ltr'>fuit</span> 
     </span>
     <span class='ocr_line' id='line_1_60' title="bbox 907 1525 1614 1570; baseline 0.003 -12"><span class='ocrx_word' id='word_1_321' title='bbox 907 1526 1027 1560; x_wconf 81' lang='lat' dir='ltr'>airtha</span> <span class='ocrx_word' id='word_1_322' title='bbox 1069 1526 1161 1570; x_wconf 90' lang='lat' dir='ltr'>apud</span> <span class='ocrx_word' id='word_1_323' title='bbox 1214 1525 1347 1560; x_wconf 90' lang='lat' dir='ltr'>Gothos</span> <span class='ocrx_word' id='word_1_324' title='bbox 1390 1536 1453 1570; x_wconf 90' lang='lat' dir='ltr'>pro</span> <span class='ocrx_word' id='word_1_325' title='bbox 1495 1532 1614 1568; x_wconf 78' lang='lat' dir='ltr'>terra,</span> 
     </span>
     <span class='ocr_line' id='line_1_61' title="bbox 908 1574 1615 1619; baseline -0.004 -12"><span class='ocrx_word' id='word_1_326' title='bbox 908 1574 1072 1619; x_wconf 88' lang='lat' dir='ltr'>idemque</span> <span class='ocrx_word' id='word_1_327' title='bbox 1113 1585 1242 1608; x_wconf 90' lang='lat' dir='ltr'>nomen</span> <span class='ocrx_word' id='word_1_328' title='bbox 1276 1575 1313 1607; x_wconf 90' lang='lat' dir='ltr'>in</span> <span class='ocrx_word' id='word_1_329' title='bbox 1350 1575 1496 1619; x_wconf 89' lang='lat' dir='ltr'>antiquo</span> <span class='ocrx_word' id='word_1_330' title='bbox 1534 1584 1615 1609; x_wconf 83' lang='lat' dir='ltr'>ser..</span> 
     </span>
     <span class='ocr_line' id='line_1_62' title="bbox 908 1622 1617 1664; baseline 0.001 -9"><span class='ocrx_word' id='word_1_331' title='bbox 908 1632 1014 1656; x_wconf 89' lang='lat' dir='ltr'>mone</span> <span class='ocrx_word' id='word_1_332' title='bbox 1052 1622 1249 1657; x_wconf 75' lang='lat' dir='ltr'>&#39;l&#39;heodisco</span> <span class='ocrx_word' id='word_1_333' title='bbox 1289 1622 1391 1656; x_wconf 84' lang='lat' dir='ltr'>Erda</span> <span class='ocrx_word' id='word_1_334' title='bbox 1428 1622 1547 1664; x_wconf 90' lang='lat' dir='ltr'>audit,</span> <span class='ocrx_word' id='word_1_335' title='bbox 1581 1623 1617 1656; x_wconf 90' lang='lat' dir='ltr'>in</span> 
     </span>
     <span class='ocr_line' id='line_1_63' title="bbox 909 1671 1618 1716; baseline 0.001 -13"><span class='ocrx_word' id='word_1_336' title='bbox 909 1680 1004 1704; x_wconf 86' lang='lat' dir='ltr'>novo</span> <span class='ocrx_word' id='word_1_337' title='bbox 1033 1671 1154 1714; x_wconf 83' lang='lat' dir='ltr'>Erde,</span> <span class='ocrx_word' id='word_1_338' title='bbox 1198 1673 1235 1705; x_wconf 89' lang='lat' dir='ltr'>in</span> <span class='ocrx_word' id='word_1_339' title='bbox 1267 1672 1412 1716; x_wconf 87' lang='lat' dir='ltr'>antiquo</span> <span class='ocrx_word' id='word_1_340' title='bbox 1440 1671 1618 1705; x_wconf 85' lang='lat' dir='ltr'>Saxonum</span> 
     </span>
     <span class='ocr_line' id='line_1_64' title="bbox 911 1718 1618 1765; baseline 0 -13"><span class='ocrx_word' id='word_1_341' title='bbox 911 1719 1039 1762; x_wconf 80' lang='lat' dir='ltr'>Ertha,</span> <span class='ocrx_word' id='word_1_342' title='bbox 1062 1721 1098 1752; x_wconf 88' lang='lat' dir='ltr'>in</span> <span class='ocrx_word' id='word_1_343' title='bbox 1116 1720 1271 1765; x_wconf 86' lang='lat' dir='ltr'>Anglico</span> <span class='ocrx_word' id='word_1_344' title='bbox 1288 1719 1400 1753; x_wconf 79' lang='lat' dir='ltr'>earth.</span> <span class='ocrx_word' id='word_1_345' title='bbox 1441 1718 1532 1753; x_wconf 90' lang='lat' dir='ltr'>Hinc</span> <span class='ocrx_word' id='word_1_346' title='bbox 1546 1719 1618 1764; x_wconf 83' lang='lat' dir='ltr'>igi-</span> 
     </span>
     <span class='ocr_line' id='line_1_65' title="bbox 910 1766 1619 1809; baseline 0.001 -9"><span class='ocrx_word' id='word_1_347' title='bbox 910 1772 966 1800; x_wconf 86' lang='lat' dir='ltr'>tur</span> <span class='ocrx_word' id='word_1_348' title='bbox 992 1768 1143 1801; x_wconf 82' lang='lat' dir='ltr'>Ertham</span> <span class='ocrx_word' id='word_1_349' title='bbox 1167 1767 1246 1801; x_wconf 82' lang='lat' dir='ltr'>dedi</span> <span class='ocrx_word' id='word_1_350' title='bbox 1268 1794 1277 1809; x_wconf 91' lang='lat'>,</span> <span class='ocrx_word' id='word_1_351' title='bbox 1313 1778 1442 1801; x_wconf 89' lang='lat' dir='ltr'>nomen</span> <span class='ocrx_word' id='word_1_352' title='bbox 1470 1766 1558 1801; x_wconf 85' lang='lat' dir='ltr'>deae</span> <span class='ocrx_word' id='word_1_353' title='bbox 1584 1771 1619 1801; x_wconf 86' lang='lat' dir='ltr'>et</span> 
     </span>
     <span class='ocr_line' id='line_1_66' title="bbox 912 1815 1618 1859; baseline 0.001 -11"><span class='ocrx_word' id='word_1_354' title='bbox 912 1826 996 1849; x_wconf 87' lang='lat' dir='ltr'>vere</span> <span class='ocrx_word' id='word_1_355' title='bbox 1027 1815 1285 1850; x_wconf 87' lang='lat' dir='ltr'>Germanicum.</span> <span class='ocrx_word' id='word_1_356' title='bbox 1330 1816 1422 1850; x_wconf 83' lang='lat' dir='ltr'>Novi</span> <span class='ocrx_word' id='word_1_357' title='bbox 1450 1815 1618 1859; x_wconf 82' lang='lat' dir='ltr'>editores,</span> 
     </span>
     <span class='ocr_line' id='line_1_67' title="bbox 912 1863 1619 1899; baseline -0.001 -2"><span class='ocrx_word' id='word_1_358' title='bbox 912 1864 1094 1898; x_wconf 87' lang='lat' dir='ltr'>infelicem</span> <span class='ocrx_word' id='word_1_359' title='bbox 1131 1865 1200 1899; x_wconf 88' lang='lat' dir='ltr'>lac.</span> <span class='ocrx_word' id='word_1_360' title='bbox 1238 1863 1395 1897; x_wconf 88' lang='lat' dir='ltr'>Grimmii</span> <span class='ocrx_word' id='word_1_361' title='bbox 1431 1865 1619 1898; x_wconf 89' lang='lat' dir='ltr'>coniectu-</span> 
     </span>
     <span class='ocr_line' id='line_1_68' title="bbox 911 1912 1618 1956; baseline 0.003 -12"><span class='ocrx_word' id='word_1_362' title='bbox 911 1922 983 1945; x_wconf 85' lang='lat' dir='ltr'>ram</span> <span class='ocrx_word' id='word_1_363' title='bbox 1011 1913 1148 1956; x_wconf 85' lang='lat' dir='ltr'>secuti‚</span> <span class='ocrx_word' id='word_1_364' title='bbox 1186 1913 1404 1956; x_wconf 86' lang='lat' dir='ltr'>scripserunt</span> <span class='ocrx_word' id='word_1_365' title='bbox 1438 1912 1618 1956; x_wconf 82' lang='lat' dir='ltr'>Nerthum,</span> 
     </span>
     <span class='ocr_line' id='line_1_69' title="bbox 914 1959 1620 1995; baseline 0 -1"><span class='ocrx_word' id='word_1_366' title='bbox 914 1961 994 1994; x_wconf 85' lang='lat' dir='ltr'>freti</span> <span class='ocrx_word' id='word_1_367' title='bbox 1022 1962 1166 1994; x_wconf 83' lang='lat' dir='ltr'>nomine</span> <span class='ocrx_word' id='word_1_368' title='bbox 1193 1961 1349 1995; x_wconf 72' lang='lat' dir='ltr'>Niordhr</span> <span class='ocrx_word' id='word_1_369' title='bbox 1377 1971 1420 1994; x_wconf 88' lang='lat' dir='ltr'>ex</span> <span class='ocrx_word' id='word_1_370' title='bbox 1434 1959 1532 1994; x_wconf 74' lang='lat' dir='ltr'>Euda</span> <span class='ocrx_word' id='word_1_371' title='bbox 1558 1971 1620 1994; x_wconf 89' lang='lat' dir='ltr'>re-</span> 
     </span>
     <span class='ocr_line' id='line_1_70' title="bbox 913 2009 1620 2051; baseline -0.001 -9"><span class='ocrx_word' id='word_1_372' title='bbox 913 2009 997 2042; x_wconf 84' lang='lat' dir='ltr'>lato.</span> <span class='ocrx_word' id='word_1_373' title='bbox 1054 2009 1123 2043; x_wconf 90' lang='lat' dir='ltr'>Sed</span> <span class='ocrx_word' id='word_1_374' title='bbox 1150 2009 1305 2042; x_wconf 72' lang='lat' dir='ltr'>Nifirdhr</span> <span class='ocrx_word' id='word_1_375' title='bbox 1331 2014 1386 2042; x_wconf 86' lang='lat' dir='ltr'>est</span> <span class='ocrx_word' id='word_1_376' title='bbox 1411 2009 1514 2051; x_wconf 80' lang='lat' dir='ltr'>deus,</span> <span class='ocrx_word' id='word_1_377' title='bbox 1548 2018 1620 2042; x_wconf 89' lang='lat' dir='ltr'>non</span> 
     </span>
     <span class='ocr_line' id='line_1_71' title="bbox 914 2057 1620 2099; baseline -0.001 -9"><span class='ocrx_word' id='word_1_378' title='bbox 914 2057 1000 2099; x_wconf 81' lang='lat' dir='ltr'>dea3</span> <span class='ocrx_word' id='word_1_379' title='bbox 1036 2057 1128 2090; x_wconf 88' lang='lat' dir='ltr'>idem</span> <span class='ocrx_word' id='word_1_380' title='bbox 1156 2067 1226 2090; x_wconf 89' lang='lat' dir='ltr'>non</span> <span class='ocrx_word' id='word_1_381' title='bbox 1253 2063 1372 2090; x_wconf 82' lang='lat' dir='ltr'>terrae</span> <span class='ocrx_word' id='word_1_382' title='bbox 1394 2067 1525 2090; x_wconf 88' lang='lat' dir='ltr'>numen</span> <span class='ocrx_word' id='word_1_383' title='bbox 1553 2062 1620 2099; x_wconf 87' lang='lat' dir='ltr'>est,</span> 
     </span>
     <span class='ocr_line' id='line_1_72' title="bbox 914 2105 1622 2149; baseline 0 -11"><span class='ocrx_word' id='word_1_384' title='bbox 914 2105 977 2139; x_wconf 87' lang='lat' dir='ltr'>sed</span> <span class='ocrx_word' id='word_1_385' title='bbox 1002 2106 1108 2139; x_wconf 85' lang='lat' dir='ltr'>maris</span> <span class='ocrx_word' id='word_1_386' title='bbox 1150 2110 1399 2149; x_wconf 82' lang='lat' dir='ltr'>tempestatum</span> <span class='ocrx_word' id='word_1_387' title='bbox 1434 2110 1561 2149; x_wconf 84' lang='lat' dir='ltr'>potens</span> <span class='ocrx_word' id='word_1_388' title='bbox 1587 2109 1622 2139; x_wconf 86' lang='lat' dir='ltr'>et</span> 
     </span>
     <span class='ocr_line' id='line_1_73' title="bbox 915 2153 1622 2199; baseline 0.001 -13"><span class='ocrx_word' id='word_1_389' title='bbox 915 2153 1116 2187; x_wconf 88' lang='lat' dir='ltr'>moderator</span> <span class='ocrx_word' id='word_1_390' title='bbox 1142 2155 1248 2199; x_wconf 88' lang='lat' dir='ltr'>ignis.</span> <span class='ocrx_word' id='word_1_391' title='bbox 1283 2153 1381 2199; x_wconf 85' lang='lat' dir='ltr'>Lege</span> <span class='ocrx_word' id='word_1_392' title='bbox 1407 2153 1476 2187; x_wconf 86' lang='lat' dir='ltr'>lac.</span> <span class='ocrx_word' id='word_1_393' title='bbox 1505 2153 1622 2187; x_wconf 90' lang='lat' dir='ltr'>Grim-</span> 
     </span>
     <span class='ocr_line' id='line_1_74' title="bbox 915 2201 1623 2247; baseline 0 -13"><span class='ocrx_word' id='word_1_394' title='bbox 915 2203 974 2235; x_wconf 87' lang='lat' dir='ltr'>mii</span> <span class='ocrx_word' id='word_1_395' title='bbox 991 2202 1189 2247; x_wconf 72' lang='lat' dir='ltr'>Mytliolog.</span> <span class='ocrx_word' id='word_1_396' title='bbox 1210 2201 1343 2236; x_wconf 82' lang='lat' dir='ltr'>Theod.</span> <span class='ocrx_word' id='word_1_397' title='bbox 1373 2212 1406 2245; x_wconf 87' lang='lat' dir='ltr'>p.</span> <span class='ocrx_word' id='word_1_398' title='bbox 1428 2202 1491 2235; x_wconf 82' lang='lat'>197</span> <span class='ocrx_word' id='word_1_399' title='bbox 1509 2212 1560 2246; x_wconf 88' lang='lat' dir='ltr'>sq.</span> <span class='ocrx_word' id='word_1_400' title='bbox 1587 2206 1623 2234; x_wconf 90' lang='lat' dir='ltr'>et</span> 
     </span>
     <span class='ocr_line' id='line_1_75' title="bbox 916 2249 1410 2285; baseline -0.004 -1"><span class='ocrx_word' id='word_1_401' title='bbox 916 2251 1105 2285; x_wconf 79' lang='lat'>230-231</span> <span class='ocrx_word' id='word_1_402' title='bbox 1137 2249 1191 2283; x_wconf 79' lang='lat' dir='ltr'>ed.</span> <span class='ocrx_word' id='word_1_403' title='bbox 1219 2249 1410 2283; x_wconf 87' lang='lat' dir='ltr'>secundae.</span> 
     </span>
    </p>
   </div>
   <div class='ocr_carea' id='block_1_23' title="bbox 915 2319 1627 2794">
    <p class='ocr_par' dir='ltr' id='par_1_24' title="bbox 915 2319 1627 2794">
     <span class='ocr_line' id='line_1_76' title="bbox 1003 2319 1624 2352; baseline -0.002 0"><span class='ocrx_word' id='word_1_404' title='bbox 1003 2325 1050 2352; x_wconf 87' lang='lat' dir='ltr'>est</span> <span class='ocrx_word' id='word_1_405' title='bbox 1084 2321 1122 2352; x_wconf 80' lang='lat' dir='ltr'>in</span> <span class='ocrx_word' id='word_1_406' title='bbox 1164 2319 1280 2352; x_wconf 81' lang='lat' dir='ltr'>insula</span> <span class='ocrx_word' id='word_1_407' title='bbox 1317 2319 1451 2352; x_wconf 72' lang='lat' dir='ltr'>Oceani</span> <span class='ocrx_word' id='word_1_408' title='bbox 1493 2323 1624 2351; x_wconf 80' lang='lat' dir='ltr'>castum</span> 
     </span>
     <span class='ocr_line' id='line_1_77' title="bbox 915 2366 1624 2411; baseline 0 -12"><span class='ocrx_word' id='word_1_409' title='bbox 915 2378 1053 2400; x_wconf 77' lang='lat' dir='ltr'>nemus.-</span> <span class='ocrx_word' id='word_1_410' title='bbox 1081 2377 1156 2399; x_wconf 77' lang='lat' dir='ltr'>eam</span> <span class='ocrx_word' id='word_1_411' title='bbox 1178 2366 1327 2399; x_wconf 84' lang='lat' dir='ltr'>insulam</span> <span class='ocrx_word' id='word_1_412' title='bbox 1348 2367 1459 2400; x_wconf 80' lang='lat' dir='ltr'>fuisse</span> <span class='ocrx_word' id='word_1_413' title='bbox 1474 2366 1624 2411; x_wconf 82' lang='lat' dir='ltr'>Rugiam</span> 
     </span>
     <span class='ocr_line' id='line_1_78' title="bbox 917 2413 1623 2460; baseline -0.003 -12"><span class='ocrx_word' id='word_1_414' title='bbox 917 2415 1074 2460; x_wconf 71' lang='lat' dir='ltr'>(Rv&#39;iyen)</span> <span class='ocrx_word' id='word_1_415' title='bbox 1100 2418 1171 2446; x_wconf 89' lang='lat' dir='ltr'>tum</span> <span class='ocrx_word' id='word_1_416' title='bbox 1193 2419 1337 2458; x_wconf 86' lang='lat' dir='ltr'>propter</span> <span class='ocrx_word' id='word_1_417' title='bbox 1363 2413 1466 2448; x_wconf 88' lang='lat' dir='ltr'>sedes</span> <span class='ocrx_word' id='word_1_418' title='bbox 1487 2418 1623 2458; x_wconf 86' lang='lat' dir='ltr'>septem</span> 
     </span>
     <span class='ocr_line' id='line_1_79' title="bbox 917 2462 1625 2506; baseline 0 -12"><span class='ocrx_word' id='word_1_419' title='bbox 917 2462 1128 2506; x_wconf 87' lang='lat' dir='ltr'>populorum</span> <span class='ocrx_word' id='word_1_420' title='bbox 1183 2462 1321 2496; x_wconf 74' lang='lat' dir='ltr'>&#39;l&#39;erram</span> <span class='ocrx_word' id='word_1_421' title='bbox 1378 2463 1625 2496; x_wconf 84' lang='lat' dir='ltr'>venerantium</span> 
     </span>
     <span class='ocr_line' id='line_1_80' title="bbox 920 2510 1627 2554; baseline -0.001 -11"><span class='ocrx_word' id='word_1_422' title='bbox 920 2510 1065 2544; x_wconf 86' lang='lat' dir='ltr'>credere</span> <span class='ocrx_word' id='word_1_423' title='bbox 1093 2510 1199 2553; x_wconf 90' lang='lat' dir='ltr'>licet,</span> <span class='ocrx_word' id='word_1_424' title='bbox 1233 2516 1304 2544; x_wconf 85' lang='lat' dir='ltr'>tum</span> <span class='ocrx_word' id='word_1_425' title='bbox 1332 2511 1414 2544; x_wconf 91' lang='lat' dir='ltr'>inde</span> <span class='ocrx_word' id='word_1_426' title='bbox 1442 2510 1627 2554; x_wconf 82' lang='lat' dir='ltr'>colligitur</span> 
     </span>
     <span class='ocr_line' id='line_1_81' title="bbox 919 2558 1627 2603; baseline -0.001 -12"><span class='ocrx_word' id='word_1_427' title='bbox 919 2558 1012 2603; x_wconf 86' lang='lat' dir='ltr'>quod</span> <span class='ocrx_word' id='word_1_428' title='bbox 1062 2558 1160 2592; x_wconf 84' lang='lat' dir='ltr'>lacus</span> <span class='ocrx_word' id='word_1_429' title='bbox 1207 2565 1360 2593; x_wconf 79' lang='lat' dir='ltr'>secretus</span> <span class='ocrx_word' id='word_1_430' title='bbox 1396 2559 1504 2603; x_wconf 79' lang='lat' dir='ltr'>paulo</span> <span class='ocrx_word' id='word_1_431' title='bbox 1546 2562 1627 2602; x_wconf 87' lang='lat' dir='ltr'>post</span> 
     </span>
     <span class='ocr_line' id='line_1_82' title="bbox 919 2606 1626 2647; baseline -0.001 -8"><span class='ocrx_word' id='word_1_432' title='bbox 919 2612 1143 2640; x_wconf 85' lang='lat' dir='ltr'>memoratur.</span> <span class='ocrx_word' id='word_1_433' title='bbox 1195 2607 1287 2642; x_wconf 83' lang='lat' dir='ltr'>Talis</span> <span class='ocrx_word' id='word_1_434' title='bbox 1323 2609 1416 2641; x_wconf 89' lang='lat' dir='ltr'>enim</span> <span class='ocrx_word' id='word_1_435' title='bbox 1450 2606 1526 2640; x_wconf 87' lang='lat' dir='ltr'>illic</span> <span class='ocrx_word' id='word_1_436' title='bbox 1561 2610 1626 2647; x_wconf 86' lang='lat' dir='ltr'>est,</span> 
     </span>
     <span class='ocr_line' id='line_1_83' title="bbox 918 2654 1627 2700; baseline -0.004 -12"><span class='ocrx_word' id='word_1_437' title='bbox 918 2654 1010 2688; x_wconf 88' lang='lat' dir='ltr'>silva</span> <span class='ocrx_word' id='word_1_438' title='bbox 1036 2655 1147 2689; x_wconf 88' lang='lat' dir='ltr'>densa</span> <span class='ocrx_word' id='word_1_439' title='bbox 1180 2661 1324 2700; x_wconf 86' lang='lat' dir='ltr'>saeptus</span> <span class='ocrx_word' id='word_1_440' title='bbox 1358 2660 1393 2688; x_wconf 90' lang='lat' dir='ltr'>et</span> <span class='ocrx_word' id='word_1_441' title='bbox 1419 2664 1521 2700; x_wconf 87' lang='lat' dir='ltr'>quam</span> <span class='ocrx_word' id='word_1_442' title='bbox 1550 2663 1627 2686; x_wconf 81' lang='lat' dir='ltr'>ma-</span> 
     </span>
     <span class='ocr_line' id='line_1_84' title="bbox 920 2701 1627 2746; baseline -0.004 -10"><span class='ocrx_word' id='word_1_443' title='bbox 920 2703 1013 2738; x_wconf 79' lang='lat' dir='ltr'>xime</span> <span class='ocrx_word' id='word_1_444' title='bbox 1037 2708 1210 2746; x_wconf 84' lang='lat' dir='ltr'>secretus,</span> <span class='ocrx_word' id='word_1_445' title='bbox 1238 2705 1408 2737; x_wconf 84' lang='lat' dir='ltr'>immensa</span> <span class='ocrx_word' id='word_1_446' title='bbox 1438 2701 1627 2746; x_wconf 82' lang='lat' dir='ltr'>profundi-</span> 
     </span>
     <span class='ocr_line' id='line_1_85' title="bbox 919 2751 1568 2794; baseline -0.003 -10"><span class='ocrx_word' id='word_1_447' title='bbox 919 2756 1002 2794; x_wconf 86' lang='lat' dir='ltr'>tate,</span> <span class='ocrx_word' id='word_1_448' title='bbox 1031 2753 1087 2785; x_wconf 90' lang='lat' dir='ltr'>cui</span> <span class='ocrx_word' id='word_1_449' title='bbox 1116 2751 1221 2784; x_wconf 88' lang='lat' dir='ltr'>hodie</span> <span class='ocrx_word' id='word_1_450' title='bbox 1249 2761 1376 2784; x_wconf 89' lang='lat' dir='ltr'>nomen</span> <span class='ocrx_word' id='word_1_451' title='bbox 1405 2751 1568 2794; x_wconf 74' lang='lat' dir='ltr'>Burqsee.</span> 
     </span>
    </p>
   </div>
   <div class='ocr_carea' id='block_1_24' title="bbox 921 2819 1631 3010">
    <p class='ocr_par' dir='ltr' id='par_1_25' title="bbox 921 2819 1631 3010">
     <span class='ocr_line' id='line_1_86' title="bbox 982 2819 1628 2864; baseline -0.003 -10"><span class='ocrx_word' id='word_1_452' title='bbox 982 2827 1180 2864; x_wconf 83' lang='lat' dir='ltr'>vectamque</span> <span class='ocrx_word' id='word_1_453' title='bbox 1203 2821 1306 2854; x_wconf 82' lang='lat' dir='ltr'>bubus</span> <span class='ocrx_word' id='word_1_454' title='bbox 1321 2820 1483 2864; x_wconf 78' lang='lat' dir='ltr'>seminis:</span> <span class='ocrx_word' id='word_1_455' title='bbox 1512 2819 1628 2863; x_wconf 86' lang='lat' dir='ltr'>ipsum</span> 
     </span>
     <span class='ocr_line' id='line_1_87' title="bbox 921 2867 1629 2911; baseline -0.001 -10"><span class='ocrx_word' id='word_1_456' title='bbox 921 2868 1126 2902; x_wconf 87' lang='lat' dir='ltr'>vehiculum</span> <span class='ocrx_word' id='word_1_457' title='bbox 1164 2869 1198 2901; x_wconf 88' lang='lat' dir='ltr'>iu</span> <span class='ocrx_word' id='word_1_458' title='bbox 1233 2869 1389 2911; x_wconf 89' lang='lat' dir='ltr'>speciem</span> <span class='ocrx_word' id='word_1_459' title='bbox 1415 2867 1629 2901; x_wconf 85' lang='lat' dir='ltr'>Liburnicae</span> 
     </span>
     <span class='ocr_line' id='line_1_88' title="bbox 921 2915 1629 2958; baseline 0 -10"><span class='ocrx_word' id='word_1_460' title='bbox 921 2916 1121 2958; x_wconf 82' lang='lat' dir='ltr'>formatum,</span> <span class='ocrx_word' id='word_1_461' title='bbox 1157 2920 1192 2949; x_wconf 90' lang='lat' dir='ltr'>et</span> <span class='ocrx_word' id='word_1_462' title='bbox 1232 2915 1324 2949; x_wconf 88' lang='lat' dir='ltr'>hanc</span> <span class='ocrx_word' id='word_1_463' title='bbox 1369 2915 1516 2950; x_wconf 82' lang='lat' dir='ltr'>Ertham</span> <span class='ocrx_word' id='word_1_464' title='bbox 1557 2924 1629 2948; x_wconf 87' lang='lat' dir='ltr'>non</span> 
     </span>
     <span class='ocr_line' id='line_1_89' title="bbox 922 2963 1631 3010; baseline 0.003 -12"><span class='ocrx_word' id='word_1_465' title='bbox 922 2964 1026 2999; x_wconf 81' lang='lat' dir='ltr'>aliam</span> <span class='ocrx_word' id='word_1_466' title='bbox 1052 2964 1163 2999; x_wconf 82' lang='lat' dir='ltr'>fuisse</span> <span class='ocrx_word' id='word_1_467' title='bbox 1190 2963 1304 3008; x_wconf 83' lang='lat' dir='ltr'>deam,</span> <span class='ocrx_word' id='word_1_468' title='bbox 1316 2974 1420 3010; x_wconf 84' lang='lat' dir='ltr'>quam</span> <span class='ocrx_word' id='word_1_469' title='bbox 1446 2973 1537 3010; x_wconf 76' lang='lat' dir='ltr'>quae</span> <span class='ocrx_word' id='word_1_470' title='bbox 1560 2963 1631 3000; x_wconf 69' lang='grc'><strong>(1.9</strong></span> 
     </span>
    </p>
   </div>
  </div>
 </body>
</html>
