1768 3216
115 215 202 256 0528.
228 221 288 256 69.
312 239 314 241 >
581 218 715 254 LIBER
740 218 799 255 ΠΙ.
854 218 942 254 Cn.
967 219 1124 257 60-62,
1526 220 1612 259 ,258

112 337 429 390 transitionem,
481 337 551 391 qui
578 349 675 379 suas
707 337 917 379 centurias
947 340 1186 390 turmasque
1225 335 1417 387 tradere,
1458 335 1612 376 donum

112 411 266 453 victori
297 415 339 453 et
367 410 448 454 sibi
482 411 524 452 in
551 415 764 465 posterum
792 411 993 465 gratiam,
1027 411 1257 452 certabant.
1316 409 1395 451 Per
1425 421 1500 451 eos
1533 421 1614 451 co-

117 485 278 540 gnitum
297 489 362 528 est
381 485 656 528 Interamnam
676 485 879 539 proximis
911 485 1068 538 campis
1087 485 1299 538 praesidio
1326 484 1616 538 quadringen-

113 563 248 602 torum
278 559 460 614 equitum
490 560 637 601 teneri.
698 560 850 601 Missus
885 559 1090 613 extemplo
1119 558 1253 600 Varus
1301 571 1390 600 cum
1423 558 1615 612 expedita

122 646 246 677 manu
275 647 433 688 paucos
463 634 783 689 repugnantium
814 633 1046 684 interfecit3
1085 633 1226 687 plures
1270 633 1444 674 abiectis
1490 632 1646 674 armis⁵
1702 662 1719 690 „¹

118 709 283 752 veniam
304 709 507 764 petivere.
568 709 744 758 Quidam
775 708 818 749 in
850 708 1167 773 (ΜΨ
1198 712 1346 750 cuncta
1395 707 1618 749 formidine
1650 668 1686 739 [s
1712 674 1764 732 μ’

116 783 373 838 implebant,
415 783 609 838 augendo
652 783 890 825 rumoribus
934 783 1128 823 virtutem
1169 782 1395 836 copiasque
1423 781 1617 833 hostium,
1638 748 1768 858 ῖῧῖ]

114 869 196 912 quo
227 857 370 900 amissi
399 857 599 911 praesidii
630 857 815 899 dedecus
843 857 1034 899 lenirent.
1095 857 1183 898 Nec
1214 856 1296 897 ulla
1340 855 1448 909 apud
1481 854 1620 896 Vitel-

113 931 250 973 lianos
277 930 427 986 flagitii
455 943 590 985 poena
611 963 622 985 ,
656 935 697 973 et
726 931 924 985 praemiis
965 929 1224 972 defectorum
1255 941 1379 972 versa
1409 929 1540 981 fides,
1571 940 1621 969 ac
1656 984 1660 988 ι

114 1005 321 1059 reliquum
350 1005 552 1059 perfidiae
595 1010 821 1048 certamen.
885 1005 1042 1047 Crebra
1085 1005 1318 1059 transfugia
1362 1004 1674 1046 tribunorumm

115 1081 503 1135 centurionumque.
564 1079 668 1122 Nam
699 1081 924 1135 gregarius
955 1080 1074 1122 miles
1106 1079 1350 1139 induruerat
1379 1091 1455 1133 pro
1486 1079 1622 1121 Vitel-
1665 1063 1768 1175 Z}

111 1154 195 1207 lio,
243 1155 381 1197 donec
420 1154 585 1196 Priscus
634 1159 677 1196 et
718 1154 894 1197 Alfenus
927 1154 1107 1197 desertis
1140 1154 1289 1196 castris
1321 1154 1371 1196 ad
1412 1153 1622 1195 Vitellium

262 1210 370 1217 ---«

250 1302 387 1345 Isdem
419 1303 566 1345 diebus
597 1303 747 1345 Fabius
777 1302 931 1345 Valens
963 1303 1109 1345 Urbini
1149 1303 1191 1343 in
1239 1302 1429 1344 custodia
1461 1301 1624 1344 interfi-

115 1377 234 1418 citur.
297 1376 427 1431 Caput
457 1377 546 1426 eius
577 1377 810 1419 Vitellianis
842 1361 1087 1419 cohortiffis
1119 1381 1384 1429 ostentatum,
1418 1389 1470 1418 ne
1501 1389 1676 1430 quamn

114 1451 221 1493 ultra
251 1463 368 1505 spem
397 1454 613 1495 foverent:
659 1464 755 1493 nam
786 1452 1029 1506 pervasisse
1059 1452 1101 1492 in
1133 1451 1377 1493 Germanias
1409 1451 1623 1492 Valentem

117 1529 158 1566 et
197 1529 365 1567 veteres
406 1525 492 1567 illic
534 1537 754 1580 novosque
799 1527 1010 1568 exercitus
1057 1527 1173 1568 ciere
1222 1526 1464 1568 credebant.
1526 1525 1625 1567 Visa
1670 1550 1707 1587 ³}

118 1601 250 1643 caede
279 1601 323 1642 in
355 1602 690 1656 desperationem
737 1603 866 1644 versi.
927 1603 978 1643 Et
1023 1602 1244 1644 Flavianus
1287 1602 1497 1643 exercitus
1541 1601 1626 1659 im-

117 1687 239 1731 mane
272 1680 466 1734 Qantum
497 1677 636 1718 animo
673 1678 843 1719 exitium
867 1676 1053 1718 Valentis
1083 1681 1128 1718 ut
1156 1676 1281 1718 finem
1312 1675 1410 1717 belli
1443 1675 1621 1729 accepit.

116 1751 244 1792 Natus
275 1754 365 1793 erat
393 1745 558 1810 'Valens
589 1752 836 1807 Anagniae,
878 1752 1061 1805 equestri
1103 1751 1272 1793 familia.
1331 1751 1493 1792 Procax
1531 1762 1679 1793 mo-2o

116 1824 258 1878 ribus,
291 1826 664 1891 neffll-qu—S-{lrdus
695 1826 890 1882 ingenio,
932 1827 1083 1868 samam
1114 1826 1362 1867 urbanitatis
1392 1838 1468 1879 per
1497 1825 1628 1866 lasci-

43 1311 100 1350 62

116 1900 224 1942 viam
252 1905 411 1954 petere.
472 1901 654 1943 Ludicro
696 1901 952 1943 Iuvenalium
990 1901 1067 1943 sub
1109 1902 1278 1943 Nerone
1318 1900 1433 1942 velut
1463 1913 1516 1942 ex
1545 1912 1626 1940 ne-

463 1988 691 2042 &diso-«3
750 1993 944 2035 Twssf‘fh
966 2010 1072 2034 meaux

252 2048 287 2089 9.
311 2062 432 2100 paena
459 2053 522 2089 Ma.
591 2055 703 2090 uerba
735 2054 844 2090 GMaz
873 2056 1029 2089 correxit
1057 2054 1340 2089 Freinshemius.
1396 2057 1450 2091 12.
1477 2036 1626 2102 Alfenus

117 2100 192 2136 Ma:
219 2101 391 2148 alpheum
418 2103 457 2137 G.
534 2105 593 2140 22.
618 2110 753 2150 peteret
781 2103 857 2141 Ma:
886 2104 913 2138 G
935 2110 1066 2150 petere.
1158 2104 1320 2138 iuvenum
1348 2103 1449 2139 GMa:
1475 2106 1626 2140 iuvena-

120 2150 206 2184 lium
229 2150 386 2195 Lipsius,

119 2287 213 2322 tellii
236 2287 398 2332 partibus
417 2315 427 2332 ‚
453 2289 569 2323 donec
596 2290 672 2323 fieri
701 2295 837 2334 posset,

907 2290 985 2324 lens
1024 2291 1059 2323 in
1098 2290 1185 2336 fuga
1226 2301 1290 2324 sua
1334 2291 1378 2323 ad
1410 2291 1628 2325 Stoechadas

120 2335 266 2371 indicat.
337 2336 391 2370 Cf.
420 2337 462 2371 H.
490 2337 505 2370 1
538 2339 604 2373 13:
641 2337 839 2384 Poppaeam

908 2338 1184 2372 Massiliensium
1211 2338 1347 2372 insulas
1375 2338 1527 2383 delatus,
1555 2339 1628 2374 ibi-

120 2385 309 2427 Satinam,
347 2385 548 2431 principale
584 2392 758 2429 scortum,
802 2393 839 2420 ut

121 2434 216 2478 apud
240 2435 420 2468 conscium
449 2433 632 2468 libidinum
669 2435 839 2481 deposne-

120 2487 190 2524 ναι,
218 2482 330 2516 donec
356 2482 540 2516 Octaviam
563 2494 710 2517 umorem
738 2495 839 2517 amo-

122 2529 258 2570 liretur.
285 2530 386 2564 Adde
413 2530 455 2565 H.
486 2530 567 2566 166
593 2536 628 2565 et
656 2532 713 2574 79,
743 2531 839 2566 1124

125 2582 160 2611 et
183 2578 233 2613 49
259 2583 295 2612 et
319 2579 367 2613 54
392 2584 428 2613 et
453 2579 512 2622 67,
548 2579 594 2613 111
622 2580 665 2623 9,
702 2580 749 2613 lV
778 2581 836 2615 72.

124 2625 161 2659 Si
197 2625 291 2660 nihil
328 2628 409 2673 *nisi
452 2629 622 2671 temporis
666 2630 839 2662 terminus

123 2672 319 2713 indicatur,
354 2673 570 2708 indicativus
596 2675 837 2721 subsequitur,

124 2719 226 2754 velut
255 2720 299 2754 VI
328 2720 397 2755 44:
425 2722 535 2756 donec
565 2723 736 2758 Tiridates
762 2736 839 2758 cum

122 2769 249 2814 paucis
273 2769 312 2802 in
336 2770 479 2814 Syriam
514 2777 672 2805 revectus
703 2773 838 2818 pudore

121 2816 334 2862 proditionis
366 2828 484 2852 omnes
519 2818 658 2853 exolvit.
711 2820 766 2854 cf.
794 2821 836 2854 H.

125 2864 140 2898 1
167 2864 214 2900 63
241 2869 277 2898 et
303 2865 362 2908 82,
391 2865 487 2901 1115
516 2871 552 2901 et
574 2867 619 2901 61
643 2872 678 2901 et
702 2868 760 2912 84,
787 2868 837 2903 lv

125 2912 173 2947 66
211 2918 248 2947 et
278 2913 337 2948 78.
512 2945 515 2947 μ

198 2960 285 3007 Cap.
313 2962 372 2999 62.
432 2962 572 2997 Urbini.-
608 2962 740 2999 Fabius
765 2965 838 3000 Va-

908 2397 978 2431 que
1015 2386 1216 2421 Liburnicis
1257 2397 1278 2420 a
1319 2387 1469 2421 Paulino
1510 2389 1628 2423 missis

910 2440 1033 2478 captus
1064 2438 1115 2480 (c.
1143 2436 1224 2481 43),
1253 2435 1297 2468 ad
1322 2438 1518 2470 exercitum
1542 2436 1628 2471 Fla-

908 2484 1095 2517 vianorum
1122 2483 1256 2517 Fanum
1294 2483 1473 2519 Fortunae
1509 2490 1628 2519 trans-

910 2532 1129 2576 portabatur.
1194 2532 1233 2566 ln
1262 2542 1304 2566 eo
1331 2534 1462 2567 itinere
1490 2533 1627 2576 Urbini,

910 2580 1076 2615 Umbriae
1101 2581 1233 2625 oppido
1260 2591 1330 2614 non
1350 2582 1475 2626 procul
1494 2593 1514 2615 a
1530 2581 1627 2615 Fano

910 2629 1118 2673 Fortunae,
1158 2640 1284 2663 caesus
1321 2635 1401 2663 est:
1448 2631 1627 2663 exercitus

911 2679 1005 2712 enim
1028 2678 1071 2711 ab
1098 2688 1141 2711 eo
1169 2678 1249 2711 loco
1281 2679 1349 2710 iam
1375 2683 1548 2712 moverat.

982 2737 1092 2769 neque
1134 2715 1304 2758 absu⁰rdus
1337 2727 1502 2769 inyem‘o:
1550 2724 1627 2759 sale

908 2773 1123 2817 facetiisque
1134 2773 1289 2806 valebat.
1305 2771 1358 2806 Cf.
1373 2773 1450 2806 Xlll
1464 2775 1508 2808 14
1521 2778 1555 2808 et
1566 2774 1625 2808 45.

955 2821 1091 2855 ludicro
1110 2821 1353 2866 Iuvenalium:⁸
1368 2822 1402 2854 in
1421 2820 1475 2855 Ma
1490 2827 1525 2855 et
1542 2821 1626 2855 hinc

908 2870 943 2901 in
980 2869 1110 2902 ceteris
1151 2868 1250 2902 libris
1287 2868 1427 2903 mediae
1462 2870 1626 2913 syllabae

908 2917 959 2950 ali
983 2917 1136 2950 omissae
1162 2921 1268 2960 sunt,
1307 2916 1400 2951 bene
1438 2918 1627 2963 suppletae
1700 2931 1703 2933 ⁴

909 2976 929 2999 a
954 2964 1075 3010 Lipsio
1103 2976 1148 2999 ex
1173 2965 1254 3000 XlV
1277 2966 1333 3011 15,
1359 2965 1424 3000 XV
1450 2967 1510 3011 33,
1549 2965 1627 3003 XVI
