1768 3216
59 1059 212 1098 muco
240 1051 343 1094 satis
378 1051 544 1094 adultae
574 1052 774 1095 defuisse.

726 194 815 232 Car.
846 196 1003 234 25-26.

1544 200 1614 239 an

128 317 274 350 eorum
306 308 463 351 inserta
496 321 549 351 ex
580 311 727 364 quibus
758 316 896 354 mutua
922 313 1157 368 malignitas
1192 313 1414 369 detegitur,
1444 327 1530 357 non
1558 321 1621 358 est

129 386 342 425 oratorum
370 383 515 426 vitium
543 384 619 426 sed
649 385 872 428 hominum.

952 387 1055 429 Nam
1086 391 1127 428 et
1158 387 1327 429 Calvum
1359 392 1401 429 et
1431 388 1622 432 Asinium

128 460 171 499 et
197 457 332 511 ipsum
373 458 621 501 Ciceronem
664 460 793 502 credo
834 461 982 502 solitos
1023 465 1066 502 et
1103 462 1295 504 invidere
1331 467 1372 503 et
1410 463 1543 505 livere
1583 465 1624 505 et

129 531 283 577 ceteris
312 531 519 575 humanae
549 533 795 576 infirmitatis
823 535 935 576 vitiis
966 534 1110 576 adfici:
1141 535 1274 577 solum
1306 537 1415 578 inter
1442 537 1520 579 lios
1549 549 1623 579 ar-

128 605 263 648 bitror
292 606 462 648 Brutum
489 619 574 648 non
604 608 860 663 malignitate
889 621 967 650 nec
1000 609 1172 662 invidia,
1205 611 1279 652 sed
1311 611 1556 664 simpliciter
1581 617 1655 654 ets

130 679 314 735 ingenue
340 681 540 723 iudicium
570 683 697 724 animi
725 683 790 724 sui
821 683 1049 725 detexisse.
1097 685 1163 725 An
1195 685 1265 725 ille
1283 684 1479 727 Ciceroni
1509 686 1622 727 invi-

129 753 263 808 deret,
298 755 367 809 qui
396 756 496 797 mihi
526 756 693 798 videtur
723 770 775 798 ne
810 757 980 799 Caesari
1014 758 1179 812 quidem
1209 759 1447 801 invidisse?
1501 761 1621 810 Quod

130 828 183 871 ad
215 829 406 873 Servium
437 830 608 872 Galbam
657 835 697 872 et
727 831 874 873 Gaium
912 832 1095 873 Laelium
1138 833 1304 885 attinet,
1355 838 1396 875 et
1436 834 1473 875 si
1516 845 1622 888 quos

129 902 237 945 alios
266 903 530 957 antiquorum
561 905 723 959 agitare
754 917 838 946 non
870 906 1041 958 destitit,
1074 918 1158 947 non
1188 908 1318 961 exigit
1339 908 1620 960 defensorem,

131 987 225 1019 cum
267 976 402 1019 fatear
444 978 647 1031 quaedam
689 979 952 1032 eloquentiae
983 991 1127 1021 eorum
1170 983 1215 1020 ut
1253 981 1443 1022 nascenti
1487 982 1678 1024 adhucne

836 1053 1027 1095 Ceterum
1060 1054 1097 1096 si
1127 1054 1287 1096 omisso
1319 1055 1473 1109 optimo
1492 1056 1563 1097 illo
1586 1061 1627 1098 et

130 1125 436 1179 perfectissimo
462 1139 622 1181 genere
650 1127 914 1180 eloquentiae
954 1128 1149 1182 eligenda
1180 1129 1235 1170 sit
1276 1129 1408 1171 forma
1446 1130 1626 1182 dIcendi,

132 1199 272 1243 malim
301 1201 445 1244 hercle
477 1201 553 1243 Gai
596 1201 777 1243 Gracchi
819 1202 1012 1255 impetum
1051 1206 1123 1243 aut
1158 1203 1273 1244 Lucii
1314 1204 1454 1245 Crassi
1494 1209 1629 1246 matu-—

130 1276 294 1318 ritatem
335 1288 456 1330 quam
504 1275 765 1317 calamistros
794 1276 1047 1317 Maecenatis
1090 1280 1160 1317 aut
1201 1276 1371 1318 tinnitus
1410 1277 1627 1319 Gallionis.

254 1435 287 1469 5.
316 1435 476 1480 Brutum]
506 1445 629 1468 aerum
655 1434 697 1477 P,
724 1441 839 1469 utrum
866 1434 904 1469 F.

485 1483 539 1518 .C'.
572 1482 713 1517 laelium
737 1483 784 1517 P:
813 1483 972 1517 Caelium
995 1484 1031 1517 F.

132 1483 168 1517 8.
194 1484 347 1528 sergium
371 1482 408 1518 P.

135 1531 278 1565 desistit.
381 1532 435 1566 10.
463 1532 609 1576 quedam
639 1531 674 1565 P.

134 1580 246 1662 optim?
275 1579 311 1615 P.

207 1759 294 1805 Cap.
322 1761 379 1795 26.
416 1761 484 1795 Gai
511 1761 667 1795 Gracchi
688 1761 850 1806 impetum

135 1814 196 1843 aut
214 1808 316 1842 Lucii
331 1808 454 1843 Crassi
469 1811 705 1844 maturitatem
720 1823 730 1843 .·
760 1820 850 1843 con-

136 1858 241 1891 traria
275 1861 357 1891 sunt
390 1859 543 1903 impetus
577 1863 612 1892 et
651 1859 848 1899 maturitas,

136 1905 199 1940 ille
236 1906 346 1939 nimio
381 1905 499 1940 studio
532 1906 773 1941 effervescens
816 1911 850 1939 et

136 1953 326 1988 verborum
353 1955 494 1999 copiam
521 1955 730 1998 effundens,
761 1954 851 1988 haec

137 2003 286 2037 affectus
312 2003 384 2036 vim
420 2007 622 2047 temperans
655 2007 691 2036 et
726 2003 848 2036 sedato

138 2061 273 2097 genere
297 2050 439 2084 dicendi
459 2062 535 2085 usa.
562 2051 616 2085 De
637 2051 754 2085 Crassi
774 2061 849 2084 ma-

139 2100 284 2133 turitate
319 2099 414 2133 conl'.
444 2098 571 2134 Cicero
612 2101 647 2133 in
673 2099 783 2133 Bruto
818 2110 848 2133 c.

137 2147 185 2183 39
211 2152 247 2182 et
271 2147 332 2183 40.
392 2147 547 2182 macrob.
579 2149 718 2182 Saturn.
752 2148 779 2181 V
810 2149 850 2180 i:

137 2195 210 2230 stili
235 2194 375 2229 dicendi
400 2196 486 2238 duo,
514 2218 558 2223 --
584 2208 674 2230 urias
700 2203 747 2230 est
773 2207 851 2229 ma-

138 2250 235 2278 turus
261 2249 293 2277 et
319 2245 451 2287 yravis,
477 2245 590 2288 qualis
607 2245 735 2278 Crasso
761 2245 852 2276 assi-

138 2298 279 2337 qnatur.
311 2291 460 2325 Gracchi
479 2294 650 2336 impetum
666 2291 853 2336 significa-

141 2342 192 2374 vit
218 2339 385 2374 Aurelius
413 2338 544 2373 Caesar
566 2339 609 2372 ad
623 2338 851 2379 Frontonem,

142 2389 244 2422 cuius
274 2388 385 2422 verba
414 2388 586 2421 indicavit
617 2387 773 2421 Orellius
809 2397 853 2418 ex

142 2436 198 2471 ed.
227 2437 385 2470 Romana
411 2447 442 2470 a.
470 2436 562 2471 1846
588 2445 621 2479 p.
640 2436 709 2471 69:
742 2435 853 2469 Grac-

145 2486 228 2519 chus
255 2497 332 2518 cum
360 2485 447 2519 cado
473 2485 575 2518 musti
599 2488 751 2525 maneat,
777 2483 855 2516 dum

140 2534 320 2568 venimus:
363 2544 473 2577 neque
517 2534 610 2567 enim
654 2538 761 2565 metus
806 2537 855 2564 est

144 2582 342 2617 Gracchum
366 2583 504 2615 interea
538 2592 614 2614 cam
648 2586 756 2613 musto
792 2579 852 2612 de-

142 2632 279 2675 fervere
303 2640 414 2674 posse.

216 2677 437 2711 calamistros
465 2674 684 2709 Maecenatis
707 2678 767 2707 aut
782 2673 854 2706 tin-

143 2726 237 2759 nitus
256 2725 452 2760 Gallionis.-
484 2723 677 2757 calamistri
698 2722 856 2768 (Brenn-

144 2774 255 2818 cisen)
291 2773 466 2807 cincinnis
505 2771 672 2805 ornandis
713 2771 857 2814 proprie

146 2821 371 2863 adhibentur,
398 2820 482 2854 hinc
498 2829 627 2853 nomen
647 2817 859 2852 transfertur

146 2869 190 2904 ad
215 2869 443 2904 immodicum
469 2879 511 2902 ac
541 2867 687 2901 mollem
723 2867 860 2900 oratio-

146 2919 202 2952 nis
229 2918 362 2953 cultum
397 2922 433 2952 et
467 2920 649 2958 ornatum,
690 2914 803 2950 veluti
841 2924 862 2947 a

1028 1436 1062 1470 6.
1098 1436 1265 1469 detexisse
1293 1435 1339 1468 Px
1378 1435 1405 1469 F
1430 1436 1626 1470 decessisse.

1119 1484 1152 1519 9.
1182 1484 1309 1517 destitit
1336 1483 1374 1526 P,
1401 1493 1470 1517 non
1498 1483 1629 1517 Trossii

778 1533 832 1566 11.
859 1542 926 1565 nec
950 1533 1036 1566 satis
1065 1531 1112 1564 P:
1138 1533 1224 1565 satis
1250 1531 1277 1565 F
1305 1536 1396 1565 teste
1427 1532 1626 1566 Schrautio.

462 1581 516 1615 13.
544 1579 662 1614 hercle
691 1580 727 1623 P,
758 1590 828 1614 non
857 1580 1026 1623 Hercule,
1054 1579 1202 1625 perinde
1227 1582 1358 1615 statim.

1508 1580 1561 1615 .C'.
1591 1580 1627 1614 P.

924 1760 1098 1794 Cicerone
1139 1758 1247 1792 Bruto
1290 1771 1319 1792 c.
1348 1760 1413 1802 75,
1451 1758 1545 1794 Orat.
1569 1759 1627 1795 27.
1652 1752 1668 1766 ⁶

923 1809 1115 1842 cincinnos
1137 1812 1384 1855 μυροβρεχεῑς
1411 1809 1446 1841 in
1486 1807 1629 1841 Maece-

921 1858 1011 1890 natis
1050 1857 1211 1890 oratione
1240 1855 1476 1899 deprehendit
1501 1857 1629 1901 Augu—

920 1910 1007 1947 stus,
1038 1910 1076 1938 ut.
1102 1910 1219 1938 narrat
1249 1905 1439 1938 Suetonius
1469 1903 1544 1938 86:
1591 1904 1631 1936 in

917 1954 1041 1999 primis
1066 1953 1306 1987 Maecenatem
1343 1964 1441 1986 suum
1481 1952 1630 1996 (exagi-

920 2002 1054 2047 tavit),
1091 2003 1187 2035 cuius
1211 2005 1479 2049 μυροβρεχεῖς,
1504 2005 1542 2033 ut
1567 2000 1629 2041 ait,

921 2050 1103 2084 cincinnos
1139 2060 1380 2094 usquequaque
1414 2048 1632 2094 persequitur

921 2104 953 2132 et
978 2097 1146 2131 imitando
1169 2109 1235 2143 per
1259 2099 1373 2131 iocum
1398 2096 1534 2129 irridet.
1564 2095 1630 2129 Se-

920 2157 1010 2180 neca
1036 2145 1148 2189 Epist.
1177 2147 1243 2180 114
1271 2147 1306 2187 §.
1338 2144 1385 2179 4:
1420 2155 1490 2176 non
1516 2144 1630 2176 oratio

922 2196 995 2228 eius
1036 2206 1144 2238 aeque
1185 2193 1298 2226 solnta
1343 2198 1391 2225 est
1425 2202 1526 2234 quam
1558 2192 1630 2233 ipse

922 2241 1136 2275 discinctus?
1160 2251 1233 2273 non
1258 2247 1328 2273 tam
1351 2239 1521 2282 insignita
1536 2237 1631 2270 illius

920 2290 1027 2322 cerba
1051 2294 1131 2321 sant
1154 2299 1257 2331 quam
1284 2287 1414 2327 cultus,
1442 2296 1543 2328 quam
1569 2295 1631 2318 co-

921 2338 1071 2377 mitatus,
1099 2347 1202 2379 quam
1228 2335 1357 2375 domus,
1385 2344 1489 2377 quam
1510 2331 1632 2366 uxor?

926 2385 1049 2429 Maqm'
1074 2385 1129 2416 cir
1156 2384 1292 2428 ingenii
1315 2385 1454 2427 suerat,
1489 2382 1520 2414 si
1544 2380 1632 2414 ittud

924 2434 1045 2476 eyisset
1070 2433 1128 2465 via
1153 2432 1315 2473 rectiore,
1341 2432 1372 2463 si
1398 2439 1468 2462 non
1492 2429 1633 2462 vitasset

922 2480 1098 2524 intellegi,
1124 2480 1155 2513 si
1181 2490 1254 2512 non
1279 2481 1384 2513 etiam
1408 2479 1447 2510 in
1472 2477 1632 2510 oratione

923 2529 1106 2573 difflueret.
1169 2527 1301 2561 Videbis
1326 2528 1442 2570 itaque
1468 2525 1633 2568 eloquen-

924 2578 1008 2610 tiam
1046 2576 1135 2609 ebrii
1168 2576 1317 2609 bominis
1369 2573 1558 2607 involutam
1601 2577 1633 2604 et

925 2631 1103 2658 errantem
1127 2629 1158 2657 et
1185 2623 1348 2657 licentiae
1364 2622 1516 2666 plenam.
1550 2618 1632 2652 Tin-

924 2673 1018 2706 m’tus
1060 2672 1271 2716 (κώδωνες)
1306 2675 1386 2702 sunt
1423 2669 1501 2700 soni
1542 2667 1632 2700 varii

924 2720 988 2755 sed
1011 2722 1136 2754 inanes
1152 2714 1534 2765 (Schellenqektin9e1)‚
1551 2715 1633 2759 qui-

926 2769 991 2802 bus
1041 2769 1224 2811 copiosum
1269 2766 1331 2798 sed
1378 2763 1633 2796 sententiarum

927 2826 1077 2850 vacuum
1101 2813 1242 2847 dicendi
1274 2822 1387 2858 genus
1414 2812 1449 2844 in
1470 2809 1634 2844 Gallione

929 2868 1079 2897 notatur.
1108 2862 1189 2906 lpse
1216 2860 1331 2895 Gallio
1358 2863 1457 2904 pater
1482 2862 1548 2899 est,
1575 2858 1635 2902 qui

929 2916 1097 2954 vocatur,
1125 2909 1321 2944 Maecenati
1349 2911 1466 2942 aetate
1493 2915 1634 2951 suppar,
