1768 3216
659 155 796 195 umin
820 158 852 196 1.
904 157 997 196 on.
1023 160 1134 198 2-3.
1387 208 1395 220 .
1630 165 1658 201 v

135 274 229 319 vhe
256 286 380 332 quam
413 276 594 331 scelera,
626 289 719 320 cum
751 277 824 322 alii
852 278 1095 322 sacerdotia
1114 283 1158 323 et
1182 279 1426 324 consulatus
1452 285 1497 324 ut
1519 281 1655 338 spolia

134 349 300 408 adepti,
340 353 661 413 procurationes
705 353 777 396 alii
816 358 859 397 et
889 354 1147 409 interiorem,
1176 357 1430 416 potentiam,
1476 364 1656 415 agerent

134 430 350 471 verterent
380 433 530 471 cuncta
557 429 660 472 odio
690 434 733 472 et
759 414 938 474 terrore*
999 416 1195 487 Corrupti
1223 432 1267 475 in
1298 432 1494 477 dominos
1523 435 1654 489 servi,

135 514 180 568 tn
202 506 407 564 patronos
435 504 600 557 liberti;
642 509 686 549 et
723 505 874 561 quibus
916 506 1062 549 deerat
1099 507 1321 562 inimicus,
1374 521 1452 564 per
1490 511 1653 554 amicos

329 610 341 622 .
398 580 494 624 Non
525 585 666 624 tamen
698 580 808 625 adeo
845 581 1042 625 virtutum
1082 583 1228 626 sterile
1262 584 1449 628 seculum
1491 590 1538 628 ut
1564 599 1687 630 nous

131 638 177 701 et
201 654 316 701 boun
346 656 538 712 exempla
569 657 819 713 prodiderit.
865 658 1100 702 comitatae
1129 659 1336 715 profugos
1366 660 1527 705 liberos
1554 676 1651 706 ma-

129 733 231 786 tres,
264 735 439 776 secutae
467 732 640 776 maritos
670 734 714 776 in
749 734 876 778 exilia
906 734 1136 791 coniuges3
1173 735 1398 791 propinqui
1429 737 1649 794 audentes,

129 810 373 855 constantes
398 808 572 865 generi3
602 812 828 852 contumax
857 809 983 853 etiam
1011 809 1218 854 adversus
1251 814 1461 855 tormenta
1493 825 1649 856 servo-

128 894 221 927 rum
248 881 378 936 fides3-
403 896 626 940 supremae
653 884 865 929 clarorum
897 885 1083 929 virorum
1110 886 1391 930 necessitates
1424 887 1537 943 [ipsa
1564 901 1649 933 ne·-

277 1009 313 1048 5.
338 1009 477 1047 steriles
500 1009 570 1056 ³1⁸,
594 1011 716 1048 sterile
742 1011 782 1048 G.

883 1011 919 1050 6.
946 1012 1110 1048 comitate
1137 1011 1205 1048 Ma.

1278 1012 1312 1048 7.
1339 1012 1524 1050 audientes
1549 1014 1649 1060 Gnta,

130 1069 153 1095 ι
177 1062 384 1098 correctore
408 1037 608 1097 obedies-20⁸
633 1061 670 1097 in
700 1059 781 1097 m:
807 1062 966 1098 correxit
989 1062 1145 1108 Lipsius.
1209 1061 1247 1098 8.
1273 1068 1451 1099 constates
1475 1062 1543 1100 ma.
1611 1065 1648 1101 9.·

129 1107 284 1158 συὶ-ιο
307 1108 375 1147 Ιῑ.

128 1200 389 1283 intelligimus,
436 1235 558 1270 omnia
589 1240 716 1282 aperta
754 1239 850 1271 sunt.

126 1284 214 1321 Tum
240 1285 337 1320 enim
362 1284 460 1331 quod
496 1286 662 1332 sequitur
686 1285 738 1320 Et
767 1285 853 1320 urbs

126 1333 303 1371 incendiis
330 1339 473 1370 vastata
487 1334 673 1380 praeclare
695 1344 852 1380 respon-

127 1383 191 1420 det
223 1383 456 1430 praecedenti
490 1389 572 1419 usta
593 1384 851 1430 fecundissima

131 1433 172 1469 0.
197 1443 278 1468 ora.
317 1432 533 1469 Fecunditas
559 1443 646 1469 orae
670 1443 852 1468 memora-

127 1486 198 1527 tur,
224 1486 265 1516 ut
289 1487 460 1529 quantum
484 1482 602 1517 damni
629 1481 693 1517 illa
719 1483 851 1516 montis

126 1530 298 1566 incendia
341 1531 548 1575 attulerint,
582 1531 849 1567 admoneamur.

125 1579 240 1618 Simul
266 1580 413 1616 obrutae
447 1581 552 1617 urbes
577 1581 731 1616 adiectis
756 1592 850 1628 quae

123 1634 326 1676 sequuntur
349 1635 431 1667 usta
453 1630 710 1676 fecundissima
738 1630 850 1665 cam-

122 1679 258 1726 paniae
274 1690 342 1714 om
354 1680 490 1715 certius
503 1679 736 1715 definiuntur.
753 1679 851 1714 Sim-

126 1726 214 1773 plex
248 1739 357 1763 urere
390 1738 455 1773 pro
489 1728 693 1763 comburere
726 1728 848 1772 posuit

126 1776 192 1811 XV
207 1776 270 1813 44.
296 1776 387 1824 Agr.
406 1779 442 1814 2.
479 1777 535 1813 De
563 1776 849 1823 conflagratione

129 1825 280 1861 Vesuvii
317 1831 355 1861 et
391 1824 494 1861 clade
525 1824 850 1871 pulcherrimarum

125 1879 322 1919 terrarum,
348 1885 443 1922 quae
468 1874 602 1910 accidit
622 1885 654 1909 a.
668 1874 851 1910 79=832

125 1935 163 1962 v.
188 1923 259 1960 nio
282 1923 397 1961 val
427 1925 487 1961 21.
538 1923 630 1959 Plin.
658 1923 771 1971 Epist.
788 1921 850 1971 ‘VI

128 1973 174 2011 16
200 1977 238 2008 et
263 1973 325 2010 20.
369 1973 520 2009 Sueton.
547 1972 614 2009 Tit.
639 1973 677 2009 8.
724 1971 850 2008 Victor

124 2023 164 2057 in
195 2021 352 2068 Epitom.
393 2034 426 2058 c.
464 2023 521 2059 ¹0.
575 2021 678 2058 Oros.
717 2020 778 2056 Vll
812 2021 848 2058 9.

125 2071 181 2108 De
219 2071 320 2107 urbis
360 2071 539 2108 incendiis
575 2072 726 2107 Sueton.
762 2070 787 2105 Ι.
815 2081 847 2106 c.

123 2121 195 2158 Dio
219 2119 313 2157 va
345 2121 403 2165 17,
428 2120 541 2157 LXVI
564 2121 625 2157 24.
663 2119 845 2155 Plutarch.

124 2169 304 2216 Poplicol.
334 2170 391 2207 ¹5.
429 2169 570 2206 Partem
596 2169 848 2205 incendiorum

123 2219 204 2265 ipse
227 2218 421 2264 descripsit
442 2219 502 2254 hic
526 2224 651 2255 noster
664 2219 707 2255 Η.
722 2217 771 2253 111
787 2219 847 2254 71.

204 2268 364 2314 pollutae
402 2270 665 2303 caerimoniae:
708 2268 849 2303 incesta

127 2317 329 2352 Vestalium
347 2317 529 2363 virginum
541 2330 552 2361 ;
565 2328 600 2352 v.
610 2318 759 2353 Sueten.
771 2317 848 2352 Do-

125 2367 203 2402 mit.
227 2366 264 2402 8.
316 2365 408 2402 Ptin.
441 2365 557 2411 Epist.
590 2367 638 2400 lV
670 2368 725 2401 11.
778 2367 847 2401 Dio

126 2415 248 2451 LXVII
271 2416 308 2451 3.
362 2415 533 2451 Philostr.
570 2415 632 2451 VlI
667 2417 703 2452 3.
755 2416 845 2451 Stat.

126 2464 217 2500 silv.
246 2463 263 2498 Ι
290 2466 308 2500 1
334 2465 395 2501 35.

197 2525 331 2560 magna
355 2513 558 2549 adulteria.-
594 2524 681 2560 prae
714 2515 847 2549 ceteris

125 2562 302 2609 iutelligit
335 2562 552 2599 adulterium
585 2574 606 2597 α
639 2563 846 2598 Domitiano

127 2623 207 2649 cnm
233 2611 325 2649 lulio
351 2612 470 2649 fratris
494 2612 568 2646 filia
595 2613 846 2655 commissum

126 2672 163 2696 v.
190 2661 339 2696 Sueten.
365 2661 499 2697 Domit.
526 2663 585 2696 22.
626 2661 694 2696 Dio
723 2661 848 2697 vatt

127 2711 162 2746 3.
190 2710 296 2745 Plinii
325 2709 438 2755 Epist.
464 2710 513 2745 tv
544 2712 600 2745 11.
638 2709 801 2746 luvenat.
819 2710 848 2744 tt

202 2808 358 2854 scopuli.-
393 2807 576 2854 significat
603 2807 741 2842 insulas
767 2810 849 2843 exi-

129 2866 219 2903 guas
246 2861 283 2891 et
307 2857 467 2902 scopulis
492 2857 669 2899 horridas,
695 2862 735 2891 ut
751 2857 850 2902 Gya-

129 2915 206 2939 rum
240 2910 277 2940 et
315 2906 499 2942 Donusam
538 2906 606 2952 (111
639 2906 687 2941 68
721 2911 757 2941 et
789 2907 849 2950 69,

128 2952 179 2988 IV
207 2954 287 3002 30),
314 2954 504 2992 Cercinam
530 2960 567 2990 et
591 2954 850 2999 Pandatariam.

921 1235 960 1269 in
994 1244 1084 1282 quas
1115 1233 1243 1270 exules
1272 1235 1376 1283 gravi
1417 1245 1538 1282 poena
1577 1237 1645 1272 da-

921 1285 1034 1320 mnati
1060 1284 1320 1328 mittebantur,
1345 1295 1457 1330 saepe
1485 1287 1646 1322 immisso

922 1334 1015 1369 clam
1032 1334 1271 1369 interfectore
1285 1334 1568 1371 trucidabantur.
1589 1335 1646 1372 Cf.

921 1384 939 1420 I
963 1384 987 1420 6
1013 1388 1050 1418 et
1078 1383 1138 1426 53,
1168 1382 1250 1418 xlv
1275 1383 1434 1420 63-64.
1474 1384 1646 1421 u.146.

990 1433 1268 1479 procurationes
1295 1432 1362 1467 atii
1388 1438 1421 1467 et
1438 1433 1648 1469 interiorem

915 1482 1135 1528 potentiam:
1168 1480 1231 1516 alii
1258 1481 1440 1516 delatores
1465 1492 1525 1517 res
1550 1482 1647 1518 Cae-

919 1532 1010 1565 saris
1038 1532 1075 1565 in
1113 1531 1315 1576 provinciis
1348 1530 1647 1566 administrabant

918 1582 1217 1628 (procuratores),
1228 1579 1291 1615 alii
1308 1579 1473 1615 consiliis
1484 1581 1645 1615 artibus-

920 1640 991 1677 que
1020 1630 1058 1663 in
1086 1629 1193 1663 domo
1226 1628 1418 1673 principali
1445 1629 1640 1673 plurimum

920 1677 1091 1713 valebant
1102 1678 1310 1711 interiorem
1321 1678 1517 1725 potentiam
1528 1678 1639 1713 nacti.

991 1725 1071 1760 odio
1101 1731 1134 1760 et
1159 1732 1320 1760 terrore:
1359 1725 1440 1759 odio
1465 1727 1522 1761 sui
1547 1726 1643 1771 apud

921 1775 1034 1818 cives,
1047 1780 1186 1809 terrore
1205 1785 1313 1820 quem
1331 1773 1387 1810 his
1405 1774 1643 1811 incutiebant.

918 1823 1121 1858 Theodisce
1147 1827 1347 1858 converte.-
1374 1823 1548 1859 malorena
1571 1836 1643 1859 an-

919 1873 1003 1907 dere
1025 1884 1070 1907 zu
1083 1872 1462 1908 Procurator-stetten
1484 1873 1559 1908 und
1582 1874 1644 1908 in·-

919 1933 1042 1956 nerem
1075 1922 1234 1968 Einlluss
1270 1920 1438 1969 yolanqt,
1477 1921 1566 1957 alles
1604 1923 1644 1957 in

905 1971 1115 2018 'Bencequnq
1141 1977 1272 2006 setzten
1295 1971 1371 2005 und
1393 1976 1549 2007 starum
1571 1983 1643 2006 un-

919 2027 973 2055 ter
989 2021 1081 2056 Hass
1100 2020 1175 2056 und
1192 2020 1409 2055 Scbrecken.
1459 2021 1644 2056 Ver-terent

918 2069 1052 2104 dictum
1086 2080 1151 2115 pro
1182 2075 1399 2114 everterent,
1441 2075 1482 2104 ut
1507 2069 1572 2106 XII
1593 2070 1642 2106 45

918 2118 979 2154 ubi
1006 2130 1041 2154 v.
1069 2124 1194 2154 annot.

991 2170 1150 2216 corrupti
1184 2168 1224 2204 in
1262 2167 1423 2203 dominos
1458 2167 1554 2202 servi
1593 2187 1641 2195 -

917 2218 1076 2264 oppressi
1088 2229 1099 2251 :
1116 2217 1207 2252 haec
1216 2217 1311 2252 mala
1320 2216 1526 2252 Domitiano
1538 2217 1641 2261 prin-

917 2266 1000 2311 cipe
1026 2266 1141 2301 libere
1168 2267 1370 2313 grassantia
1394 2265 1540 2300 sustulit
1552 2265 1641 2300 Tra-

917 2316 1032 2359 ianus,
1059 2316 1106 2350 ob
1137 2316 1173 2349 id
1198 2316 1277 2350 iure
1304 2314 1469 2350 laudatus
1487 2326 1508 2349 a
1524 2314 1639 2349 Plinio

916 2365 953 2398 in
980 2365 1114 2412 Paneg.
1141 2365 1201 2400 42.

990 2413 1077 2459 Cap.
1106 2415 1142 2450 3.
1177 2425 1363 2460 supremae
1386 2412 1567 2447 clarorum
1583 2413 1640 2446 υἰ-

916 2474 1037 2498 rorum
1055 2464 1282 2498 necessitates
1308 2462 1424 2508 (letzte
1441 2461 1639 2497 Notltstun-

916 2511 985 2546 den
1029 2512 1109 2548 sive
1160 2511 1398 2547 Todesnothen
1441 2510 1642 2545 berukmter

916 2561 1111 2608 Manain).-
1138 2561 1175 2596 h.
1196 2572 1229 2596 e.
1255 2565 1390 2595 mortes
1418 2559 1525 2594 claris
1551 2560 1640 2594 viris

915 2610 1073 2645 indictae
1120 2615 1157 2646 et
1198 2610 1388 2644 toleratae.
1440 2609 1640 2643 Necessitas

918 2659 977 2694 vel
1004 2671 1189 2705 supremae
1216 2660 1443 2693 necessitates
1459 2658 1552 2690 idem
1572 2656 1639 2689 hoc

918 2708 1091 2742 denotant
1117 2709 1163 2743 xl
1176 2709 1221 2743 37
1253 2708 1390 2753 Lepida
1405 2727 1451 2732 —
1469 2705 1640 2751 supremis

919 2759 992 2792 eius
1019 2757 1284 2792 necessitatibus
1306 2756 1353 2789 ad
1377 2754 1640 2788 miserationem

919 2807 1054 2849 evicta3
1075 2807 1138 2842 XV
1152 2806 1196 2841 61
1212 2818 1220 2838 :
1235 2805 1491 2847 intromisitque
1509 2802 1558 2836 ad
1570 2803 1639 2836 Sc-
1702 2799 1708 2806 '

918 2867 1045 2891 necam
1067 2866 1175 2889 unum
1201 2866 1244 2887 ex
1273 2852 1547 2894 centurionibus,
1577 2852 1636 2896 qui

920 2906 1160 2939 necessitatem
1197 2901 1354 2936 ultimam
1391 2901 1616 2935 denuntiaret
1627 2911 1638 2942 ,·

922 2953 1003 2988 XVI
1017 2955 1080 2988 ll:
1108 2951 1390 2987 utinecessitate.
1410 2949 1451 2985 H.
1466 2948 1559 2985 172:
1577 2960 1639 2984 su-
