1768 3216
22 398 61 425 ἐκ(
71 398 79 403 ”

628 122 660 171 ρἰ
744 148 761 175 κ,

173 200 222 264 iis

490 7 530 25 ²⁵¹:
594 0 643 29 'sas
675 4 694 24 Γ
767 18 785 32 υ,
859 0 874 26 J

773 107 810 120 ,,
934 67 1058 106 ᾳῃ.
1107 32 1280 104 Wolff<
1351 36 1533 99 aff?
1563 44 1705 110 ast,

751 215 1057 258 HISTonlARvm

1445 220 1478 245 a.
1504 217 1541 246 u.
1565 205 1652 249 822.

172 344 295 398 ritati,
336 343 403 399 qui
432 342 642 386 remissam
674 337 752 381 sibi
782 348 805 378 a
842 334 971 378 Galba
1001 336 1186 387 quartam
1216 329 1463 374 tributorum
1490 330 1654 385 partem

177 424 216 462 et
243 419 403 474 publice
416 417 608 471 „donatos
647 414 689 455 in
721 409 990 467 ignominiam
1022 407 1230 477 exercitus
1272 405 1497 477 iactabant.
1557 401 1655 447 Ac-

175 487 311 537 cessit
329 471 474 534 callide
502 475 1181 544 vulgatuinst'e‘r'nere''creditum,
1214 476 1429 524 decumari
1456 476 1654 535 legiones

172 571 212 611 et
256 564 598 622 promptissimum
647 573 849 616 quemque
896 558 1183 601 centurionum
1240 554 1401 598 dimitti.
1460 552 1655 608 Undique

138 641 329 684 satroces
359 638 509 690 nuntii,
549 637 715 679 sinistra
755 648 807 677 ex
835 634 940 676 urbe
974 633 1109 684 fama3
1156 630 1320 673 infensa
1358 626 1654 686 Lugdunensis

169 712 330 757 colonia
374 716 438 765 et,
474 710 677 766 pertinaci
716 721 791 764 pro
831 708 997 750 Nerone
1036 707 1141 760 fide,
1185 705 1367 749 fecunda
1396 704 1650 749 rumoribus.

166 787 248 830 Sed
277 786 449 843 plurima
488 785 539 827 ad
577 784 810 840 fingendum
854 782 1190 836 credendumque
1230 780 1428 825 materies
1467 779 1513 823 in
1549 777 1652 838 ipsis

169 860 329 912 castris,
365 859 460 901 odio
491 863 614 911 metu,
649 862 688 899 et
715 858 786 899 ubi
814 857 925 900 vires
956 869 1052 899 suas
1082 858 1374 911 respexerant,
1406 854 1650 899 securitate.

170 935 250 979 Sub
281 935 389 989 ipsas
419 934 644 989 superioris
675 934 771 976 anni
800 932 998 975 kalendas
1028 932 1287 974 Decembres
1309 930 1442 974 Aulus
1459 929 1722 975 Vitellius&

119 1013 157 1052 io
169 1008 407 1053 inferiorem
429 1008 686 1050 Germaniam
716 1008 944 1062 ingressuS‚
976 1006 1151 1049 hiberna
1180 1006 1395 1062 legionum
1426 1017 1520 1048 cum
1551 1012 1652 1049 cura

171 1083 342 1126 adierat.
401 1083 562 1127 Redditi
591 1083 797 1137 plerisque
828 1082 1022 1142 ordines,
1063 1082 1240 1124 remissa
1270 1081 1528 1138 ignominia,
1571 1078 1654 1123 ad-

171 1157 330 1202 levatae
358 1162 503 1210 notae,
534 1158 649 1211 plura
680 1157 926 1209 ambitione,
949 1143 1173 1210 'quaedam
1204 1156 1388 1210 iudicio,
1419 1155 1464 1198 in
1503 1154 1652 1211 quibus

168 1231 315 1274 sordes
346 1235 387 1272 et
416 1232 627 1275 avaritiam
649 1232 791 1274 Fontei
813 1231 1024 1287 Capitonis
1056 1231 1289 1274 adimendis
1321 1228 1653 1287 adsignandisve

165 1305 331 1350 militiae
362 1306 574 1350 ordinibus
615 1307 778 1362 integre
818 1310 1058 1350 mutaverat.
1117 1306 1206 1349 Nec
1247 1305 1483 1349 consularis
1523 1305 1654 1361 legati

115 1388 376 1434 ismensura,
407 1381 481 1423 sed
516 1381 558 1423 in
588 1382 717 1424 maius
750 1383 888 1424 omnia
919 1382 1246 1436 accipiebantur.

1307 1380 1358 1423 Et
1387 1384 1433 1423 ut
1460 1380 1652 1424 Vitellius

165 1455 270 1510 apud
300 1467 469 1498 severos
506 1456 692 1510 humilis,
734 1457 789 1500 ita
831 1457 1069 1501 comitatem
1108 1457 1421 1512 bonitatemque
1462 1455 1652 1500 faventes

293 1587 327 1620 2.
350 1585 509 1631 publicae
531 1587 594 1622 Ma.
643 1591 676 1623 4.
706 1599 862 1634 quenque
888 1587 954 1624 Ma.
1007 1589 1042 1624 5.
1069 1588 1294 1634 lugdunensis
1320 1586 1386 1623 Ma·
1437 1587 1471 1624 6.
1490 1587 1651 1634 facunda

162 1631 234 1668 Ma:
269 1640 462 1668 correctum
494 1636 530 1669 in
565 1637 603 1672 G.

159 1684 364 1716 transversis
391 1685 426 1717 in
453 1683 464 1717 l
490 1689 525 1718 et
551 1686 572 1719 d
596 1684 661 1720 Ma.

159 1729 212 1765 Ma
236 1731 347 1773 sorde,
374 1731 401 1766 G
425 1733 541 1768 sordes.

162 1778 189 1814 G
213 1780 430 1825 assiynandis
454 1792 508 1816 ue.

165 1907 409 1952 exercitusque
454 1919 553 1943 usum
569 1935 578 1952 ,
625 1921 701 1944 cum
742 1912 861 1946 hostes

163 1955 361 1989 vincuntur.
394 1956 643 1991 Doederlinius
661 1965 696 1992 et
709 1959 862 1994 Orellius

165 2005 323 2047 quamvis
354 2003 520 2039 admoniti
553 2011 679 2040 testem
719 2008 863 2042 infidum

166 2050 342 2094 (codicem
369 2051 413 2098 G)
439 2058 473 2087 et
498 2054 746 2098 interpolatam
773 2058 864 2090 scri-

165 2102 303 2142 pturam
329 2100 429 2134 decus
454 2104 566 2135 secuti
596 2108 688 2138 sunt.

252 2153 282 2181 et
302 2147 437 2194 publice
465 2150 635 2185 donatos:
678 2151 767 2187 haec
801 2163 865 2197 per

164 2194 386 2242 ἐπεξὴγησιν
427 2198 598 2232 adduntur
639 2205 718 2243 post
757 2211 864 2245 prae-

164 2253 284 2288 gressa
297 2247 473 2280 remissam
499 2248 564 2281 sibi
591 2248 737 2282 aGalba
755 2261 864 2294 quar..

163 2296 232 2325 tam
259 2293 460 2328 tributorum
481 2302 627 2340 partem.
686 2297 739 2331 De
775 2298 863 2332 dono

164 2340 343 2374 Romanae
372 2343 519 2378 civitatis
547 2345 635 2389 (vid.
664 2357 694 2379 c.
723 2346 764 2391 8)
792 2357 864 2380 non

165 2389 387 2432 cogitandum
420 2396 490 2434 est,
524 2394 638 2426 minus
677 2394 781 2427 etiam
820 2395 864 2429 de

164 2435 290 2469 finibus
301 2436 451 2473 Treviris
463 2450 502 2472 ac
512 2440 727 2485 Lingonibus
743 2442 864 2476 adem-

164 2484 234 2527 ptis
262 2487 317 2530 (ν.
345 2497 420 2529 cap.
449 2488 537 2533 53):
583 2489 647 2522 lios
676 2491 768 2523 enim
798 2492 863 2525 Se-

165 2533 289 2576 quanis
314 2534 516 2580 Aeduisque
542 2535 641 2569 datos
668 2548 746 2571 esse
772 2539 864 2572 unde

163 2580 387 2624 probabimus
403 2582 421 2615 ‘?

215 2630 392 2674 pertinaci
412 2642 477 2676 pro
493 2632 630 2666 Nerone
654 2634 745 2676 fide.-
771 2635 864 2669 Nero

163 2675 295 2717 cladem
322 2678 586 2724 Luydunensem
612 2683 796 2725 (incendio
818 2684 865 2717 il-

94 2740 98 2743 -
163 2723 286 2771 latam)
325 2728 532 2772 quadrayies
557 2731 711 2763 sestertio
737 2731 866 2766 solatus

165 2778 212 2806 est
237 2784 268 2807 a.
298 2774 342 2809 65
368 2795 414 2810 =
441 2776 522 2811 818.
567 2776 669 2812 Cous.
701 2779 780 2812 XVI
812 2781 864 2814 13.

164 2819 204 2853 H.
233 2821 246 2854 1
272 2821 328 2856 65.

236 2867 388 2912 Cap.52.
417 2883 491 2906 cum
517 2885 622 2908 eura.-
650 2874 718 2909 hoc
746 2880 799 2910 est
817 2877 866 2911 ita

165 2918 203 2948 ut
217 2917 396 2952 commoda
419 2921 569 2955 militum
595 2932 672 2957 cum
693 2934 776 2958 cura
790 2926 866 2973 (mit

164 2963 385 3011 sorql'ciltiqer
422 2968 654 3018 Tkeilnahme)
699 2973 860 3017 respice-

702 1637 734 1672 9.
769 1639 847 1684 ipsa
874 1637 944 1672 Ma:
984 1637 1011 1672 G
1052 1638 1160 1683 ipsas.

751 1688 803 1721 11.
833 1687 991 1720 adlevate
1017 1691 1097 1720 note
1123 1684 1188 1720 Ma.
1205 1697 1213 1705 ·

614 1735 724 1778 fontei
750 1734 851 1776 Gula,
880 1745 950 1768 non
979 1735 1125 1768 Fonteii.

598 1783 651 1817 15.
683 1790 714 1817 et
739 1789 776 1818 nt
802 1783 1014 1820 Rhenanus:
1043 1783 1096 1818 llla
1121 1787 1157 1818 et
1186 1783 1298 1818 ceteri
1326 1788 1371 1819 et.

1260 1636 1321 1672 Kl.
1365 1636 1440 1671 dee.
1474 1647 1554 1671 cum
1586 1635 1648 1671 lin.

1277 1687 1332 1721 13.
1360 1685 1482 1720 sordes
1508 1685 1646 1720 editor:

1202 1734 1434 1779 adsiqnandis
1456 1745 1543 1771 suae
1569 1733 1646 1780 Ma:

933 1917 998 1946 ret.
1028 1912 1116 1947 Mire
1142 1912 1395 1947 Doederlinius
1427 1908 1647 1959 interpreta-

934 1965 991 1994 tui·
1018 1973 1095 1994 cum
1121 1962 1276 2006 imperio.

1006 2010 1124 2043 sordes
1153 2016 1184 2044 et
1210 2010 1400 2044 avaritiam
1415 2030 1461 2038 —
1486 2016 1647 2045 mutave-

932 2063 1014 2091 rat:
1058 2057 1168 2104 vulgo
1201 2058 1352 2093 Medicei
1391 2059 1496 2094 sorde
1525 2059 1647 2095 resol-

932 2110 1019 2139 vunt
1032 2107 1178 2150 sordem,
1205 2117 1283 2141 cum
1309 2107 1430 2151 sorde,
1456 2112 1498 2142 ut
1520 2108 1559 2142 in
1577 2109 1646 2156 dq-

927 2155 1076 2201 χετύπῳ
1098 2155 1208 2190 fuisse
1233 2156 1434 2191 verisimile
1456 2161 1537 2199 est,
1561 2157 1646 2203 ple.

933 2213 1078 2248 rumque
1107 2205 1259 2246 sordem,
1291 2206 1405 2239 rarius
1430 2205 1552 2241 sorau
1577 2215 1646 2240 va-

935 2251 1017 2286 leat.
1071 2252 1140 2286 Sed
1164 2254 1283 2287 sordes
1309 2253 1538 2288 scribendum
1564 2258 1647 2290 ouo

932 2310 1015 2333 usus
1031 2299 1141 2335 Taciti
1168 2306 1204 2336 et
1229 2302 1374 2336 Latinus
1399 2302 1549 2347 probat:
1573 2313 1646 2337 nu.

932 2359 1048 2382 merus
1076 2351 1170 2383 enim
1196 2350 1435 2386 multitudinis
1460 2352 1496 2386 iu
1521 2357 1645 2388 truns-

932 2397 1003 2430 lata
1029 2400 1180 2432 nominis
1217 2399 1485 2445 significatione
1508 2400 1645 2436 Latinis

933 2451 1135 2480 constanter
1151 2447 1297 2492 placuit,
1328 2448 1409 2482 dum
1436 2449 1473 2482 in
1497 2449 1660 2495 propria-

933 2494 1039 2527 etiam
1084 2496 1274 2541 singularis
1311 2496 1522 2532 admittitur.
1585 2498 1646 2533 Sic

932 2542 1024 2576 infra
1054 2543 1163 2579 060:
1187 2557 1251 2590 per
1276 2546 1470 2580 avaritiam
1492 2556 1539 2582 w
1562 2557 1645 2581 eor-

934 2590 992 2623 des
1035 2597 1243 2638 contemptus
1294 2595 1466 2630 exercitui
1504 2595 1542 2630 in
1588 2594 1645 2630 Ma

931 2639 1077 2681 perinde
1105 2641 1236 2689 (sorde)
1267 2647 1488 2687 peccatum.‘
1515 2643 1654 2679 Omni-

932 2697 977 2719 no
1018 2688 1207 2734 singularis
1246 2693 1644 2736 numeri.positionem

933 2734 1070 2769 'l'acitus
1097 2748 1274 2783 nunquam
1300 2741 1486 2785 usurpavit
1513 2743 1568 2786 [v.
1595 2740 1645 2774 lv

935 2783 991 2826 52,
1026 2784 1071 2817 Vl
1097 2785 1131 2827 8,
1159 2786 1219 2820 ΧΠ
1245 2788 1302 2823 59.
1330 2789 1372 2823 Η.
1401 2789 1416 2822 1
1440 2789 1499 2824 84.
1528 2789 1569 2824 0.
1601 2791 1646 2824 12

936 2835 969 2863 et
995 2832 1082 2878 21),
1110 2834 1144 2866 in
1172 2838 1361 2871 tenacitate
1386 2840 1505 2872 autem
1537 2847 1644 2872 nemo

934 2878 1075 2914 Latinus
1110 2883 1202 2926 quod
1230 2886 1340 2919 sciam
1374 2885 1411 2920 id
1440 2896 1547 2925 ausus
1571 2885 1642 2923 'est-

933 2926 1096 2962 Horatius
1123 2931 1232 2966 Serm.
1266 2932 1280 2967 l
1306 2934 1328 2968 6
1355 2934 1424 2969 682
1464 2936 1495 2970 si
1527 2945 1641 2981 nequo

935 2977 1122 3011 avaritiam
1145 2988 1254 3024 neque
1289 2982 1406 3018 sordes
1442 2988 1503 3020 aut
1542 2982 1642 3019 mulo
