1768 3216
174 247 246 284 880
785 241 1094 277 HISTORIARVM
1400 282 1406 286 ἱ
1455 253 1488 278 a.
1515 251 1552 279 11.
1577 243 1662 282 823.

173 362 302 417 Legio
333 363 374 403 in
404 362 545 403 Africa
581 359 815 413 auxiliaque
846 359 1026 401 tutandis
1054 358 1215 413 imperii
1255 358 1404 401 finibus
1447 361 1523 409 sub
1566 360 1663 403 divo

172 437 359 492 Augusto
408 435 657 488 Tiberioque
703 434 959 488 principibus
1004 433 1246 488 proconsuli
1294 434 1509 488 parebant.
1545 435 1666 478 'Mox

173 511 294 551 Gaius
325 510 479 551 Caesar
509 508 697 550 turbidus
729 509 870 561 animi,
904 521 954 551 ac
983 509 1168 552 Marcum
1198 508 1382 553 Silanum
1411 509 1665 552 obtinentem

169 584 352 626 Africam
387 588 588 636 metuenS,
621 583 800 626 ablatam
829 584 1070 637 proconsuli
1099 584 1310 639 legionem
1340 584 1468 627 misso
1501 583 1543 626 in
1573 596 1664 627 eam

0 667 254 724 ,afwa-Hem
287 657 425 712 legato
458 658 639 701 tradidit.
685 659 914 714 ·Aequatus
947 658 1055 700 inter
1097 659 1202 700 duos
1240 658 1667 731 beneficior‘u‘mwuu-

92 753 107 769 κ
167 744 318 784 merus,
351 736 391 773 et
421 732 557 774 mixtis
587 733 800 788 utriusque
829 732 1033 775 mandatis
1067 733 1279 775 discordia
1311 733 1496 788 quaesita
1521 737 1668 776 aucta-

6 802 101 844 ἐς]
167 792 262 860 que—⁷
287 819 413 860 pravo
459 808 699 849 certamine.
769 809 1021 863 Legatorum
1062 808 1126 850 vis
1169 808 1352 851 adolevit
1397 808 1666 851 diuturnitate

167 881 308 934 officii,
340 881 407 923 vel
438 882 532 940 quia
554 882 785 946 minoribus
806 883 940 924 maior
961 883 1196 925 aemulandi
1217 895 1354 947 Qusaj„
1371 882 1666 937 proconsulum

166 955 523 1009 splendidissimus
556 957 729 1011 quisque
760 957 974 1000 securitati
1004 947 1137 1012 magis
1169 970 1289 1011 quam
1319 958 1531 1011 potentiae
1561 969 1668 1000 con-

116 1041 153 1070 ιο
166 1031 368 1073 sulebant.
432 1030 513 1073 Sed
544 1035 627 1072 tum
659 1031 867 1086 legionem
900 1032 942 1073 in
973 1032 1119 1074 Africa
1148 1032 1323 1087 regebat
1352 1032 1541 1074 Valerius
1581 1031 1664 1075 Fe·-
1678 1036 1735 1078 49

164 1111 279 1159 stus,
325 1110 589 1162 sumptuosae
632 1107 943 1150 adolescentiae
986 1119 1120 1161 neque
1170 1107 1336 1150 modica
1379 1107 1573 1161 cupiens,
1624 1110 1665 1148 et

165 1181 374 1223 adfinitate
404 1181 557 1223 Vitellii
589 1182 750 1224 anxius.
800 1183 838 1224 Is
872 1182 1033 1224 crebris
1064 1182 1326 1225 sermonibus
1349 1181 1664 1236 temptaveritne

163 1256 353 1298 Pisonem
382 1256 433 1298 ad
465 1269 533 1298 res
570 1269 700 1299 novas
733 1269 784 1300 an
816 1258 1029 1311 temptanti
1060 1258 1271 1310 restiterit,
1305 1257 1523 1309 incertum,
1556 1268 1665 1311 quo-

163 1331 273 1372 niam
305 1336 470 1373 secreto
500 1343 643 1373 eorum
676 1345 798 1374 nemo
831 1332 988 1386 adsuit,
1031 1337 1071 1375 et
1111 1333 1254 1374 occiso
1296 1332 1446 1375 Pisone
1475 1331 1664 1386 plerique

115 1416 150 1445 15
164 1406 214 1447 ad
246 1407 421 1461 gratiam
455 1406 735 1449 interfectoris
768 1408 1038 1455 inclinavere.
1098 1408 1186 1450 Nec
1219 1407 1446 1462 ambigitur
1486 1407 1665 1462 provin-

165 1482 271 1522 ciam
302 1485 341 1523 et
372 1482 540 1523 militem
572 1482 752 1524 alienato
785 1495 887 1537 erga
920 1483 1221 1536 Vespasianum
1255 1482 1392 1523 animo
1426 1481 1582 1533 suisse3
1623 1485 1665 1522 et

165 1555 330 1610 quidam
362 1569 384 1598 e
412 1556 643 1598 Vitellianis
674 1557 778 1598 urbe
809 1557 978 1611 profugi
1009 1557 1273 1600 ostentabant
1301 1556 1441 1598 Pisoni
1473 1558 1664 1597 nutantes

166 1630 319 1672 Gallias
338 1662 348 1682 ‚
392 1635 576 1684 paratam
609 1631 899 1683 Germaniam,
941 1631 1124 1685 pericula
1156 1631 1284 1685 ipsius
1317 1635 1357 1672 et
1387 1631 1429 1672 in
1457 1643 1562 1685 pace
1591 1641 1666 1673 su-

163 1709 305 1758 specto
334 1705 456 1746 tutius
488 1706 652 1747 bellum.
715 1706 825 1747 Inter
859 1718 964 1759 quae
996 1705 1190 1747 Claudius
1222 1706 1394 1761 Sagitta,
1426 1705 1664 1759 praefectus

0 1776 93 1836 32„
112 1788 151 1818 20
165 1779 255 1843 alae
285 1779 488 1837 Petrinae,
522 1792 723 1834 prospera
755 1781 1026 1836 navigatione
1055 1781 1273 1835 praevenit
1290 1780 1495 1834 Papirium
1516 1782 1666 1822 centu-

165 1845 328 1896 rionem
359 1867 381 1895 a
424 1855 614 1896 Muciano
649 1856 832 1908 missum,
880 1856 1227 1910 adseveravitque
1270 1855 1667 1938 'nssndafflisstessff

72 1974 77 1982 .
105 1946 117 1949 “
167 1929 306 1971 ciendi
336 1929 497 1970 Pisonis
524 1930 759 1971 centurioni
791 1930 908 1980 data3
949 1930 1157 1971 cecidisse
1199 1930 1463 1972 Galerianum
1505 1934 1665 1972 conso-

16 2015 22 2025 '
166 1994 328 2045 brinum
363 2004 450 2045 eius
482 2016 778 2059 genelmumque
840 2005 969 2046 Unam.
992 2005 1032 2044 in
1057 2004 1233 2046 audacia
1260 2017 1376 2059 spem
1396 2005 1555 2056 salutiS,
1587 2003 1663 2046 sed

299 2161 333 2195 3.
364 2161 404 2195 G.
433 2160 498 2195 Ma.
598 2162 743 2196 tur-hidis
769 2174 945 2207 superser.
971 2175 990 2197 v
1018 2162 1084 2198 ltlfl.
1178 2174 1221 2196 ac
1248 2163 1296 2197 G:
1324 2160 1378 2196 Ma
1407 2162 1464 2196 ad.
1566 2162 1599 2197 7.
1627 2162 1664 2195 in

163 2207 217 2242 Ma
244 2208 414 2255 distingui
441 2211 567 2256 nequit
591 2211 642 2244 vis
669 2222 688 2244 a
714 2213 788 2245 ius.-
821 2212 909 2245 illud
937 2213 971 2245 in
1005 2211 1032 2246 G
1059 2217 1094 2245 et
1121 2211 1398 2254 Oxoniensibus,
1426 2210 1496 2244 hoc
1523 2211 1557 2244 in
1587 2210 1664 2245 Bu-

164 2257 278 2292 densi.
375 2259 408 2293 9.
437 2258 696 2304 splendissimus
723 2259 789 2294 Ma.
895 2263 950 2295 10.
978 2261 1100 2306 afric-ci
1125 2259 1190 2293 Ma.
1294 2262 1348 2295 11.
1377 2265 1570 2305 sumptuose
1595 2257 1662 2294 Ma.

166 2306 221 2340 18.
248 2312 403 2351 suscepto
431 2311 518 2353 (non
544 2312 721 2354 suscepta)
751 2308 816 2350 Md,
842 2314 1001 2354 suspecta
1027 2309 1075 2343 G:
1106 2315 1262 2353 suspecto
1294 2309 1473 2342 Victorius
1500 2307 1542 2342 ad
1569 2317 1665 2342 mar-

163 2357 281 2399 ginem
313 2354 369 2391 ed.
398 2355 646 2392 Beroaldinac.
713 2360 771 2393 22.
794 2357 924 2391 cedisse
944 2357 1018 2391 w:
1045 2357 1071 2391 G
1098 2357 1274 2392 cecidisse.
1328 2358 1386 2393 23.
1415 2356 1579 2392 audacia
1597 2355 1663 2391 Ma.

1022 2515 1185 2549 Marcum
1211 2513 1373 2548 Silanum
1393 2519 1546 2548 metuens
1561 2526 1574 2548 .·
1602 2525 1665 2548 so-

950 2573 1068 2596 cerum
1098 2573 1198 2596 suum
1218 2563 1366 2605 primum
1383 2563 1487 2596 nimis
1515 2562 1662 2604 cultum,

948 2621 1030 2644 mox
1053 2615 1258 2654 suspectum
1287 2615 1322 2644 et
1349 2610 1391 2644 ad
1410 2615 1559 2645 mortem
1577 2621 1663 2645 coa-

163 2511 272 2544 surda
309 2511 396 2546 dicit
433 2524 524 2559 quae
567 2515 763 2549 cohaerent
800 2527 877 2549 cum

165 2560 267 2593 initio
298 2562 486 2606 causisque
509 2573 641 2609 easque
666 2569 878 2606 promovent

166 2613 201 2641 et
229 2609 397 2643 excitant.
456 2611 604 2645 Scilicet
626 2623 744 2657 pauca
770 2623 877 2645 sensu

166 2662 349 2700 concreto,
379 2663 414 2692 ut
440 2670 505 2694 nos
530 2660 721 2705 loquimur,
746 2660 876 2693 dictum

167 2711 220 2739 est
250 2706 387 2752 (sobald
411 2707 469 2742 ich
493 2709 639 2754 Eim'yes
665 2720 728 2742 aus
752 2709 876 2752 smihe-

166 2766 225 2787 νει·
265 2755 362 2797 Zeu,
403 2767 476 2791 was
508 2758 570 2791 mit
618 2757 877 2802 Veranlassunq

165 2803 237 2835 und
269 2804 449 2838 Ursachen
475 2818 516 2840 zu
547 2806 769 2852 derqleichen
789 2806 877 2839 Fre-

166 2851 342 2885 reltltalen
387 2855 722 2900 zusammenhc'tnyt,
769 2866 881 2900 anye-

168 2899 265 2942 [ίὶΙιιι
293 2900 410 2946 habe).

243 2947 338 2991 quio
374 2951 409 2981 in
447 2949 597 2995 Africta
650 2952 695 2985 cl.
725 2951 765 2984 ll.
793 2951 807 2985 Ι
841 2953 878 2985 ll

170 2992 293 3039 ibique
320 3002 440 3033 annot.

948 2664 1053 2693 ctum.
1083 2659 1137 2693 Cf.
1167 2659 1210 2692 ad
1235 2660 1276 2692 A.
1307 2671 1336 2692 r.
1354 2659 1387 2694 4.
1427 2659 1496 2693 Dio
1522 2658 1598 2694 le
1617 2660 1665 2695 20

948 2718 1009 2752 pro
1039 2709 1163 2742 Marco
1203 2707 1327 2741 Silano
1370 2707 1519 2742 Lucium
1558 2707 1662 2741 Piso-

948 2768 1052 2799 nem,
1082 2756 1145 2790 Un.
1172 2756 1311 2790 Pisonis
1339 2761 1374 2790 et
1400 2755 1593 2790 Plancinae
1619 2756 1664 2789 fi-

950 2805 1048 2848 lium,
1076 2805 1221 2839 Africae
1248 2805 1313 2838 sub
1347 2805 1432 2839 Gaio
1462 2814 1664 2849 proconsu-

951 2853 1034 2895 lem,
1062 2853 1141 2887 dum
1171 2854 1342 2894 nominat,
1375 2858 1410 2886 et-
1437 2853 1600 2888 homines
1627 2858 1663 2887 et

951 2907 1110 2945 tempora
1138 2903 1289 2946 turpiter
1316 2901 1515 2946 confundit.

1027 2949 1110 2993 Cap.
1127 2951 1184 2985 49.
1213 2961 1321 2994 neque
1346 2949 1483 2983 modica
1509 2949 1663 2995 cupiens,

951 3002 983 3032 et
1009 2998 1188 3042 adfinitate
1225 2997 1353 3033 Vitellii
1380 2998 1532 3035 (cretius.-
1577 2996 1664 3032 duas
