1768 3216
802 226 891 263 GAr.
917 227 953 262 8.

1558 221 1631 260 173

138 344 500 387 commendatione
514 345 726 397 natalium,
746 345 839 387 sine
855 344 1084 386 substantia
1102 342 1355 396 facultatum,
1370 347 1518 386 neuter
1536 354 1639 385 mo-

137 418 253 461 ribus
280 420 495 474 egregiuS,
528 420 632 462 alter
660 420 802 462 habitu
831 431 996 473 quoque
1026 419 1218 472 corporis
1252 422 1526 472 contemptus,
1556 429 1633 471 per

136 493 287 535 multos
317 494 398 535 iam
429 506 564 536 annos
594 494 871 548 potentissimi
902 498 998 535 sunt
1028 493 1224 545 civitatiS,
1256 505 1306 534 ac
1337 492 1474 534 donec
1498 491 1630 543 libuit,

135 567 345 622 principes
377 569 473 620 sori,
505 581 615 610 nunc
646 569 858 622 principes
891 569 932 609 in
965 568 1159 610 Caesaris
1190 567 1373 608 amicitia
1403 570 1531 622 agunt
1565 565 1633 608 se-

134 645 313 695 rumque
342 646 509 694 cuncta,
541 646 664 696 atque
695 642 854 695 abipso
876 642 1063 695 principe
1085 653 1177 682 cum
1200 641 1375 695 quadam
1392 640 1663 686 reverentias

135 714 375 771 diliguntur,
406 717 502 770 quia
530 717 828 770 Vespasianus,
859 716 1114 758 venerabilis
1146 727 1277 757 senex
1306 719 1348 757 et
1370 714 1632 769 patientissi-

135 802 227 832 mus
254 792 359 844 veri,
388 791 497 833 bene
527 791 744 846 intellegit,
774 794 939 833 ceteros
968 790 1135 844 quidem
1165 790 1325 831 amicos
1355 801 1455 831 suos
1486 789 1537 831 iis
1554 788 1631 830 niti

135 872 245 919 quae
270 865 325 908 ab
353 866 445 920 ipso
476 866 729 920 acceperint,
762 877 951 919 quaeque
981 865 1062 919 ipsi
1091 864 1356 907 accumulare
1381 868 1421 906 et
1452 863 1496 905 in
1524 863 1631 905 alios

135 951 370 996 congerere
397 945 630 994 promptum
662 945 751 992 est,
782 939 1022 982 Marcellum
1057 943 1193 981 autem
1225 944 1267 981 et
1297 939 1487 993 Crispum
1517 943 1631 980 attu-

132 1014 233 1057 lisse
264 1014 316 1057 ad
348 1015 571 1057 amicitiam
602 1027 720 1057 suam
751 1014 862 1068 quod
891 1025 976 1055 non
1005 1026 1028 1055 a
1059 1013 1248 1067 principe
1279 1013 1519 1067 acceperint
1549 1024 1686 1058 necto

134 1089 269 1143 accipi
298 1090 446 1143 possit.

518 1090 731 1132 Minimum
769 1089 878 1131 inter
919 1092 980 1129 tot
1020 1101 1070 1129 ac
1110 1092 1221 1129 tanta
1264 1087 1404 1130 locum
1442 1087 1633 1129 obtinent

136 1164 343 1218 imagines
370 1177 419 1206 ac
450 1165 555 1206 tituli
586 1169 626 1206 et
655 1168 830 1217 statuae,
869 1176 974 1217 quae
1019 1175 1155 1216 neque
1189 1163 1279 1216 ipsa
1310 1167 1449 1204 tamen
1479 1161 1633 1216 negle-

238 1263 270 1296 1.
298 1262 372 1295 siue
398 1260 438 1294 F.

135 1308 214 1344 Ft’:
241 1316 274 1343 et
299 1310 473 1354 expunxit
497 1309 727 1343 Puteolanus.

514 1262 548 1295 2.
574 1259 764 1306 permultos
788 1259 853 1294 FP.

132 1408 228 1441 rexit
255 1406 408 1451 Lipsius,

136 1457 180 1491 12
202 1456 263 1498 45,
289 1455 333 1489 ll.
365 1456 388 1490 3
414 1454 474 1490 38.

484 1408 495 1439 l
508 1409 538 1440 1.
563 1406 719 1452 optinent
745 1405 782 1440 P.

134 1549 170 1579 et
198 1542 375 1578 interdum
403 1553 516 1588 usque
543 1543 587 1577 ad
615 1543 851 1577 offensionem

134 1593 350 1636 conspicuus
397 1593 553 1636 pertinet
601 1592 643 1625 ad
691 1596 850 1624 naturam

135 1643 212 1675 eius
251 1641 403 1674 oratoris
440 1651 460 1674 a
491 1639 612 1674 Tacito
652 1640 852 1673 imitatione

136 1699 354 1735 expressam.

219 1765 412 1806 paupertas
446 1765 478 1793 et
515 1760 700 1804 anqustiae
734 1771 851 1792 rerum

135 1815 321 1843 nascentes
344 1819 402 1842 eos
416 1810 740 1842 circumsteterunt.-
769 1807 850 1840 dum

136 1858 319 1903 angustias
365 1868 483 1890 rerum
527 1861 562 1890 et
606 1862 849 1902 paupertatem

137 1907 274 1952 iungit,
317 1906 470 1940 fortasse
508 1907 668 1948 respexit
713 1905 848 1938 Horatii

137 1953 252 1988 carm.
292 1953 338 1988 111
370 1956 392 1990 2
422 1957 466 1988 1:
515 1959 700 1998 anqustam
738 1954 850 1986 amice

133 2003 338 2048 pauperiem
367 2003 444 2048 pati
467 2023 510 2029 —
535 2013 624 2047 puer
657 2002 847 2036 condiscat.

136 2050 232 2085 Idem
249 2051 367 2085 simite
384 2051 543 2097 imagine
558 2049 673 2084 Carm.
703 2049 752 2083 lv
772 2051 794 2085 3
811 2052 848 2084 1:

134 2106 233 2144 quem
249 2104 297 2142 tu,
327 2098 558 2144 Melpomene,
576 2098 681 2132 semel
694 2109 847 2132 nasccn-

135 2153 201 2182 tem
222 2147 366 2195 placido
393 2147 523 2181 lumine
547 2148 691 2182 videris.

233 2220 310 2253 sine
360 2219 555 2253 substantia
608 2218 817 2263 facultatum
836 2230 847 2251 .-

134 2268 271 2301 Graece
319 2272 508 2301 convertas
569 2266 662 2303 ἄνευ
717 2267 852 2306 οὐσίας

133 2315 343 2362 προσόδων
370 2314 428 2348 vel
456 2314 604 2358 πόρων.
645 2314 749 2348 Conf.
762 2313 851 2347 Pro-

133 2374 224 2398 oem.
254 2373 288 2407 p.
318 2361 471 2397 XXXIV.
499 2362 705 2396 Substantia
733 2361 850 2406 (ὑπό-

136 2424 280 2454 στασις,
308 2410 488 2457 ὕπαρξις)
517 2420 580 2455 pro
607 2410 726 2455 opibus
742 2410 849 2443 etiam

134 2460 178 2494 ab
201 2460 285 2494 aliis
316 2464 511 2506 argenteae
536 2459 663 2493 aetatis
690 2459 851 2492 auctori-

135 2509 199 2543 bus
227 2509 368 2551 dicitur,
395 2508 458 2542 sed
478 2508 707 2542 substantiam
730 2506 850 2550 sacul-

134 2563 243 2591 tatum
268 2559 328 2602 qui
358 2557 536 2599 iunxerit,
576 2561 717 2601 praeter
742 2565 849 2588 unum

135 2605 235 2640 illum
262 2607 297 2639 in
325 2605 512 2639 Prooemio
543 2605 756 2646 indicatum,
787 2604 847 2637 vix

134 2654 351 2688 inveniatur.

223 2729 332 2769 ayunt
370 2725 555 2768 feruntque
592 2728 740 2757 cuncta:
780 2732 845 2757 suo

135 2771 283 2806 arbitrio
318 2776 445 2806 cuncta
487 2770 737 2814 moderantur,
784 2770 847 2805 sed

136 2821 225 2855 haec
251 2821 431 2855 sententia
456 2820 583 2853 fortius
610 2829 778 2864 expressa
794 2823 846 2852 est

134 2868 178 2902 ab
212 2874 353 2903 oratore
387 2868 547 2902 studioso
582 2867 847 2913 metaphoricae

135 2917 314 2961 dictionis,
342 2919 401 2963 qui
428 2916 633 2950 translatum
661 2927 680 2950 a
707 2920 847 2960 tempe-

136 2971 227 3002 state
253 2966 297 3002 ad
322 2966 486 3001 homines
512 2969 677 3010 potentes
700 2974 845 2999 accom-

803 1313 958 1342 coeteros
980 1306 1018 1349 P,
1046 1311 1085 1339 ut
1110 1306 1216 1340 solet.

133 1358 179 1392 ab
202 1358 249 1392 al.
275 1369 323 1392 m.
349 1359 395 1391 iis
422 1357 461 1401 P,
487 1358 532 1392 iis
556 1358 624 1391 niti
651 1356 700 1390 F:
726 1357 794 1390 niti
820 1355 998 1390 editiones
1028 1355 1208 1399 antiquae.

864 1406 919 1438 12.
947 1404 1158 1448 inimagines
1183 1401 1223 1435 F.

942 1260 977 1293 3.
1014 1269 1059 1292 ac
1085 1257 1129 1291 P:
1157 1264 1190 1291 et
1214 1258 1253 1292 F.
1344 1259 1376 1292 7.
1404 1257 1568 1303 intelligit
1598 1262 1632 1291 et

1282 1305 1336 1339 his
1360 1307 1427 1339 niti
1450 1315 1628 1350 superscr.

1267 1353 1303 1387 8.
1330 1354 1414 1399 ipsis
1439 1353 1520 1387 FP:
1546 1363 1630 1387 cor-

1298 1401 1477 1447 ne9159.P.
1507 1401 1554 1436 cf.
1582 1399 1636 1436 Ma

923 1540 1091 1574 modavit;
1118 1539 1215 1572 Inest
1241 1537 1345 1572 simul
1373 1542 1466 1572 tecta
1494 1539 1635 1582 Vespa-

922 1589 1011 1622 siani
1040 1589 1212 1632 principis
1227 1586 1473 1630 reprehensio,
1503 1586 1547 1620 de
1565 1597 1635 1632 qua

922 1638 1053 1670 dictum
1081 1637 1116 1669 in
1145 1636 1331 1669 Prooemio
1358 1647 1389 1669 c.
1417 1636 1450 1669 5.
1500 1634 1633 1668 Eadem

921 1686 1137 1730 vituperatio
1159 1684 1266 1728 paulo
1283 1683 1409 1717 fortior
1422 1682 1514 1717 redit
1528 1695 1558 1717 c.
1578 1684 1634 1718 13.

921 1734 1011 1767 Mala
1040 1732 1198 1767 Marcelli
1226 1731 1291 1765 sub
1322 1732 1541 1776 Vespasiano
1565 1741 1634 1775 po-

921 1784 1033 1816 tentia
1058 1782 1326 1826 praenuntiatur
1352 1780 1392 1813 ll.
1420 1780 1449 1814 ΙΙ
1477 1780 1542 1815 95:
1569 1779 1635 1812 do..

919 1842 986 1864 nec
1019 1841 1216 1864 successere
1243 1829 1431 1863 Mucianus
1466 1835 1498 1862 et
1530 1828 1635 1862 Mar-

921 1879 1027 1912 cellus
1056 1885 1086 1912 et
1111 1879 1222 1923 mayis
1247 1878 1313 1911 alta·
1344 1877 1500 1910 homines
1533 1888 1636 1921 quam

921 1927 985 1961 alii
1009 1938 1133 1961 mores.

1006 1976 1089 2020 quia
1132 1975 1384 2020 Vespasianus,
1423 1972 1635 2007 venerabilis

920 2035 1027 2058 senez·
1048 2046 1091 2050 —
1107 2024 1224 2068 accipi
1238 2024 1363 2068 possit.-
1392 2021 1481 2055 haec
1495 2020 1635 2054 addun-

920 2078 977 2106 tur
1002 2077 1040 2105 ut
1067 2082 1278 2117 praegressa
1299 2071 1515 2114 vituperatio
1534 2069 1632 2102 miti-

922 2126 1045 2166 getur,
1086 2121 1194 2166 idque
1220 2119 1352 2153 recisse
1377 2118 1532 2152 Tacitum
1549 2143 1558 2159 ,
1586 2128 1631 2150 ne

919 2169 1016 2203 Titus
1047 2169 1255 2213 Vespasiani
1272 2167 1365 2201 filius
1381 2167 1634 2207 offenderetur,

921 2219 1061 2252 conieci
1088 2219 1124 2250 in
1149 2217 1336 2250 Prooemio
1357 2227 1387 2248 c.
1416 2216 1448 2248 5.
1488 2214 1634 2247 Patien-

921 2268 1070 2300 tissimus
1094 2266 1171 2298 veri
1198 2264 1436 2307 Vespasianus
1470 2266 1631 2303 vocatur,

921 2315 1014 2358 quod
1034 2323 1156 2346 verum
1184 2312 1337 2355 pretium
1354 2309 1468 2352 Crispi
1485 2314 1520 2342 et
1538 2309 1631 2342 Mar..

921 2361 1006 2395 celli
1032 2361 1209 2405 agnoscit,
1240 2369 1357 2403 neque
1382 2357 1538 2391 moribus
1565 2367 1631 2390 eo-

920 2419 994 2442 rum
1041 2408 1263 2449 deterretur,
1305 2415 1374 2451 quo
1412 2406 1529 2439 minus
1569 2415 1630 2438 cos

922 2467 1000 2491 cum
1028 2457 1233 2490 reverentia
1260 2455 1409 2500 quadam
1436 2453 1575 2499 diligat.

995 2528 1167 2574 imagines
1200 2539 1245 2561 ac
1281 2525 1373 2560 tituli
1406 2530 1438 2559 et
1470 2530 1628 2558 statuae:

918 2577 987 2611 duo
1012 2576 1151 2622 iungit,
1177 2577 1232 2610 ius
1257 2575 1450 2620 imaginum
1477 2574 1512 2606 in
1540 2573 1629 2605 atrio

919 2624 1160 2669 ponendarum
1196 2624 1370 2670 dignitate
1412 2620 1526 2655 curuli
1560 2621 1629 2652 im-

915 2674 1046 2718 petrari
1072 2672 1236 2714 solitum,
1274 2676 1345 2703 tum
1372 2674 1522 2702 statuam
1549 2677 1627 2700 cum

914 2722 1149 2766 inscriptione
1178 2719 1306 2765 (titulo)
1338 2717 1412 2751 basi
1443 2717 1627 2759 impressa.

916 2769 1019 2804 conr.
1043 2770 1178 2803 Horatii
1207 2767 1319 2801 Carni.
1348 2765 1396 2798 IV
1421 2763 1445 2798 8
1475 2764 1542 2797 13:
1567 2763 1628 2795 in..

916 2820 990 2852 cisa
1019 2818 1110 2851 notis
1145 2816 1199 2861 (h.
1228 2826 1262 2850 e.
1288 2812 1419 2858 titulis)
1448 2821 1629 2845 marmora

913 2867 1071 2912 publicis.

980 2925 1089 2958 neque
1113 2914 1213 2958 ipsa.-
1238 2910 1271 2944 h.
1292 2921 1312 2944 e
1337 2921 1347 2943 t
1371 2919 1415 2941 ne
1443 2908 1520 2954 ipsa
1546 2906 1625 2952 qui-

915 2962 1016 3006 dem,·
1043 2961 1090 2996 ct'.
1116 2964 1237 2995 annot.
1265 2958 1308 2993 ad
1335 2957 1366 2993 11
1392 2955 1450 2991 82.
