1768 3216
755 248 843 286 Gn.
873 250 1025 286 14—15.
1558 244 1633 285 100

141 365 363 406 temnere?
421 365 525 407 Nam
569 365 679 407 hunc
723 370 834 408 tuum
873 377 1110 408 sermonem
1151 377 1279 420 saepe
1322 366 1494 420 excepi,
1538 377 1633 408 cum

142 437 294 481 oblitus
325 443 367 481 et
395 443 491 481 tuae
522 444 562 481 et
592 440 732 482 fratris
762 441 822 481 tui
852 440 1116 493 eloquentiae
1154 440 1361 482 neminem
1401 439 1483 482 hoc
1522 444 1635 482 tem-

140 524 245 567 pore
273 517 484 556 oratorem
514 526 611 556 esse
636 514 941 566 contenderes3
983 518 1106 567 atque
1136 514 1178 555 id
1208 526 1285 566 e0,
1318 514 1468 566 credo,
1498 513 1635 556 auda-

141 587 261 640 cius,
301 588 412 642 quod
443 588 711 644 malignitatis
738 589 978 642 opinionem
1008 600 1093 629 non
1130 588 1373 641 verebaris,
1418 601 1508 630 cum
1542 601 1634 631 eam

139 661 320 716 gloriam
349 663 575 716 quam,tibi
602 663 673 704 alii
704 663 941 705 concedunt
970 662 1060 716 ipse
1090 662 1165 703 tibi
1196 662 1445 718 denegares,
1646 667 1668 698 ⁸

275 736 421 791 Neque
452 737 591 790 itlius,
636 737 794 791 inquit,
839 737 1047 778 sermonis
1087 737 1169 778 mei
1197 737 1492 790 paenitentiam
1534 748 1631 792 ago,

138 822 276 864 neque
306 815 377 852 aut
404 811 640 853 Secundum
671 815 740 853 aut
758 811 988 852 Maternum
1009 815 1078 852 aut
1094 815 1134 852 te
1151 811 1297 865 ipsum,
1328 811 1456 865 Aper,
1487 823 1635 865 quam-

139 873 267 938 quam'
290 885 494 926 interdum
526 885 569 925 in
600 885 854 926 contrarium
886 884 1092 938 disputes,
1142 885 1262 927 aliter
1300 886 1458 927 sentire
1489 885 1633 928 credo.

137 956 203 998 Ac
228 957 353 999 velim
383 958 642 1011 impetratum
675 957 727 999 ab
759 957 897 1011 aliquo
926 963 1109 999 vestrum
1138 962 1182 999 ut
1212 971 1360 1000 causas
1402 959 1522 1001 huius
1562 959 1633 1000 in·-

136 1030 277 1073 finitae
307 1031 571 1073 differentiae
601 1035 809 1073 scrutetur
839 1044 889 1073 ac
916 1031 1079 1083 reddat,
1114 1043 1215 1085 quas
1246 1045 1406 1074 mecum
1436 1033 1526 1086 ipse
1539 1032 1690 1086 ple-to

136 1117 310 1159 rumque
331 1106 558 1159 conquiro.
618 1105 668 1146 Et
696 1105 805 1159 quod
838 1104 1084 1159 quibusdam
1114 1105 1266 1147 solatio
1298 1110 1387 1159 est,
1427 1106 1527 1147 mihi
1557 1118 1635 1148 au-

137 1183 210 1234 get
239 1179 540 1233 quaestionem,
573 1180 668 1232 quia
698 1179 824 1220 video
857 1180 979 1220 etiam
1010 1179 1130 1221 Grais
1162 1179 1371 1222 accidisse
1399 1185 1443 1221 ut
1463 1180 1631 1235 longius

138 1253 246 1295 absit
273 1252 487 1295 Aeschine
519 1257 559 1293 et
588 1253 869 1294 Demosthene
914 1253 1123 1295 Sacerdos
1166 1254 1247 1295 iste
1290 1255 1483 1306 Nicetes,
1532 1254 1636 1296 etsi

230 1399 266 1434 3.
292 1399 531 1433 contenderes.
560 1399 713 1444 antiquis
740 1410 779 1433 eo
811 1399 914 1432 credo
941 1398 1015 1432 FP:
1044 1397 1247 1432 emendavit
1270 1398 1422 1443 Lipsius,

1485 1399 1521 1433 4.
1553 1409 1633 1432 ma-

136 1446 309 1493 [iquitatis
344 1448 453 1481 tacite
488 1447 705 1481 Rhenanus:
748 1447 913 1492 maliynis
946 1448 990 1480 iis
1024 1446 1187 1491 syllabae
1217 1448 1296 1492 ynis
1329 1447 1374 1481 ab
1412 1446 1458 1480 al.
1494 1457 1540 1480 m.
1568 1457 1632 1481 su-

135 1505 270 1540 perscr.
295 1497 350 1529 ius
376 1495 413 1539 P,
441 1495 590 1541 maligni
613 1496 653 1529 in
676 1496 722 1530 iis
746 1495 785 1530 F.

134 1544 172 1578 8.
197 1545 236 1577 in
262 1554 318 1577 om
345 1543 383 1577 P.

139 1585 195 1627 12.
220 1593 334 1637 qratis
358 1591 426 1634 FP,
450 1593 563 1637 qraiis
590 1591 818 1626 Puteolanus.
847 1592 893 1625 cf.
918 1591 962 1625 ad
990 1591 1032 1624 H.
1060 1593 1083 1625 2
1107 1591 1166 1626 66.

770 1640 934 1674 aeschine
953 1638 1016 1684 (ab
1043 1638 1089 1673 al.
1114 1650 1159 1673 m.
1187 1649 1363 1683 superscr.
1391 1642 1426 1684 s)
1452 1644 1485 1673 et
1512 1638 1631 1672 demo-

137 1640 279 1674 ati-‘sset
299 1642 542 1685 superscripto
568 1640 669 1675 absit.

134 1688 256 1722 sthene
283 1688 346 1733 (ab
372 1688 419 1722 al.
447 1700 492 1722 m.
524 1699 700 1733 superscr.
730 1692 765 1734 s)
793 1688 830 1722 P.

138 1735 236 1784 davit
260 1736 415 1781 Lipsius.

135 1857 216 1892 Non
236 1864 336 1905 potes
362 1858 517 1892 absolvi:
550 1869 633 1892 nam
660 1868 747 1903 quae
777 1868 847 1891 non

453 1907 579 1940 desinit
605 1917 677 1940 esse

176 1961 254 2001 post
289 1961 447 2001 patrem,
486 1966 682 1999 nunquam,

452 2014 606 2037 noverca
628 2004 707 2048 fuit.

132 2049 236 2085 cont.
263 2050 359 2085 idem
385 2050 399 2084 1
430 2053 473 2086 13
502 2057 538 2086 et
562 2052 609 2086 83
637 2056 673 2085 et
702 2053 782 2088 112.

726 1954 826 1989 Galle
838 1980 847 1997 ,

197 2121 454 2168 paenitentiam
488 2133 577 2167 ayo:
611 2132 706 2156 nova
742 2121 848 2155 locu-

131 2170 183 2203 tio
219 2175 255 2204 et
293 2169 459 2212 insolita,
492 2181 598 2215 quam
632 2170 773 2204 admisit
810 2174 848 2203 ut

131 2228 284 2263 pergere
311 2218 437 2252 eodem
466 2223 591 2252 tenore
617 2228 699 2252 mox
726 2223 847 2262 posset

130 2276 242 2310 neque
268 2267 384 2308 credo,
412 2268 472 2310 qui
503 2266 710 2300 turbabatur
736 2266 846 2300 illatis

129 2324 240 2357 neque
265 2313 360 2347 iltius
388 2315 558 2347 sermonis
586 2315 656 2348 mei
681 2326 733 2347 me
756 2325 845 2359 pae-

129 2362 229 2395 nitet.

203 2415 235 2442 et
258 2408 348 2453 quod
388 2429 434 2434 —
459 2415 561 2453 auget
588 2410 844 2452 quaestionem.-

130 2466 259 2491 novam
282 2456 477 2501 quaerendi
506 2467 646 2490 causam
676 2467 740 2501 per
763 2466 848 2500 par-

131 2503 277 2539 ticulam
304 2511 363 2547 et,
407 2506 443 2538 in
469 2506 645 2549 principio
673 2505 846 2538 enuntiati

131 2563 202 2586 non
229 2553 309 2587 sine
336 2553 519 2596 pondere,
545 2558 583 2586 ut
610 2563 718 2596 saepe
745 2552 846 2594 alias,

132 2601 366 2642 collocatam,
403 2601 576 2646 adiungit.
631 2601 715 2634 Sine
742 2610 848 2633 causa

131 2647 280 2682 offendit
307 2647 516 2692 Bernhardy
557 2648 648 2691 apud
684 2647 848 2681 Doeder-

132 2695 271 2730 linium.
329 2695 408 2729 Mox
435 2695 593 2729 breviter
630 2697 715 2728 dicit
746 2701 850 2740 auget

131 2745 368 2788 quaestionem
413 2753 475 2787 pro
509 2744 729 2787 quaestionis
770 2754 848 2776 am-

132 2791 243 2825 bitum
268 2796 378 2837 auget
404 2791 461 2825 vel
486 2791 694 2835 ampliorem
719 2791 847 2824 reddit.

206 2860 383 2894 Sacerdos
405 2862 469 2895 iste
496 2862 653 2895 Nicetes:
685 2860 786 2895 ‘vere
813 2865 849 2894 et

134 2908 326 2956 εἰσῐόχως
360 2910 547 2943 emendavi
573 2910 750 2944 Sacerdos
784 2910 848 2942 iste

135 2958 285 2994 Nicetes.
340 2957 484 2994 Nicetes
510 2956 685 2993 Sacerdos
724 2956 848 2992 decla-

897 1496 931 1529 5.
952 1497 1027 1541 ipse
1052 1494 1103 1528 P:
1130 1495 1157 1528 F
1182 1496 1260 1540 ipsi.

515 1547 573 1579 11.
601 1545 768 1589 conquiro
794 1543 955 1587 syllabae
985 1552 1051 1576 con
1075 1554 1252 1588 supet-scr.
1279 1543 1317 1576 in
1342 1542 1392 1576 P:
1418 1543 1561 1587 inquiro
1587 1542 1628 1576 F.

1374 1495 1409 1529 6.
1432 1495 1564 1540 poenit.
1592 1494 1631 1530 P.

1314 1591 1368 1626 ¹3.
1396 1590 1501 1637 absit]
1530 1590 1580 1623 P:
1603 1589 1632 1624 F

954 1687 1120 1722 sacerdos
1149 1688 1213 1722 iste
1240 1688 1345 1721 enitet
1371 1693 1401 1721 et
1426 1685 1473 1720 P:
1501 1697 1627 1721 emen-

915 1860 1029 1889 mator
1072 1854 1204 1888 nobilis
1247 1864 1290 1888 eo
1326 1864 1429 1888 aevo.
1493 1853 1629 1888 Plinius

913 1903 1025 1949 Epist.
1057 1903 1103 1937 vl
1128 1903 1152 1937 6
1189 1902 1331 1936 audisse
1371 1913 1452 1937 eum
1477 1902 1628 1936 fatetur:

915 1958 992 1986 erat
1017 1962 1090 1984 non
1140 1951 1370 1984 studiosorum
1407 1956 1542 1985 tantum
1564 1961 1628 1984 ve-

914 2012 991 2034 rum
1018 2001 1122 2033 etiam
1146 1999 1337 2033 studiorum
1360 1997 1628 2033 amantissima?

915 2051 1038 2093 (pater
1076 2046 1158 2081 Iulii
1195 2046 1393 2093 Nasonis),
1426 2047 1484 2080 ‘ac
1519 2057 1631 2093 prope

914 2096 1065 2140 quotidie
1100 2094 1148 2128 ad
1179 2095 1390 2137 audiendos,
1430 2106 1513 2139 quos
1548 2100 1632 2128 tunc

914 2155 975 2189 eqo
999 2144 1288 2190 frequentabam,
1319 2144 1572 2185 Quintilianum
1598 2147 1631 2175 et

915 2192 1061 2226 Niceten
1075 2192 1300 2226 Sacerdotem
1324 2192 1527 2225 ventitabat.
1554 2189 1629 2223 Ex-

913 2245 982 2273 stat
1002 2240 1207 2274 Philostrati
1237 2240 1370 2272 l.emnii
1397 2239 1440 2272 de
1470 2238 1538 2271 hoc
1563 2236 1630 2270 Ni-

914 2293 993 2321 cete
1034 2289 1070 2320 in
1116 2287 1204 2320 Vitis
1242 2287 1486 2329 sophistarum
1531 2284 1546 2317 1
1585 2283 1630 2319 19

915 2335 1086 2379 elogium,
1115 2335 1159 2367 de
1185 2343 1254 2378 quo
1266 2333 1436 2366 Pithoeus
1463 2342 1528 2365 nos
1548 2340 1628 2364 mo-

913 2383 1002 2423 nuit,
1031 2382 1108 2425 ipse
1135 2382 1291 2414 monitus
1312 2379 1526 2414 aNiveleto.
1552 2378 1630 2413 No-

912 2431 1023 2462 minat
1071 2434 1107 2462 et
1144 2430 1281 2463 Seneca
1318 2434 1419 2473 pater
1457 2427 1628 2462 Controv.

915 2477 959 2510 tx
985 2479 1027 2512 2:
1054 2488 1120 2510 nec
1146 2476 1235 2511 Iulio
1260 2488 1327 2510 nec
1352 2477 1417 2510 alii
1445 2477 1629 2521 contigisse

912 2535 973 2558 suo
1013 2525 1183 2570 (scribam
1218 2536 1285 2558 nec
1331 2525 1427 2559 Vibio
1459 2535 1525 2558 nec
1565 2522 1630 2556 alii

914 2573 1098 2617 contigisse
1123 2574 1214 2618 scio)
1256 2584 1358 2617 quam
1391 2573 1483 2618 apud
1511 2572 1627 2605 Grae-

914 2631 972 2654 cos
998 2621 1156 2662 Nicetae,
1184 2622 1277 2666 apud
1298 2622 1473 2655 Rornanos
1497 2620 1628 2652 Latro-

913 2669 971 2711 ni,
1010 2675 1048 2702 ut
1075 2680 1098 2702 a
1125 2669 1303 2713 discipulis
1328 2680 1398 2701 non
1425 2667 1542 2700 audiri
1566 2665 1628 2698 de-

913 2716 1123 2750 siderarent.
1164 2716 1208 2749 Et
1235 2716 1359 2749 eodem
1387 2715 1476 2748 libro
1505 2712 1626 2746 Contr.

914 2764 1063 2798 ultima:
1112 2764 1250 2798 Nicetes
1292 2765 1428 2807 egregie
1467 2762 1555 2795 dixit
1591 2762 1631 2794 in

915 2812 1033 2846 eodem
1055 2811 1154 2844 loco’.
1182 2812 1336 2844 Lipsius.
1366 2810 1503 2843 Floruit
1528 2810 1630 2852 prin-

916 2861 996 2903 cipe
1024 2858 1173 2892 Claudio
1214 2863 1248 2891 et
1274 2858 1415 2892 Nerone
1450 2868 1491 2890 ac
1526 2855 1631 2890 dein-

918 2918 1023 2951 ceps,
1048 2906 1260 2940 rhetoricam
1292 2911 1361 2940 tatu
1390 2907 1424 2939 in
1453 2903 1540 2938 urbe
1566 2914 1633 2949 pa-

919 2957 987 2990 tria
1002 2954 1151 3000 Smyrna
1173 2964 1276 3001 quam
1296 2954 1429 2989 Romae
1457 2952 1632 2999 docendo,
