1768 3216
36 1118 119 1157 ‘21

140 184 229 223 πθ.
255 183 315 222 ω.
614 185 751 222 LIBER
777 185 839 222 111.
892 186 980 223 Gar.
1010 188 1164 225 19—21.
1574 191 1649 226 81³

138 303 273 357 loeus,
304 291 457 359 quanta
488 304 661 346 altitudo
691 305 918 357 moenium,
952 305 1227 348 tormentisne
1257 309 1299 348 et
1332 306 1428 348 telis
1457 319 1511 349 an
1539 319 1648 362 ope-

139 378 257 420 ribus
287 382 329 420 et
358 379 495 420 vineis
541 378 831 433 adgredienda
877 379 979 421 urbs
1020 379 1142 422 soret.
1203 380 1303 425 Mox
1328 392 1560 424 conversus
1591 382 1647 424 ad

140 452 359 508 singulos,
406 465 504 495 num
550 465 722 495 secures
769 452 1050 507 dolabrasque
1087 458 1128 495 et
1171 458 1312 496 cetera
1356 455 1647 510 expugnandis

139 512 312 569 urbibus
341 539 484 569 secum
511 527 743 569 attulissent
772 527 996 582 rogitabat.
1058 527 1110 569 Et
1142 541 1236 571 cum
1262 529 1507 582 abnuerent,
1532 522 1675 585 ‘gla-'

139 601 290 644 diisne‘
326 602 458 656 inquit
482 600 540 644 ‘et
575 602 671 656 pilis
712 602 979 658 perfringere
1015 615 1065 644 ac
1112 603 1316 645 subruere
1354 616 1494 646 muros
1537 604 1678 651 ullaes

139 688 300 720 manus<
328 678 533 731 possunt?
593 678 637 719 Si
678 690 880 732 aggerem
920 682 1107 739 struere,
1150 678 1187 720 si
1226 678 1376 732 pluteis
1409 679 1647 721 cratibusve
1717 721 1727 737 ι,

137 751 305 807 protegi
340 764 518 794 necesse
549 752 689 804 suerit,
722 756 767 795 ut
792 737 1253 807 vulgus-inproridum,
1286 753 1399 794 inriti
1429 754 1644 807 stabimus,
1714 738 1726 746 ⁴¹

97 830 110 858 Γ
136 808 672 869 ὠῑΜὲἰ’ὖ’ἦ“εῑ
702 827 840 870 aliena
870 827 1123 869 munimenta
1153 827 1386 869 mirantes?
1426 827 1533 877 Quin
1564 841 1646 882 po-

137 900 220 943 tius
248 912 365 943 mora
397 902 534 943 noctis
565 901 709 954 unius,
745 902 1184 963 advectis—tormentis
1213 901 1528 956 machinisque,
1560 903 1644 944 vim

136 975 442 1030 victoriamque
471 977 691 1019 nobiscum
722 976 928 1019 ferimusl’
966 976 1095 1019 Simul
1125 976 1232 1019 lixas
1265 976 1519 1031 calonesque
1551 989 1645 1019 cum
1660 993 1698 1022 ιο

135 1044 438 1101 recentissimis
469 1051 651 1106 equitum
671 1051 921 1093 Bedriacum
953 1051 1089 1104 mittit,
1121 1051 1265 1105 copias
1297 1055 1522 1105 ceteraque
1551 1052 1645 1111 usui

137 1125 365 1169 adlaturos.
395 1127 470 1168 -Id
501 1139 604 1169 vero
635 1139 767 1182 aegre
805 1127 1011 1169 tolerante
1049 1127 1179 1169 milite
1219 1139 1351 1181 prope
1391 1116 1644 1169 seditione—m

136 1204 331 1254 ventum,
383 1214 477 1243 cum
516 1202 732 1257 progressi
774 1202 937 1255 equites
977 1202 1055 1243 sub
1095 1202 1185 1256 ipsa
1225 1201 1392 1242 moenia
1424 1214 1557 1256 vagos
1591 1214 1645 1244 ex

137 1276 489 1319 Cremonensibus
521 1277 766 1331 corripiunt,
798 1288 974 1331 quorum
1003 1276 1161 1318 indicio
1192 1277 1382 1318 noscitur
1411 1288 1489 1318 sex
1509 1277 1643 1319 Vitel-

133 1350 269 1393 lianas
297 1351 490 1406 legiones
523 1363 773 1405 omnemque
803 1351 1033 1393 exercitum
1065 1352 1135 1405 qui
1164 1351 1563 1410 Hostiliff‘}‚„eg?¹j³t2
1587 1364 1639 1394 eo
1653 1364 1693 1394 u

134 1426 226 1480 ipso
258 1425 327 1468 die
357 1426 528 1481 triginta
565 1426 677 1468 milia
716 1438 911 1480 passuum
944 1438 1183 1478 emensum,
1227 1410 1439 1480 comperta
1470 1438 1641 1468 suorum

133 1501 255 1543 clade
285 1501 329 1542 in
356 1501 560 1556 proelium
591 1501 760 1556 accingi
791 1514 842 1542 ac
880 1501 962 1543 iam
1004 1501 1167 1543 adfore.
1231 1501 1269 1543 ls
1301 1506 1439 1543 terror
1470 1501 1642 1543 obstru-

134 1579 223 1619 ctas
252 1579 413 1618 mentes
441 1575 629 1617 consiliis
662 1575 781 1617 ducis
816 1576 988 1629 aperuit.
1051 1575 1210 1617 Sistere
1241 1576 1404 1617 tertiam
1438 1576 1643 1618 decimam

132 1649 343 1705 legionem
385 1651 427 1691 in
474 1651 565 1705 ipso
610 1650 704 1691 viae
743 1650 976 1692 Postumiae
1014 1662 1173 1705 aggere
1203 1650 1340 1702 iubet,
1387 1650 1455 1692 cui
1503 1651 1643 1692 iuncta

1724 1014 1768 1061 ΖΕ,

268 1794 304 1828 2.
340 1793 451 1827 vineis
476 1792 771 1838 (machinamenti
795 1803 905 1837 yenus
930 1792 978 1826 ad
1003 1792 1255 1837 esc-pugnandos
1289 1803 1408 1826 mmos
1433 1793 1472 1826 in
1505 1793 1643 1828 modum

132 1841 283 1877 turrium
305 1844 441 1887 factam
463 1841 510 1888 is)
536 1841 779 1887 adgredienda
805 1839 870 1876 Ma.
911 1842 994 1875 unci
1019 1846 1055 1874 et
1081 1842 1362 1885 superscriptum
1399 1841 1548 1875 verbum
1573 1853 1642 1876 va-

133 1895 192 1925 cat
214 1901 237 1927 a
261 1891 466 1925 recentiore
491 1895 575 1924 sunt
600 1901 732 1932 manu3
768 1889 889 1936 glossa
914 1889 1035 1924 deleta
1060 1890 1131 1923 iam
1159 1890 1195 1923 in
1222 1889 1262 1923 G.
1340 1890 1376 1925 3.
1408 1890 1642 1935 dolabrasque

120 1939 231 1982 fiala,
255 1939 423 1974 dolabras
448 1937 491 1973 B.
569 1939 602 1974 7.
628 1938 719 1984 woly.
747 1936 806 1972 Or.
907 1938 962 1974 10.
990 1937 1066 1972 liza
1090 1938 1319 1983 scalonesque
1345 1937 1410 1972 Ma.
1497 1940 1553 1974 13.
1581 1939 1640 1972 in-

133 1993 271 2023 certum
295 1993 413 2022 utrum
439 1989 477 2021 in
502 1986 559 2022 Ma
584 1999 629 2021 esc
654 1998 699 2021 nn
725 1997 766 2020 e.-
796 1986 824 2022 G
853 1998 907 2021 ex.

131 2122 209 2170 gari
246 2132 314 2156 usu
351 2122 473 2155 tritum
504 2132 571 2168 pro
606 2120 704 2155 cirili
731 2126 846 2166 parte.

130 2172 218 2218 Agr.
244 2170 312 2206 45:
350 2175 528 2215 tamquam
548 2181 615 2215 pro
641 2169 739 2203 virili
758 2180 848 2215 por-

130 2221 227 2254 tione
250 2219 490 2253 innocentiam
499 2219 659 2264 principi
683 2218 847 2251 donares.

200 2269 233 2302 si
258 2288 304 2294 --
322 2279 463 2301 necesse
487 2267 618 2311 faerit:
646 2266 715 2299 hoc
739 2266 849 2309 suerit

132 2327 153 2351 a
178 2317 280 2361 suero
306 2314 517 2357 descendit,
555 2324 627 2347 non
662 2325 684 2346 a
721 2315 850 2358 fuerim

131 2366 250 2411 (noema
282 2364 349 2398 wir
375 2364 414 2396 in
439 2363 507 2397 den
534 2362 613 2396 Fau
645 2362 847 2407 qekommen

129 2413 206 2448 sein
229 2412 371 2446 werden
395 2423 463 2445 uns
489 2411 549 2444 mit
559 2409 848 2444 Schutzdachem

131 2462 217 2497 oder
243 2460 459 2496 Fleclatwerk
483 2471 527 2493 zu
553 2459 711 2506 decken).
754 2458 847 2492 alie-

130 2522 181 2545 na
203 2510 441 2544 munimenta.-
486 2517 559 2542 vox
592 2507 714 2541 aliena
739 2518 847 2551 prae-

69 2554 74 2578 s
131 2560 238 2603 cipua
262 2559 299 2592 vi
324 2557 498 2591 accessit:
526 2556 588 2590 alii
610 2555 846 2602 (adversarii)

131 2607 226 2641 bene
252 2606 379 2640 muniti
405 2610 534 2647 erunt,
563 2614 630 2638 nos
658 2605 785 2638 intecti
812 2607 848 2638 et

133 2654 231 2688 nudi.

202 2713 282 2735 cum
306 2701 554 2734 recentissimis
578 2701 749 2744 equitum:
787 2702 848 2746 qui

132 2750 381 2784 recentissime
423 2748 664 2790 advenerant,
705 2759 848 2794 pugnae

134 2799 345 2832 commissae
371 2800 539 2841 expertes
566 2800 601 2829 et
620 2796 772 2842 integris
790 2797 848 2829 vi..

132 2846 231 2881 ribus
257 2845 370 2879 labori
403 2844 624 2889 praescripto
650 2845 846 2881 suffecturi.

166 2903 181 2916 ·
205 2892 291 2938 Cap.
309 2894 368 2928 21.
405 2904 470 2927 sea:
501 2890 709 2931 Vitellianas
733 2891 847 2938 189ἰο-

132 2953 216 2978 nes.-
249 2940 461 2987 intelligunt
495 2939 691 2986 dicuntque
717 2940 847 2986 explo-

917 2124 1053 2155 ratores
1081 2120 1250 2166 captique
1264 2119 1541 2162 Cremonenses,
1567 2130 1639 2154 non

917 2171 996 2214 ipse
1020 2168 1174 2210 Tacitus,
1201 2169 1384 2214 legionem
1410 2170 1570 2214 quintam
1597 2180 1639 2203 ac

918 2218 1269 2259 duoetvicesimam‚
1324 2216 1462 2250 vexilla
1503 2218 1639 2261 primae

919 2265 1221 2311 (Germanicae),
1264 2270 1431 2310 quartae,
1470 2266 1636 2309 quintae-

920 2315 1093 2356 decimae,
1120 2313 1411 2347 sextaedecimae
1439 2312 1637 2358 legionum.

921 2362 976 2396 Cf.
1005 2366 1127 2396 annot.
1156 2362 1199 2395 ad
1226 2361 1268 2395 H.
1295 2359 1327 2394 ΙΙ
1356 2361 1437 2403 100,
1466 2360 1516 2394 ΙΙΙ
1546 2362 1602 2396 13.

995 2411 1055 2455 qui
1079 2409 1251 2444 Hostiliae
1278 2414 1419 2454 egerat:
1469 2420 1502 2443 v.
1531 2409 1573 2443 ll.
1603 2408 1637 2442 ll

921 2458 1001 2500 100,
1027 2457 1075 2492 111
1100 2458 1123 2494 9
1149 2464 1185 2492 et
1216 2459 1259 2493 14
1288 2461 1379 2491 extr.
1494 2457 1532 2490 in
1562 2458 1636 2503 ipso

916 2508 996 2540 viae
1030 2506 1227 2541 Postumiae
1266 2517 1395 2551 ayqere
1419 2517 1430 2538 .-
1474 2505 1543 2539 hac
1578 2506 1637 2539 via

918 2555 1081 2589 Flaviani
1096 2566 1116 2589 a
1129 2554 1304 2589 Bedriaco
1320 2553 1534 2588 Cremonam
1546 2563 1636 2587 con-

919 2604 1126 2647 tenderant3
1168 2604 1251 2638 viae
1285 2601 1489 2636 Postumiae
1524 2611 1638 2646 agger

919 2654 998 2697 ipsa
1023 2654 1083 2686 via
1110 2656 1184 2687 est:
1212 2662 1293 2685 nam
1308 2652 1369 2684 via
1392 2659 1457 2694 per
1474 2659 1637 2692 campum

919 2701 1026 2734 ducta
1065 2706 1100 2734 et
1138 2701 1275 2733 munita
1308 2697 1452 2743 aggeris
1488 2696 1635 2730 formam

917 2748 1090 2793 praebet;
1119 2749 1230 2781 c.23:
1257 2745 1438 2780 Vitelliani
1464 2749 1637 2778 tormenta

918 2798 956 2829 in
981 2807 1145 2840 aqqerem
1170 2796 1248 2828 viae
1276 2793 1520 2839 (Postumiae)
1548 2803 1635 2826 con-

918 2843 1083 2877 tulerant.

974 2892 1032 2924 cui
1054 2892 1176 2925 iuncta
1202 2901 1225 2924 a
1250 2889 1350 2927 laevo
1378 2889 1525 2934 septima
1544 2888 1633 2923 Gal-

918 2939 1048 2974 biana.-
1091 2936 1182 2974 haec
1217 2935 1317 2985 legio
1345 2947 1427 2974 cum
1462 2947 1507 2973 ea
1541 2946 1634 2984 quae
