1768 3216
50 1093 106 1132 61

128 231 218 292 1²30.
243 233 305 271 60.
321 223 325 226 ³

628 234 763 269 LIBER
789 233 832 268 11.
886 233 973 269 Cu.
1003 233 1159 270 59—61.

1559 235 1629 269 153

67 385 73 387 μ
127 350 307 404 itineris,
327 350 614 406 fatigationem
627 350 971 402 Othonianorum,
990 350 1237 405 permixtum
1253 349 1458 392 vehiculis
1478 361 1632 405 agmen

127 438 178 468 ac
216 425 415 480 pleraque
467 425 636 467 fortuita
679 425 816 467 fraudi
856 433 971 467 suae‘
1001 425 1286 480 adsignantes.

1348 424 1399 466 Et
1441 424 1631 467 Vitellius

127 499 309 543 credidit
338 500 392 542 de
421 500 609 555 perfidia,
644 505 684 542 et
711 499 835 542 fidem
866 500 1058 542 absolvit.
1103 500 1267 542 Salvius
1285 499 1470 543 Titianus
1492 500 1632 544 Otho-

125 575 191 618 nis
219 575 351 617 frater
380 575 534 617 nullum
559 556 1110 630 discrimen—{diitspietate
1132 580 1171 618 et
1200 575 1368 630 ignavia
1393 579 1630 618 excusatus,

123 648 257 692 Mario
286 649 410 692 Celso
441 650 683 693 consulatus
715 655 922 692 servatur.
982 650 1067 692 Sed
1099 650 1304 692 creditum
1341 649 1477 709 fama,
1508 650 1661 693 obie-s

124 728 318 779 utumque
347 737 446 766 mox
476 725 519 765 in
550 730 699 766 senatu
717 725 902 767 Caecilio
922 724 1125 779 Simplici,
1157 725 1268 790 quod
1302 737 1395 767 eum
1427 725 1632 768 honorem

122 799 301 853 pecunia
331 799 526 851 mercari,
556 812 636 841 nec
666 802 758 841 sine
788 800 916 841 exitio
939 799 1066 851 Celsi,
1098 799 1315 841 voluisset.
1357 800 1522 842 Restitit
1554 801 1633 843 vi-

1397 856 1500 871 lm

122 873 285 926 tebius,
317 874 514 928 deditque
543 879 691 929 postea
724 874 985 916 consulatum
1022 874 1209 928 Simplici
1240 875 1529 917 innoxium-et
1559 875 1628 916 in-

122 953 315 1004 emptum.
374 949 632 992 Trachalum
662 949 866 991 adversus
907 949 1177 991 criminantes
1217 949 1383 991 Galeria
1414 961 1524 990 uxor
1554 949 1633 992 vi-

122 1024 224 1067 tellii
254 1025 449 1079 protexit.

258 1099 370 1143 Inter
409 1113 653 1156 magnorum
692 1100 877 1142 virorum
917 1100 1162 1141 discrimina
1192 1099 1455 1154 (pudendum
1486 1099 1623 1152 dictu)

121 1174 330 1218 Mariccus
363 1175 554 1230 quidam,
599 1188 622 1216 e
654 1175 777 1230 plebe
807 1174 1031 1227 Boiorum,
1077 1175 1267 1217 inserere
1306 1187 1403 1217 sese
1437 1175 1631 1230 [ortunae
1648 1165 1764 1247 [3ζὲ

122 1254 165 1293 et
191 1262 430 1305 provocare
469 1263 584 1292 arma
626 1251 812 1292 Romana
853 1250 1118 1292 simulatione
1148 1250 1363 1291 numinum
1395 1262 1520 1291 ausus
1552 1255 1629 1292 est.
1664 1280 1767 1306 ΜΗ,

1195 1229 1202 1238 ,
1286 1226 1369 1238 ‘fl**
1377 1230 1393 1233 γ,
1402 1231 1412 1234 -

99 1325 291 1380 ,lamque
330 1325 525 1367 adsertor
565 1325 790 1367 Galliarum
828 1330 867 1367 et
913 1325 1014 1367 deus
1056 1331 1173 1377 (nam
1216 1325 1256 1366 id
1288 1325 1368 1366 sibi
1402 1325 1631 1377 indiderat)

122 1401 301 1444 concitis
349 1405 445 1442 octo
487 1400 652 1442 milibus
697 1401 909 1442 hominum
955 1401 1170 1455 proximos
1212 1400 1456 1442 Aeduorum
1496 1413 1685 1456 pagosis

120 1475 332 1527 trahebat,
365 1487 458 1516 cum
486 1476 737 1531 gravissima
776 1476 924 1517 civitas
955 1475 1090 1517 electa
1124 1475 1361 1527 iuventute,
1398 1475 1574 1517 adiectis
1608 1489 1631 1518 a

133 1524 252 1542 f—sae

119 1548 285 1592 Vitellio
317 1550 586 1603 cohortibus,
637 1551 861 1593 fanaticam
899 1551 1203 1592 multitudinem
1236 1550 1417 1592 disiecit.

1480 1551 1631 1605 Captus

121 1625 163 1666 in
194 1637 247 1666 eo
266 1625 429 1679 proelio
452 1626 660 1667 Mariccus
692 1639 742 1667 ac.
773 1638 871 1667 mox
902 1626 1003 1667 feris
1038 1626 1228 1667 obiectus
1252 1625 1347 1678 quia
1376 1637 1460 1666 non
1491 1625 1631 1667 lania-

119 1699 255 1751 batur,
288 1699 484 1741 stolidum
515 1700 663 1754 vulgus
695 1700 981 1742 inviolabilem
1003 1700 1217 1751 credebat,
1253 1699 1389 1740 donec
1412 1704 1630 1754 spectante

119 1773 287 1816 Vitellio
319 1775 565 1816 interfectus
599 1780 675 1817 est.

262 1930 290 1962 Ι.
314 1930 493 1974 permista
518 1928 584 1964 Ma.

121 1976 281 2011 noricus
307 1977 336 2011 G
361 1978 406 2011 ab
432 1978 545 2012 altera
574 1989 694 2012 mauu.

123 2026 177 2061 15.
206 2025 424 2060 baccinorum
449 2025 515 2061 Ma.

116 2171 289 2216 protexit.-
317 2170 365 2205 εἰ.
392 2170 433 2204 Η.
466 2171 553 2208 190.
595 2171 737 2206 Galeria
766 2172 838 2206 Ga-

118 2219 198 2254 lerii
236 2218 400 2253 Trachali
442 2225 502 2253 aut
539 2230 642 2254 soror
674 2220 744 2254 suit
778 2227 839 2255 aut

119 2267 255 2312 alioqui
283 2272 436 2312 cognata
467 2273 503 2301 et
530 2269 690 2313 gentitis.

191 2315 277 2359 Gap.
302 2316 362 2350 61.
400 2315 599 2360 pudendum
628 2317 741 2350 dictu.-
767 2328 838 2361 pu-

118 2362 240 2397 dorem
278 2363 365 2397 facit
396 2363 556 2397 Romano
602 2370 638 2398 et
678 2367 836 2399 senatori

118 2411 211 2456 quod
243 2410 350 2445 homo
376 2412 549 2446 obscurus
584 2418 620 2447 et
654 2413 698 2447 de
729 2414 836 2458 plebe

117 2459 287 2494 Boiorum
323 2463 561 2495 reverentiam
589 2462 738 2496 Romani
766 2473 834 2496 no-

117 2509 223 2543 minis
249 2514 285 2543 et
311 2510 455 2554 imperii
488 2510 577 2544 adeo
604 2511 761 2553 abiecit,
794 2517 834 2545 ut

79 2601 81 2605 .
116 2568 212 2591 arma
247 2557 405 2591 Romana
442 2569 641 2602 provocare
676 2565 834 2594 assertor

117 2605 310 2640 Galliarum
338 2606 507 2642 anderen>

187 2654 410 2687 simonianam
438 2657 644 2689 nurninum:
688 2658 834 2691 numina

118 2700 151 2734 h.
182 2701 204 2734 l.
230 2707 312 2734 sunt
337 2702 527 2736 instinctus
557 2704 670 2737 divini
699 2705 785 2739 dicti
813 2717 834 2739 a

116 2750 255 2782 nitendo
283 2749 342 2784 vel
378 2753 565 2785 annuendo
601 2752 729 2798 (dm-ck
755 2754 833 2788 Er.

117 2797 333 2843 henachehenq
350 2798 537 2844 ydttlt'cltcr
546 2799 818 2847 Einycbunqen)
825 2829 832 2837 .

189 2847 327 2890 iamque
366 2848 529 2882 adsertor
561 2848 760 2884 Galliarum
803 2856 834 2884 ct

116 2892 199 2927 deus
223 2898 324 2940 (nam
347 2896 386 2930 id
416 2895 483 2930 sibi
516 2895 735 2943 indiderae).·
772 2899 834 2943 qui

116 2947 201 2977 ante
227 2953 298 2978 non
324 2945 394 2979 nisi
420 2945 566 2978 numina
591 2945 716 2989 ‘ipsum
737 2955 834 2980 con-

116 2991 264 3027 citantta
289 2990 493 3036 simulavit,
520 2991 603 3027 mo'x
629 2991 835 3038 ultrapro-

661 1929 696 1964 6.
726 1929 860 1963 honore
882 1930 1061 1974 paecunia
1088 1928 1153 1963 Ma.

764 1980 819 2013 14.
846 1989 929 2011 nam
954 1977 1008 2012 ltla
1035 1983 1070 2012 et
1099 1978 1240 2012 ceteri:
1267 1989 1394 2012 nomen
1418 1977 1629 2013 Beroaldus.

595 2028 651 2062 17.
679 2027 898 2061 naultiludine
924 2026 990 2061 Ma.

1246 1931 1301 1963 12.
1342 1929 1524 1963 Mariccus
1552 1928 1630 1963 iila:

910 2174 1020 2206 cessit
1047 2178 1083 2206 et
1109 2173 1215 2207 deum
1250 2183 1291 2206 se
1318 2172 1457 2207 Gallico
1484 2173 1631 2208 nomine

911 2222 1075 2264 vocavit3
1102 2222 1136 2256 id
1163 2226 1202 2254 ut
1228 2221 1369 2255 Tacitus
1397 2222 1628 2255 manifestum

909 2270 1046 2304 faceret
1073 2270 1291 2316 legentibus,
1325 2269 1459 2303 addidit
1486 2281 1569 2303 nam
1594 2270 1632 2303 id

907 2318 973 2351 sibi
1007 2319 1209 2360 indiderat,
1250 2317 1359 2351 verba
1393 2329 1413 2351 a
1449 2329 1506 2351 me
1542 2318 1630 2352 olim

908 2377 978 2399 non
1006 2372 1105 2400 recte
1131 2367 1166 2400 in
1196 2367 1438 2410 suspicionem
1462 2371 1604 2401 vocata.

974 2464 1154 2508 proximos
1177 2463 1379 2498 Aeduorum
1406 2476 1518 2510 pagos
1543 2470 1624 2498 tra-

903 2511 1026 2545 hebat:
1055 2511 1219 2546 trahebat
1246 2518 1283 2546 ut
1308 2513 1442 2546 invitos
1472 2519 1511 2547 et
1530 2513 1627 2547 alie-

904 2570 968 2593 nos
995 2560 1039 2594 ab
1067 2561 1242 2595 eiusmodi
1271 2563 1432 2605 coeptis,
1471 2562 1629 2606 ideoque
1654 2580 1657 2582 Δ

902 2610 1114 2654 yracissima
1166 2611 1291 2644 civitas
1319 2629 1321 2631 ·
1346 2610 1460 2643 Aedui
1507 2611 1627 2643 statim

905 2658 1142 2691 nominantur.
1185 2659 1266 2693 Alia
1295 2660 1432 2691 ratione
1460 2658 1622 2691 trahebat

904 2706 1101 2739 adhibitum
1118 2707 1390 2741 inveniebamus
1419 2718 1450 2739 c.
1469 2707 1527 2747 57,
1554 2705 1626 2738 ali-

904 2759 958 2787 ter
984 2765 1105 2788 rursus
1135 2766 1165 2788 c.
1181 2755 1251 2789 86:
1292 2755 1488 2788 Pannonici
1516 2765 1625 2787 exer-

904 2805 992 2836 citus
1019 2802 1257 2836 Dalmaticum
1282 2802 1425 2834 militem
1453 2809 1623 2845 traxere,-

904 2851 945 2884 lt.
976 2849 1022 2883 ΙΙΙ
1049 2850 1119 2884 44:
1154 2851 1283 2895 (prima
1310 2850 1477 2885 Adiutrix
1502 2851 1621 2897 legio)

904 2898 1074 2932 decimam
1100 2908 1232 2942 quoque
1267 2901 1311 2932 ac
1335 2904 1471 2934 sestam
1499 2901 1622 2934 traxit.

905 2945 1100 2990 Utrobique
1139 2946 1348 2992 metaphora
1387 2953 1527 2995 sumpta
1567 2953 1623 2983 est

905 3005 924 3028 a
951 3003 1063 3028 ruma.
