<?xml version="1.0" encoding="UTF-8"?>
<!DOCTYPE html PUBLIC "-//W3C//DTD XHTML 1.0 Transitional//EN"
    "http://www.w3.org/TR/xhtml1/DTD/xhtml1-transitional.dtd">
<html xmlns="http://www.w3.org/1999/xhtml" xml:lang="en" lang="en">
 <head>
  <title>
</title>
<meta http-equiv="Content-Type" content="text/html;charset=utf-8" />
  <meta name='ocr-system' content='tesseract 3.04.00' />
  <meta name='ocr-capabilities' content='ocr_page ocr_carea ocr_par ocr_line ocrx_word'/>
</head>
<body>
  <div class='ocr_page' id='page_1' title='image "./operaadcodicesan03taciuoft/operaadcodicesan03taciuoft_0672.png"; bbox 0 0 1768 3216; ppageno 0'>
   <div class='ocr_carea' id='block_1_1' title="bbox 148 240 221 282">
    <p class='ocr_par' dir='ltr' id='par_1_1' title="bbox 148 240 221 282">
     <span class='ocr_line' id='line_1_1' title="bbox 148 240 221 282; baseline -0.027 0"><span class='ocrx_word' id='word_1_1' title='bbox 148 240 221 282; x_wconf 65' lang='lat'><strong>230</strong></span> 
     </span>
    </p>
   </div>
   <div class='ocr_carea' id='block_1_2' title="bbox 715 235 1100 272">
    <p class='ocr_par' dir='ltr' id='par_1_2' title="bbox 715 235 1100 272">
     <span class='ocr_line' id='line_1_2' title="bbox 715 235 1100 272; baseline -0.005 0"><span class='ocrx_word' id='word_1_2' title='bbox 715 237 776 272; x_wconf 89' lang='lat' dir='ltr'><strong>DE</strong></span> <span class='ocrx_word' id='word_1_3' title='bbox 811 235 1039 271; x_wconf 74' lang='lat' dir='ltr'><strong>ouA&#39;rotuss</strong></span> <span class='ocrx_word' id='word_1_4' title='bbox 1046 236 1071 270; x_wconf 90' lang='lat' dir='ltr'>V</span> <span class='ocrx_word' id='word_1_5' title='bbox 1079 236 1100 270; x_wconf 94' lang='lat' dir='ltr'>S</span> 
     </span>
    </p>
   </div>
   <div class='ocr_carea' id='block_1_3' title="bbox 151 348 1648 549">
    <p class='ocr_par' dir='ltr' id='par_1_3' title="bbox 151 348 1648 549">
     <span class='ocr_line' id='line_1_3' title="bbox 151 348 1643 415; baseline -0.005 -13"><span class='ocrx_word' id='word_1_6' title='bbox 151 362 324 403; x_wconf 85' lang='lat' dir='ltr'>Crassus</span> <span class='ocrx_word' id='word_1_7' title='bbox 340 358 484 399; x_wconf 84' lang='lat' dir='ltr'><strong>Gaium</strong></span> <span class='ocrx_word' id='word_1_8' title='bbox 504 354 752 407; x_wconf 82' lang='lat' dir='ltr'>Carbonem,</span> <span class='ocrx_word' id='word_1_9' title='bbox 785 360 868 395; x_wconf 89' lang='lat' dir='ltr'><strong>uno</strong></span> <span class='ocrx_word' id='word_1_10' title='bbox 897 358 936 395; x_wconf 81' lang='lat' dir='ltr'><strong>et:</strong></span> <span class='ocrx_word' id='word_1_11' title='bbox 959 353 1163 395; x_wconf 89' lang='lat' dir='ltr'><strong>vicesimo</strong></span> <span class='ocrx_word' id='word_1_12' title='bbox 1186 353 1342 395; x_wconf 83' lang='lat' dir='ltr'><strong>Caesar</strong></span> <span class='ocrx_word' id='word_1_13' title='bbox 1358 348 1643 415; x_wconf 46' lang='lat' dir='ltr'><strong>‘Dolabellaw</strong></span> 
     </span>
     <span class='ocr_line' id='line_1_4' title="bbox 151 424 1645 479; baseline -0.005 -4"><span class='ocrx_word' id='word_1_14' title='bbox 151 436 279 476; x_wconf 82' lang='lat' dir='ltr'><strong>altero</strong></span> <span class='ocrx_word' id='word_1_15' title='bbox 315 436 353 472; x_wconf 88' lang='lat' dir='ltr'><strong>et</strong></span> <span class='ocrx_word' id='word_1_16' title='bbox 383 431 585 472; x_wconf 85' lang='lat' dir='ltr'><strong>vicesimo</strong></span> <span class='ocrx_word' id='word_1_17' title='bbox 609 430 779 472; x_wconf 87' lang='lat' dir='ltr'>Asinius</span> <span class='ocrx_word' id='word_1_18' title='bbox 803 429 932 471; x_wconf 87' lang='lat' dir='ltr'><strong>Pollio</strong></span> <span class='ocrx_word' id='word_1_19' title='bbox 958 428 1102 470; x_wconf 86' lang='lat' dir='ltr'><strong>Gaium</strong></span> <span class='ocrx_word' id='word_1_20' title='bbox 1124 428 1337 479; x_wconf 81' lang='lat' dir='ltr'><strong>Catonem,</strong></span> <span class='ocrx_word' id='word_1_21' title='bbox 1372 438 1456 468; x_wconf 89' lang='lat' dir='ltr'><strong>uon</strong></span> <span class='ocrx_word' id='word_1_22' title='bbox 1477 424 1645 469; x_wconf 69' lang='lat' dir='ltr'><strong>multum</strong></span> 
     </span>
     <span class='ocr_line' id='line_1_5' title="bbox 151 499 1648 549; baseline -0.005 -1"><span class='ocrx_word' id='word_1_23' title='bbox 151 511 285 549; x_wconf 81' lang='lat' dir='ltr'><strong>aetate</strong></span> <span class='ocrx_word' id='word_1_24' title='bbox 327 505 580 547; x_wconf 75' lang='lat' dir='ltr'><strong>antecedens</strong></span> <span class='ocrx_word' id='word_1_25' title='bbox 625 504 774 545; x_wconf 78' lang='lat' dir='ltr'><strong>Calvus</strong></span> <span class='ocrx_word' id='word_1_26' title='bbox 817 503 1023 545; x_wconf 76' lang='lat' dir='ltr'>Vatinium</span> <span class='ocrx_word' id='word_1_27' title='bbox 1070 502 1120 543; x_wconf 90' lang='lat' dir='ltr'><strong>iis</strong></span> <span class='ocrx_word' id='word_1_28' title='bbox 1168 501 1428 543; x_wconf 86' lang='lat' dir='ltr'><strong>orationibus</strong></span> <span class='ocrx_word' id='word_1_29' title='bbox 1470 499 1648 542; x_wconf 80' lang='lat' dir='ltr'><strong>insecuti</strong></span> 
     </span>
    </p>
   </div>
   <div class='ocr_carea' id='block_1_4' title="bbox 102 576 1383 641">
    <p class='ocr_par' dir='ltr' id='par_1_4' title="bbox 102 576 1383 641">
     <span class='ocr_line' id='line_1_6' title="bbox 102 576 1383 641; baseline -0.005 -19"><span class='ocrx_word' id='word_1_30' title='bbox 102 612 106 641; x_wconf 53' lang='grc' dir='ltr'>ἰ</span> <span class='ocrx_word' id='word_1_31' title='bbox 151 584 245 623; x_wconf 82' lang='lat' dir='ltr'><strong>sunt</strong></span> <span class='ocrx_word' id='word_1_32' title='bbox 277 592 377 634; x_wconf 86' lang='lat' dir='ltr'><strong>quas</strong></span> <span class='ocrx_word' id='word_1_33' title='bbox 409 580 536 622; x_wconf 86' lang='lat' dir='ltr'><strong>hodie</strong></span> <span class='ocrx_word' id='word_1_34' title='bbox 568 590 731 632; x_wconf 87' lang='lat' dir='ltr'><strong>quoque</strong></span> <span class='ocrx_word' id='word_1_35' title='bbox 765 590 859 619; x_wconf 89' lang='lat' dir='ltr'><strong>cum</strong></span> <span class='ocrx_word' id='word_1_36' title='bbox 890 576 1166 619; x_wconf 78' lang='lat' dir='ltr'>admiratione</span> <span class='ocrx_word' id='word_1_37' title='bbox 1194 576 1383 631; x_wconf 83' lang='lat' dir='ltr'><strong>legimus.</strong></span> 
     </span>
    </p>
   </div>
   <div class='ocr_carea' id='block_1_5' title="bbox 101 643 1652 1157">
    <p class='ocr_par' dir='ltr' id='par_1_5' title="bbox 101 643 1652 1157">
     <span class='ocr_line' id='line_1_7' title="bbox 103 643 1647 715; baseline -0.003 -20"><span class='ocrx_word' id='word_1_38' title='bbox 103 643 454 715; x_wconf 60' lang='lat' dir='ltr'><strong>{sadotescentuti</strong></span> <span class='ocrx_word' id='word_1_39' title='bbox 502 654 634 696; x_wconf 87' lang='lat' dir='ltr'><strong>nostri</strong></span> <span class='ocrx_word' id='word_1_40' title='bbox 676 653 936 695; x_wconf 72' lang='lat' dir='ltr'>deducamur</span> <span class='ocrx_word' id='word_1_41' title='bbox 985 652 1027 692; x_wconf 90' lang='lat' dir='ltr'><strong>in</strong></span> <span class='ocrx_word' id='word_1_42' title='bbox 1071 663 1239 693; x_wconf 84' lang='lat' dir='ltr'><strong>scenam</strong></span> <span class='ocrx_word' id='word_1_43' title='bbox 1287 650 1647 702; x_wconf 83' lang='lat' dir='ltr'><strong>scholasticorum,</strong></span> 
     </span>
     <span class='ocr_line' id='line_1_8' title="bbox 111 724 1646 785; baseline -0.003 -13"><span class='ocrx_word' id='word_1_44' title='bbox 111 757 115 778; x_wconf 60' lang='lat'><em>2</em></span> <span class='ocrx_word' id='word_1_45' title='bbox 151 731 220 785; x_wconf 85' lang='lat' dir='ltr'><strong>qui</strong></span> <span class='ocrx_word' id='word_1_46' title='bbox 249 731 441 772; x_wconf 80' lang='lat' dir='ltr'><strong>rhetores</strong></span> <span class='ocrx_word' id='word_1_47' title='bbox 473 733 702 780; x_wconf 80' lang='lat' dir='ltr'><strong>vocantur,</strong></span> <span class='ocrx_word' id='word_1_48' title='bbox 752 739 856 782; x_wconf 91' lang='lat' dir='ltr'><strong>quos</strong></span> <span class='ocrx_word' id='word_1_49' title='bbox 898 727 1021 781; x_wconf 83' lang='lat' dir='ltr'><strong>paulo</strong></span> <span class='ocrx_word' id='word_1_50' title='bbox 1064 730 1158 768; x_wconf 83' lang='lat' dir='ltr'><strong>ante</strong></span> <span class='ocrx_word' id='word_1_51' title='bbox 1201 724 1419 768; x_wconf 77' lang='lat' dir='ltr'><strong>Ciceronis</strong></span> <span class='ocrx_word' id='word_1_52' title='bbox 1461 729 1646 778; x_wconf 75' lang='lat' dir='ltr'><strong>tempora</strong></span> 
     </span>
     <span class='ocr_line' id='line_1_9' title="bbox 102 798 1648 868; baseline -0.005 -21"><span class='ocrx_word' id='word_1_53' title='bbox 102 833 112 868; x_wconf 96' lang='lat'><strong><em>4</em></strong></span> <span class='ocrx_word' id='word_1_54' title='bbox 151 806 335 848; x_wconf 81' lang='lat' dir='ltr'><strong>extitisse</strong></span> <span class='ocrx_word' id='word_1_55' title='bbox 372 817 450 845; x_wconf 87' lang='lat' dir='ltr'><strong>nec</strong></span> <span class='ocrx_word' id='word_1_56' title='bbox 481 804 691 858; x_wconf 83' lang='lat' dir='ltr'><strong>placuisse</strong></span> <span class='ocrx_word' id='word_1_57' title='bbox 732 802 959 844; x_wconf 87' lang='lat' dir='ltr'><strong>maioribus</strong></span> <span class='ocrx_word' id='word_1_58' title='bbox 1001 801 1155 842; x_wconf 85' lang='lat' dir='ltr'><strong>nostris</strong></span> <span class='ocrx_word' id='word_1_59' title='bbox 1199 813 1250 841; x_wconf 88' lang='lat' dir='ltr'><strong>ex</strong></span> <span class='ocrx_word' id='word_1_60' title='bbox 1289 812 1339 841; x_wconf 87' lang='lat' dir='ltr'><strong>eo</strong></span> <span class='ocrx_word' id='word_1_61' title='bbox 1386 798 1648 841; x_wconf 81' lang='lat' dir='ltr'><strong>manil&#39;estum</strong></span> 
     </span>
     <span class='ocr_line' id='line_1_10' title="bbox 103 871 1649 933; baseline -0.004 -13"><span class='ocrx_word' id='word_1_62' title='bbox 103 871 113 914; x_wconf 75' lang='lat'><strong>:⁵</strong></span> <span class='ocrx_word' id='word_1_63' title='bbox 151 884 228 932; x_wconf 80' lang='lat' dir='ltr'><strong>est,</strong></span> <span class='ocrx_word' id='word_1_64' title='bbox 264 879 372 933; x_wconf 85' lang='lat' dir='ltr'><strong>quod</strong></span> <span class='ocrx_word' id='word_1_65' title='bbox 397 879 548 920; x_wconf 80' lang='lat' dir='ltr'><strong>Crasso</strong></span> <span class='ocrx_word' id='word_1_66' title='bbox 580 882 620 919; x_wconf 90' lang='lat' dir='ltr'><strong>et</strong></span> <span class='ocrx_word' id='word_1_67' title='bbox 640 877 822 918; x_wconf 89' lang='lat' dir='ltr'><strong>Domitio</strong></span> <span class='ocrx_word' id='word_1_68' title='bbox 856 877 1102 918; x_wconf 88' lang='lat' dir='ltr'><strong>censoribus</strong></span> <span class='ocrx_word' id='word_1_69' title='bbox 1135 875 1320 927; x_wconf 85' lang='lat' dir='ltr'><strong>cludere,</strong></span> <span class='ocrx_word' id='word_1_70' title='bbox 1351 873 1649 925; x_wconf 83' lang='lat' dir='ltr'><strong>utaitCicero,</strong></span> 
     </span>
     <span class='ocr_line' id='line_1_11' title="bbox 149 948 1652 1007; baseline -0.005 -11.212"><span class='ocrx_word' id='word_1_71' title='bbox 149 955 289 996; x_wconf 90' lang='lat' dir='ltr'><strong>ludum</strong></span> <span class='ocrx_word' id='word_1_72' title='bbox 307 953 585 1007; x_wconf 79' lang='lat' dir='ltr'><strong>impudentiae</strong></span> <span class='ocrx_word' id='word_1_73' title='bbox 603 953 703 994; x_wconf 91' lang='lat' dir='ltr'><strong>iussi</strong></span> <span class='ocrx_word' id='word_1_74' title='bbox 722 956 828 993; x_wconf 79' lang='lat' dir='ltr'><strong>sunt.</strong></span> <span class='ocrx_word' id='word_1_75' title='bbox 863 952 943 994; x_wconf 87' lang='lat' dir='ltr'><strong>Sed</strong></span> <span class='ocrx_word' id='word_1_76' title='bbox 967 956 1010 993; x_wconf 86' lang='lat' dir='ltr'><strong>ut</strong></span> <span class='ocrx_word' id='word_1_77' title='bbox 1035 951 1179 992; x_wconf 87' lang='lat' dir='ltr'><strong>dicere</strong></span> <span class='ocrx_word' id='word_1_78' title='bbox 1210 950 1480 1001; x_wconf 83' lang='lat' dir='ltr'><strong>institueram,</strong></span> <span class='ocrx_word' id='word_1_79' title='bbox 1514 948 1652 990; x_wconf 85' lang='lat' dir='ltr'><strong>dedu-</strong></span> 
     </span>
     <span class='ocr_line' id='line_1_12' title="bbox 101 1023 1650 1080; baseline -0.003 -12"><span class='ocrx_word' id='word_1_80' title='bbox 101 1039 139 1068; x_wconf 77' lang='grc' dir='ltr'><strong>ιο</strong></span> <span class='ocrx_word' id='word_1_81' title='bbox 153 1033 301 1071; x_wconf 87' lang='lat' dir='ltr'><strong>cuntur</strong></span> <span class='ocrx_word' id='word_1_82' title='bbox 333 1029 372 1068; x_wconf 93' lang='lat' dir='ltr'><strong>in</strong></span> <span class='ocrx_word' id='word_1_83' title='bbox 406 1028 586 1080; x_wconf 82' lang='lat' dir='ltr'><strong>scholas,</strong></span> <span class='ocrx_word' id='word_1_84' title='bbox 622 1028 662 1068; x_wconf 91' lang='lat' dir='ltr'><strong>in</strong></span> <span class='ocrx_word' id='word_1_85' title='bbox 690 1027 837 1080; x_wconf 86' lang='lat' dir='ltr'><strong>quibus</strong></span> <span class='ocrx_word' id='word_1_86' title='bbox 864 1039 946 1067; x_wconf 92' lang='lat' dir='ltr'><strong>non</strong></span> <span class='ocrx_word' id='word_1_87' title='bbox 972 1026 1095 1068; x_wconf 80' lang='lat' dir='ltr'><strong>facilc</strong></span> <span class='ocrx_word' id='word_1_88' title='bbox 1126 1024 1301 1066; x_wconf 83' lang='lat' dir='ltr'><strong>dixerim</strong></span> <span class='ocrx_word' id='word_1_89' title='bbox 1323 1028 1513 1065; x_wconf 86' lang='lat' dir='ltr'><strong>utrumne</strong></span> <span class='ocrx_word' id='word_1_90' title='bbox 1532 1023 1650 1065; x_wconf 89' lang='lat' dir='ltr'><strong>locus</strong></span> 
     </span>
     <span class='ocr_line' id='line_1_13' title="bbox 152 1096 1650 1157; baseline -0.005 -13"><span class='ocrx_word' id='word_1_91' title='bbox 152 1104 241 1157; x_wconf 89' lang='lat' dir='ltr'><strong>ipse</strong></span> <span class='ocrx_word' id='word_1_92' title='bbox 284 1115 334 1143; x_wconf 87' lang='lat' dir='ltr'><strong>an</strong></span> <span class='ocrx_word' id='word_1_93' title='bbox 378 1101 653 1155; x_wconf 84' lang='lat' dir='ltr'><strong>condiscipuli</strong></span> <span class='ocrx_word' id='word_1_94' title='bbox 692 1113 743 1142; x_wconf 84' lang='lat' dir='ltr'><strong>an</strong></span> <span class='ocrx_word' id='word_1_95' title='bbox 784 1112 917 1155; x_wconf 83' lang='lat' dir='ltr'><strong>genus</strong></span> <span class='ocrx_word' id='word_1_96' title='bbox 949 1099 1179 1141; x_wconf 87' lang='lat' dir='ltr'><strong>studiorum</strong></span> <span class='ocrx_word' id='word_1_97' title='bbox 1212 1098 1301 1152; x_wconf 85' lang='lat' dir='ltr'><strong>plus</strong></span> <span class='ocrx_word' id='word_1_98' title='bbox 1333 1097 1428 1139; x_wconf 89' lang='lat' dir='ltr'><strong>mali</strong></span> <span class='ocrx_word' id='word_1_99' title='bbox 1468 1096 1650 1152; x_wconf 86' lang='lat' dir='ltr'><strong>ingeniis</strong></span> 
     </span>
    </p>
   </div>
   <div class='ocr_carea' id='block_1_6' title="bbox 155 1177 357 1219">
    <p class='ocr_par' dir='ltr' id='par_1_6' title="bbox 155 1177 357 1219">
     <span class='ocr_line' id='line_1_14' title="bbox 155 1177 357 1219; baseline -0.015 0"><span class='ocrx_word' id='word_1_100' title='bbox 155 1177 357 1219; x_wconf 80' lang='lat' dir='ltr'><strong>adferant.</strong></span> 
     </span>
    </p>
   </div>
   <div class='ocr_carea' id='block_1_7' title="bbox 211 1350 664 1387">
    <p class='ocr_par' dir='ltr' id='par_1_7' title="bbox 211 1350 664 1387">
     <span class='ocr_line' id='line_1_15' title="bbox 211 1350 664 1387; baseline -0.009 0"><span class='ocrx_word' id='word_1_101' title='bbox 211 1355 239 1387; x_wconf 88' lang='lat'><strong>1.</strong></span> <span class='ocrx_word' id='word_1_102' title='bbox 255 1351 293 1384; x_wconf 80' lang='lat' dir='ltr'><strong>C.</strong></span> <span class='ocrx_word' id='word_1_103' title='bbox 311 1350 346 1385; x_wconf 93' lang='lat' dir='ltr'><strong>P.</strong></span> <span class='ocrx_word' id='word_1_104' title='bbox 407 1350 613 1385; x_wconf 75' lang='lat' dir='ltr'><strong>dolabellam</strong></span> <span class='ocrx_word' id='word_1_105' title='bbox 629 1351 664 1384; x_wconf 90' lang='lat' dir='ltr'><strong>P.</strong></span> 
     </span>
    </p>
   </div>
   <div class='ocr_carea' id='block_1_8' title="bbox 729 1350 873 1385">
    <p class='ocr_par' dir='ltr' id='par_1_8' title="bbox 729 1350 873 1385">
     <span class='ocr_line' id='line_1_16' title="bbox 729 1350 873 1385; baseline -0.014 0"><span class='ocrx_word' id='word_1_106' title='bbox 729 1353 762 1385; x_wconf 81' lang='lat'><strong>2.</strong></span> <span class='ocrx_word' id='word_1_107' title='bbox 781 1351 820 1384; x_wconf 83' lang='lat' dir='ltr'><strong>C.</strong></span> <span class='ocrx_word' id='word_1_108' title='bbox 838 1350 873 1383; x_wconf 78' lang='lat'><strong>1¹.</strong></span> 
     </span>
    </p>
   </div>
   <div class='ocr_carea' id='block_1_9' title="bbox 419 1172 1650 1226">
    <p class='ocr_par' dir='ltr' id='par_1_9' title="bbox 419 1172 1650 1226">
     <span class='ocr_line' id='line_1_17' title="bbox 419 1172 1650 1226; baseline -0.002 -9"><span class='ocrx_word' id='word_1_109' title='bbox 419 1177 520 1218; x_wconf 80' lang='lat' dir='ltr'><strong>Nam</strong></span> <span class='ocrx_word' id='word_1_110' title='bbox 559 1176 599 1216; x_wconf 91' lang='lat' dir='ltr'><strong>in</strong></span> <span class='ocrx_word' id='word_1_111' title='bbox 631 1176 727 1217; x_wconf 91' lang='lat' dir='ltr'><strong>loco</strong></span> <span class='ocrx_word' id='word_1_112' title='bbox 760 1176 862 1216; x_wconf 93' lang='lat' dir='ltr'><strong>nihil</strong></span> <span class='ocrx_word' id='word_1_113' title='bbox 894 1175 1170 1226; x_wconf 87' lang='lat' dir='ltr'><strong>reverentiae,</strong></span> <span class='ocrx_word' id='word_1_114' title='bbox 1198 1173 1271 1215; x_wconf 89' lang='lat' dir='ltr'><strong>scd</strong></span> <span class='ocrx_word' id='word_1_115' title='bbox 1305 1172 1345 1213; x_wconf 90' lang='lat' dir='ltr'><strong>in</strong></span> <span class='ocrx_word' id='word_1_116' title='bbox 1377 1184 1498 1226; x_wconf 85' lang='lat' dir='ltr'><strong>quem</strong></span> <span class='ocrx_word' id='word_1_117' title='bbox 1530 1184 1650 1214; x_wconf 88' lang='lat' dir='ltr'><strong>nemo</strong></span> 
     </span>
    </p>
   </div>
   <div class='ocr_carea' id='block_1_10' title="bbox 934 1348 1652 1384">
    <p class='ocr_par' dir='ltr' id='par_1_10' title="bbox 934 1348 1652 1384">
     <span class='ocr_line' id='line_1_18' title="bbox 934 1348 1652 1384; baseline -0.003 0"><span class='ocrx_word' id='word_1_118' title='bbox 934 1350 1074 1384; x_wconf 65' lang='lat' dir='ltr'><strong>»nucleum</strong></span> <span class='ocrx_word' id='word_1_119' title='bbox 1093 1349 1145 1384; x_wconf 85' lang='lat' dir='ltr'><strong>FP</strong></span> <span class='ocrx_word' id='word_1_120' title='bbox 1159 1361 1166 1382; x_wconf 92' lang='lat'><strong>:</strong></span> <span class='ocrx_word' id='word_1_121' title='bbox 1185 1349 1290 1383; x_wconf 80' lang='lat' dir='ltr'><strong>multo</strong></span> <span class='ocrx_word' id='word_1_122' title='bbox 1306 1353 1448 1384; x_wconf 84' lang='lat' dir='ltr'><strong>veteres</strong></span> <span class='ocrx_word' id='word_1_123' title='bbox 1462 1348 1652 1383; x_wconf 81' lang='lat' dir='ltr'><strong>editiones.</strong></span> 
     </span>
    </p>
   </div>
   <div class='ocr_carea' id='block_1_11' title="bbox 151 1397 1651 1444">
    <p class='ocr_par' dir='ltr' id='par_1_11' title="bbox 151 1397 1651 1444">
     <span class='ocr_line' id='line_1_19' title="bbox 151 1397 1651 1444; baseline -0.001 -10"><span class='ocrx_word' id='word_1_124' title='bbox 151 1403 184 1436; x_wconf 77' lang='lat'><strong>3.</strong></span> <span class='ocrx_word' id='word_1_125' title='bbox 214 1405 327 1436; x_wconf 83' lang='lat' dir='ltr'><strong>aetate</strong></span> <span class='ocrx_word' id='word_1_126' title='bbox 356 1400 399 1432; x_wconf 82' lang='lat'><strong>1’:</strong></span> <span class='ocrx_word' id='word_1_127' title='bbox 427 1406 576 1433; x_wconf 77' lang='lat' dir='ltr'><strong>aetatem</strong></span> <span class='ocrx_word' id='word_1_128' title='bbox 605 1400 782 1433; x_wconf 83' lang='lat' dir='ltr'><strong>editiones</strong></span> <span class='ocrx_word' id='word_1_129' title='bbox 810 1410 924 1444; x_wconf 87' lang='lat' dir='ltr'><strong>usque</strong></span> <span class='ocrx_word' id='word_1_130' title='bbox 950 1399 992 1432; x_wconf 86' lang='lat' dir='ltr'><strong>ad</strong></span> <span class='ocrx_word' id='word_1_131' title='bbox 1021 1399 1242 1440; x_wconf 83' lang='lat' dir='ltr'><strong>Rhenanum,</strong></span> <span class='ocrx_word' id='word_1_132' title='bbox 1268 1399 1327 1443; x_wconf 86' lang='lat' dir='ltr'><strong>qui</strong></span> <span class='ocrx_word' id='word_1_133' title='bbox 1356 1398 1520 1432; x_wconf 77' lang='lat' dir='ltr'><strong>correxit.</strong></span> <span class='ocrx_word' id='word_1_134' title='bbox 1616 1397 1651 1432; x_wconf 79' lang='lat'><strong>4.</strong></span> 
     </span>
    </p>
   </div>
   <div class='ocr_carea' id='block_1_12' title="bbox 152 1447 1487 1640">
    <p class='ocr_par' dir='ltr' id='par_1_12' title="bbox 152 1447 1487 1640">
     <span class='ocr_line' id='line_1_20' title="bbox 152 1447 1348 1495; baseline -0.003 -11"><span class='ocrx_word' id='word_1_135' title='bbox 152 1451 253 1484; x_wconf 77' lang='lat' dir='ltr'><strong>hodia</strong></span> <span class='ocrx_word' id='word_1_136' title='bbox 279 1447 337 1495; x_wconf 64' lang='grc' dir='ltr'><strong>ῗμῃ</strong></span> <span class='ocrx_word' id='word_1_137' title='bbox 366 1448 400 1491; x_wconf 82' lang='lat' dir='ltr'><strong>P,</strong></span> <span class='ocrx_word' id='word_1_138' title='bbox 430 1449 530 1482; x_wconf 79' lang='lat' dir='ltr'><strong>hodie</strong></span> <span class='ocrx_word' id='word_1_139' title='bbox 557 1460 686 1492; x_wconf 83' lang='lat' dir='ltr'><strong>quoquc</strong></span> <span class='ocrx_word' id='word_1_140' title='bbox 715 1449 904 1481; x_wconf 74' lang='lat' dir='ltr'><strong>Vaticanus</strong></span> <span class='ocrx_word' id='word_1_141' title='bbox 935 1447 1051 1482; x_wconf 77' lang='lat'><strong>1862:</strong></span> <span class='ocrx_word' id='word_1_142' title='bbox 1080 1447 1139 1481; x_wconf 89' lang='lat' dir='ltr'><strong>alii</strong></span> <span class='ocrx_word' id='word_1_143' title='bbox 1170 1447 1348 1491; x_wconf 78' lang='lat' dir='ltr'><strong>hodieque.</strong></span> 
     </span>
     <span class='ocr_line' id='line_1_21' title="bbox 153 1497 1260 1541; baseline -0.003 -9"><span class='ocrx_word' id='word_1_144' title='bbox 153 1499 197 1532; x_wconf 89' lang='lat' dir='ltr'><strong>P:</strong></span> <span class='ocrx_word' id='word_1_145' title='bbox 224 1512 259 1533; x_wconf 87' lang='lat' dir='ltr'><strong>se</strong></span> <span class='ocrx_word' id='word_1_146' title='bbox 286 1501 324 1532; x_wconf 83' lang='lat' dir='ltr'><strong>in</strong></span> <span class='ocrx_word' id='word_1_147' title='bbox 350 1497 388 1539; x_wconf 85' lang='lat' dir='ltr'><strong>F,</strong></span> <span class='ocrx_word' id='word_1_148' title='bbox 415 1509 539 1531; x_wconf 79' lang='lat' dir='ltr'><strong>scenas</strong></span> <span class='ocrx_word' id='word_1_149' title='bbox 567 1497 770 1539; x_wconf 77' lang='lat' dir='ltr'><strong>Rhenanus,</strong></span> <span class='ocrx_word' id='word_1_150' title='bbox 799 1502 882 1531; x_wconf 81' lang='lat' dir='ltr'><strong>ante</strong></span> <span class='ocrx_word' id='word_1_151' title='bbox 909 1507 1014 1541; x_wconf 86' lang='lat' dir='ltr'><strong>quem</strong></span> <span class='ocrx_word' id='word_1_152' title='bbox 1042 1501 1117 1530; x_wconf 86' lang='lat' dir='ltr'><strong>erat</strong></span> <span class='ocrx_word' id='word_1_153' title='bbox 1143 1507 1260 1529; x_wconf 85' lang='lat' dir='ltr'><strong>scena.</strong></span> 
     </span>
     <span class='ocr_line' id='line_1_22' title="bbox 842 1543 1487 1589; baseline -0.002 -11"><span class='ocrx_word' id='word_1_154' title='bbox 842 1545 889 1579; x_wconf 93' lang='lat' dir='ltr'><strong>M.</strong></span> <span class='ocrx_word' id='word_1_155' title='bbox 919 1545 1056 1578; x_wconf 78' lang='lat' dir='ltr'><strong>claudio</strong></span> <span class='ocrx_word' id='word_1_156' title='bbox 1084 1555 1260 1589; x_wconf 80' lang='lat' dir='ltr'><strong>superscr.</strong></span> <span class='ocrx_word' id='word_1_157' title='bbox 1290 1555 1409 1578; x_wconf 79' lang='lat' dir='ltr'><strong>crasso</strong></span> <span class='ocrx_word' id='word_1_158' title='bbox 1437 1543 1487 1586; x_wconf 91' lang='lat' dir='ltr'><strong>P,</strong></span> 
     </span>
     <span class='ocr_line' id='line_1_23' title="bbox 153 1593 1395 1640; baseline -0.003 -10"><span class='ocrx_word' id='word_1_159' title='bbox 153 1597 281 1630; x_wconf 81' lang='lat' dir='ltr'><strong>Crasso</strong></span> <span class='ocrx_word' id='word_1_160' title='bbox 309 1595 360 1629; x_wconf 87' lang='lat' dir='ltr'><strong>F:</strong></span> <span class='ocrx_word' id='word_1_161' title='bbox 389 1604 606 1640; x_wconf 83' lang='lat' dir='ltr'><strong>praenomen</strong></span> <span class='ocrx_word' id='word_1_162' title='bbox 636 1593 813 1627; x_wconf 86' lang='lat' dir='ltr'><strong>sustulere</strong></span> <span class='ocrx_word' id='word_1_163' title='bbox 841 1593 1103 1628; x_wconf 84' lang='lat' dir='ltr'><strong>Schurzileisch</strong></span> <span class='ocrx_word' id='word_1_164' title='bbox 1134 1598 1170 1628; x_wconf 75' lang='lat' dir='ltr'><strong>et</strong></span> <span class='ocrx_word' id='word_1_165' title='bbox 1198 1593 1395 1628; x_wconf 85' lang='lat' dir='ltr'><strong>Heumann.</strong></span> 
     </span>
    </p>
   </div>
   <div class='ocr_carea' id='block_1_13' title="bbox 329 1545 811 1590">
    <p class='ocr_par' dir='ltr' id='par_1_13' title="bbox 329 1545 811 1590">
     <span class='ocr_line' id='line_1_24' title="bbox 329 1545 811 1590; baseline 0 -12"><span class='ocrx_word' id='word_1_166' title='bbox 329 1556 398 1579; x_wconf 92' lang='lat' dir='ltr'><strong>non</strong></span> <span class='ocrx_word' id='word_1_167' title='bbox 427 1545 461 1578; x_wconf 82' lang='lat' dir='ltr'><strong>P.</strong></span> <span class='ocrx_word' id='word_1_168' title='bbox 599 1545 633 1579; x_wconf 90' lang='grc'><strong>8.</strong></span> <span class='ocrx_word' id='word_1_169' title='bbox 666 1545 811 1590; x_wconf 76' lang='lat' dir='ltr'><strong>Crasso]</strong></span> 
     </span>
    </p>
   </div>
   <div class='ocr_carea' id='block_1_14' title="bbox 148 1548 298 1593">
    <p class='ocr_par' dir='ltr' id='par_1_14' title="bbox 148 1548 298 1593">
     <span class='ocr_line' id='line_1_25' title="bbox 148 1548 298 1593; baseline 0.013 -13"><span class='ocrx_word' id='word_1_170' title='bbox 148 1559 234 1593; x_wconf 79' lang='lat' dir='ltr'><strong>pore</strong></span> <span class='ocrx_word' id='word_1_171' title='bbox 260 1548 298 1589; x_wconf 83' lang='lat' dir='ltr'><strong>F,</strong></span> 
     </span>
    </p>
   </div>
   <div class='ocr_carea' id='block_1_15' title="bbox 1345 1447 1654 1637">
    <p class='ocr_par' dir='ltr' id='par_1_15' title="bbox 1345 1447 1654 1530">
     <span class='ocr_line' id='line_1_26' title="bbox 1451 1447 1654 1481; baseline -0.015 0"><span class='ocrx_word' id='word_1_172' title='bbox 1451 1447 1484 1481; x_wconf 87' lang='grc'><strong>5.</strong></span> <span class='ocrx_word' id='word_1_173' title='bbox 1513 1456 1654 1480; x_wconf 80' lang='lat' dir='ltr'><strong>scenam</strong></span> 
     </span>
     <span class='ocr_line' id='line_1_27' title="bbox 1345 1495 1651 1530; baseline -0.01 0"><span class='ocrx_word' id='word_1_174' title='bbox 1345 1495 1379 1530; x_wconf 89' lang='grc'><strong>6.</strong></span> <span class='ocrx_word' id='word_1_175' title='bbox 1411 1495 1535 1529; x_wconf 83' lang='lat' dir='ltr'><strong>Cicero</strong></span> <span class='ocrx_word' id='word_1_176' title='bbox 1562 1500 1651 1528; x_wconf 80' lang='lat' dir='ltr'><strong>tem-</strong></span> 
     </span>
    </p>

    <p class='ocr_par' dir='ltr' id='par_1_16' title="bbox 1488 1542 1652 1637">
     <span class='ocr_line' id='line_1_28' title="bbox 1526 1542 1652 1577; baseline -0.008 0"><span class='ocrx_word' id='word_1_177' title='bbox 1526 1542 1652 1577; x_wconf 79' lang='lat' dir='ltr'><strong>Marco</strong></span> 
     </span>
     <span class='ocr_line' id='line_1_29' title="bbox 1488 1591 1651 1637; baseline -0.025 -11"><span class='ocrx_word' id='word_1_178' title='bbox 1488 1592 1542 1627; x_wconf 84' lang='lat'><strong>10.</strong></span> <span class='ocrx_word' id='word_1_179' title='bbox 1571 1591 1651 1637; x_wconf 79' lang='lat' dir='ltr'><strong>qui..</strong></span> 
     </span>
    </p>
   </div>
   <div class='ocr_carea' id='block_1_16' title="bbox 154 1641 983 1688">
    <p class='ocr_par' dir='ltr' id='par_1_17' title="bbox 154 1641 983 1688">
     <span class='ocr_line' id='line_1_30' title="bbox 154 1641 983 1688; baseline -0.005 -9"><span class='ocrx_word' id='word_1_180' title='bbox 154 1645 213 1679; x_wconf 87' lang='lat' dir='ltr'><strong>bus</strong></span> <span class='ocrx_word' id='word_1_181' title='bbox 239 1643 314 1678; x_wconf 83' lang='lat' dir='ltr'><strong>FP:</strong></span> <span class='ocrx_word' id='word_1_182' title='bbox 342 1645 380 1678; x_wconf 76' lang='lat' dir='ltr'><strong>in</strong></span> <span class='ocrx_word' id='word_1_183' title='bbox 405 1643 525 1688; x_wconf 74' lang='lat' dir='ltr'><strong>quibus</strong></span> <span class='ocrx_word' id='word_1_184' title='bbox 554 1641 818 1677; x_wconf 78' lang='lat' dir='ltr'><strong>Schurzsseisch</strong></span> <span class='ocrx_word' id='word_1_185' title='bbox 848 1647 883 1676; x_wconf 86' lang='lat' dir='ltr'><strong>ct</strong></span> <span class='ocrx_word' id='word_1_186' title='bbox 910 1642 983 1675; x_wconf 88' lang='lat' dir='ltr'><strong>alii.</strong></span> 
     </span>
    </p>
   </div>
   <div class='ocr_carea' id='block_1_17' title="bbox 143 1787 864 2842">
    <p class='ocr_par' dir='ltr' id='par_1_18' title="bbox 143 1787 864 2111">
     <span class='ocr_line' id='line_1_31' title="bbox 145 1787 864 1833; baseline -0.004 -10"><span class='ocrx_word' id='word_1_187' title='bbox 145 1789 329 1833; x_wconf 82' lang='lat' dir='ltr'><strong>sumpsisse</strong></span> <span class='ocrx_word' id='word_1_188' title='bbox 374 1788 523 1821; x_wconf 82' lang='lat' dir='ltr'><strong>dicitur.-</strong></span> <span class='ocrx_word' id='word_1_189' title='bbox 567 1789 597 1829; x_wconf 77' lang='lat' dir='ltr'><strong>is</strong></span> <span class='ocrx_word' id='word_1_190' title='bbox 636 1793 666 1821; x_wconf 86' lang='lat' dir='ltr'><strong>et</strong></span> <span class='ocrx_word' id='word_1_191' title='bbox 707 1787 864 1821; x_wconf 81' lang='lat' dir='ltr'><strong>tribunus</strong></span> 
     </span>
     <span class='ocr_line' id='line_1_32' title="bbox 143 1835 862 1883; baseline -0.001 -13"><span class='ocrx_word' id='word_1_192' title='bbox 143 1837 253 1883; x_wconf 81' lang='lat' dir='ltr'><strong>plebis</strong></span> <span class='ocrx_word' id='word_1_193' title='bbox 279 1835 462 1870; x_wconf 76' lang='lat' dir='ltr'><strong>seditiosus</strong></span> <span class='ocrx_word' id='word_1_194' title='bbox 489 1842 520 1869; x_wconf 87' lang='lat' dir='ltr'><strong>et</strong></span> <span class='ocrx_word' id='word_1_195' title='bbox 548 1835 666 1870; x_wconf 75' lang='lat' dir='ltr'><strong>Publio</strong></span> <span class='ocrx_word' id='word_1_196' title='bbox 688 1836 862 1880; x_wconf 82' lang='lat' dir='ltr'><strong>Africano</strong></span> 
     </span>
     <span class='ocr_line' id='line_1_33' title="bbox 145 1885 864 1928; baseline -0.003 -9"><span class='ocrx_word' id='word_1_197' title='bbox 145 1887 213 1919; x_wconf 76' lang='lat' dir='ltr'><strong>vim</strong></span> <span class='ocrx_word' id='word_1_198' title='bbox 240 1885 395 1919; x_wconf 80' lang='lat' dir='ltr'><strong>attulisse</strong></span> <span class='ocrx_word' id='word_1_199' title='bbox 424 1885 639 1918; x_wconf 68' lang='lat' dir='ltr'><strong>existimatus</strong></span> <span class='ocrx_word' id='word_1_200' title='bbox 672 1891 764 1928; x_wconf 75' lang='lat' dir='ltr'><strong>est),</strong></span> <span class='ocrx_word' id='word_1_201' title='bbox 803 1890 864 1918; x_wconf 84' lang='lat' dir='ltr'><strong>aut</strong></span> 
     </span>
     <span class='ocr_line' id='line_1_34' title="bbox 148 1934 863 1977; baseline -0.001 -10"><span class='ocrx_word' id='word_1_202' title='bbox 148 1936 181 1967; x_wconf 94' lang='lat' dir='ltr'><strong>in</strong></span> <span class='ocrx_word' id='word_1_203' title='bbox 212 1934 358 1967; x_wconf 86' lang='lat' dir='ltr'><strong>exilium</strong></span> <span class='ocrx_word' id='word_1_204' title='bbox 387 1937 465 1977; x_wconf 85' lang='lat' dir='ltr'><strong>post</strong></span> <span class='ocrx_word' id='word_1_205' title='bbox 484 1934 750 1967; x_wconf 84' lang='lat' dir='ltr'><strong>accusationem</strong></span> <span class='ocrx_word' id='word_1_206' title='bbox 773 1944 863 1966; x_wconf 76' lang='lat' dir='ltr'><strong>eon-</strong></span> 
     </span>
     <span class='ocr_line' id='line_1_35' title="bbox 147 1981 862 2024; baseline -0.003 -8"><span class='ocrx_word' id='word_1_207' title='bbox 147 1984 312 2024; x_wconf 83' lang='lat' dir='ltr'><strong>cessisse,</strong></span> <span class='ocrx_word' id='word_1_208' title='bbox 328 1987 364 2014; x_wconf 88' lang='lat' dir='ltr'><strong>ut</strong></span> <span class='ocrx_word' id='word_1_209' title='bbox 379 1986 495 2015; x_wconf 84' lang='lat' dir='ltr'><strong>narrat</strong></span> <span class='ocrx_word' id='word_1_210' title='bbox 510 1981 673 2015; x_wconf 86' lang='lat' dir='ltr'><strong>Valerius</strong></span> <span class='ocrx_word' id='word_1_211' title='bbox 691 1981 862 2015; x_wconf 83' lang='lat' dir='ltr'><strong>Maximus</strong></span> 
     </span>
     <span class='ocr_line' id='line_1_36' title="bbox 147 2029 862 2072; baseline 0 -9"><span class='ocrx_word' id='word_1_212' title='bbox 147 2030 194 2063; x_wconf 85' lang='lat' dir='ltr'><strong>Ill</strong></span> <span class='ocrx_word' id='word_1_213' title='bbox 222 2031 241 2064; x_wconf 88' lang='lat'><strong>7</strong></span> <span class='ocrx_word' id='word_1_214' title='bbox 267 2030 300 2072; x_wconf 78' lang='lat' dir='ltr'><strong>o,</strong></span> <span class='ocrx_word' id='word_1_215' title='bbox 330 2029 392 2063; x_wconf 90' lang='lat' dir='ltr'><strong>sed</strong></span> <span class='ocrx_word' id='word_1_216' title='bbox 425 2041 469 2063; x_wconf 85' lang='lat' dir='ltr'><strong>ex</strong></span> <span class='ocrx_word' id='word_1_217' title='bbox 496 2029 551 2062; x_wconf 86' lang='lat' dir='ltr'><strong>his</strong></span> <span class='ocrx_word' id='word_1_218' title='bbox 578 2029 779 2062; x_wconf 88' lang='lat' dir='ltr'><strong>rumoribus</strong></span> <span class='ocrx_word' id='word_1_219' title='bbox 806 2030 862 2063; x_wconf 84' lang='lat' dir='ltr'><strong>al-</strong></span> 
     </span>
     <span class='ocr_line' id='line_1_37' title="bbox 148 2077 572 2111; baseline 0.002 -2"><span class='ocrx_word' id='word_1_220' title='bbox 148 2082 201 2111; x_wconf 86' lang='lat' dir='ltr'><strong>ter</strong></span> <span class='ocrx_word' id='word_1_221' title='bbox 231 2077 332 2110; x_wconf 84' lang='lat' dir='ltr'><strong>alteri</strong></span> <span class='ocrx_word' id='word_1_222' title='bbox 362 2079 572 2110; x_wconf 86' lang='lat' dir='ltr'><strong>contrarius.</strong></span> 
     </span>
    </p>

    <p class='ocr_par' dir='ltr' id='par_1_19' title="bbox 143 2125 864 2842">
     <span class='ocr_line' id='line_1_38' title="bbox 217 2125 862 2158; baseline 0 0"><span class='ocrx_word' id='word_1_223' title='bbox 217 2136 287 2158; x_wconf 85' lang='lat' dir='ltr'><strong>uno</strong></span> <span class='ocrx_word' id='word_1_224' title='bbox 323 2131 353 2158; x_wconf 84' lang='lat' dir='ltr'><strong>et</strong></span> <span class='ocrx_word' id='word_1_225' title='bbox 385 2126 547 2158; x_wconf 82' lang='lat' dir='ltr'><strong>vicesimo</strong></span> <span class='ocrx_word' id='word_1_226' title='bbox 586 2125 722 2158; x_wconf 80' lang='lat' dir='ltr'><strong>Caesar</strong></span> <span class='ocrx_word' id='word_1_227' title='bbox 748 2125 862 2158; x_wconf 83' lang='lat' dir='ltr'><strong>Dola-</strong></span> 
     </span>
     <span class='ocr_line' id='line_1_39' title="bbox 146 2171 863 2207; baseline 0.001 -1"><span class='ocrx_word' id='word_1_228' title='bbox 146 2173 298 2207; x_wconf 82' lang='lat' dir='ltr'><strong>bellam:</strong></span> <span class='ocrx_word' id='word_1_229' title='bbox 329 2171 460 2207; x_wconf 86' lang='lat' dir='ltr'><strong>Caesar</strong></span> <span class='ocrx_word' id='word_1_230' title='bbox 489 2173 659 2207; x_wconf 87' lang='lat' dir='ltr'><strong>adversus</strong></span> <span class='ocrx_word' id='word_1_231' title='bbox 688 2173 863 2207; x_wconf 84' lang='lat' dir='ltr'><strong>Dolabel-</strong></span> 
     </span>
     <span class='ocr_line' id='line_1_40' title="bbox 145 2221 861 2265; baseline 0 -10"><span class='ocrx_word' id='word_1_232' title='bbox 145 2222 226 2264; x_wconf 87' lang='lat' dir='ltr'><strong>lam,</strong></span> <span class='ocrx_word' id='word_1_233' title='bbox 262 2223 460 2265; x_wconf 87' lang='lat' dir='ltr'><strong>composita</strong></span> <span class='ocrx_word' id='word_1_234' title='bbox 476 2221 599 2265; x_wconf 88' lang='lat' dir='ltr'><strong>Lepidi</strong></span> <span class='ocrx_word' id='word_1_235' title='bbox 625 2221 802 2255; x_wconf 90' lang='lat' dir='ltr'><strong>seditione</strong></span> <span class='ocrx_word' id='word_1_236' title='bbox 830 2233 861 2256; x_wconf 88' lang='lat' dir='ltr'><strong>a.</strong></span> 
     </span>
     <span class='ocr_line' id='line_1_41' title="bbox 144 2269 861 2315; baseline -0.001 -11"><span class='ocrx_word' id='word_1_237' title='bbox 144 2269 212 2304; x_wconf 88' lang='lat'><strong>677</strong></span> <span class='ocrx_word' id='word_1_238' title='bbox 236 2270 512 2314; x_wconf 85' lang='lat' dir='ltr'><strong>repetundarum</strong></span> <span class='ocrx_word' id='word_1_239' title='bbox 535 2281 553 2303; x_wconf 91' lang='lat' dir='ltr'><strong>a</strong></span> <span class='ocrx_word' id='word_1_240' title='bbox 575 2281 613 2304; x_wconf 86' lang='lat' dir='ltr'><strong>se</strong></span> <span class='ocrx_word' id='word_1_241' title='bbox 633 2271 861 2315; x_wconf 88' lang='lat' dir='ltr'><strong>postulatum,</strong></span> 
     </span>
     <span class='ocr_line' id='line_1_42' title="bbox 146 2318 862 2352; baseline 0.001 -2"><span class='ocrx_word' id='word_1_242' title='bbox 146 2323 216 2352; x_wconf 86' lang='lat' dir='ltr'><strong>tres</strong></span> <span class='ocrx_word' id='word_1_243' title='bbox 257 2319 438 2352; x_wconf 84' lang='lat' dir='ltr'><strong>orationes</strong></span> <span class='ocrx_word' id='word_1_244' title='bbox 473 2318 608 2352; x_wconf 82' lang='lat' dir='ltr'><strong>habuit.</strong></span> <span class='ocrx_word' id='word_1_245' title='bbox 669 2319 862 2352; x_wconf 87' lang='lat' dir='ltr'><strong>Suetonius</strong></span> 
     </span>
     <span class='ocr_line' id='line_1_43' title="bbox 146 2365 860 2409; baseline 0.003 -9"><span class='ocrx_word' id='word_1_246' title='bbox 146 2365 299 2400; x_wconf 84' lang='lat' dir='ltr'><strong>Caesare</strong></span> <span class='ocrx_word' id='word_1_247' title='bbox 328 2371 351 2401; x_wconf 80' lang='lat'><strong>4</strong></span> <span class='ocrx_word' id='word_1_248' title='bbox 379 2372 414 2400; x_wconf 81' lang='lat' dir='ltr'><strong>et</strong></span> <span class='ocrx_word' id='word_1_249' title='bbox 441 2368 499 2401; x_wconf 87' lang='lat'><strong>55.</strong></span> <span class='ocrx_word' id='word_1_250' title='bbox 555 2366 692 2409; x_wconf 85' lang='lat' dir='ltr'><strong>Gellius</strong></span> <span class='ocrx_word' id='word_1_251' title='bbox 727 2366 775 2400; x_wconf 92' lang='lat' dir='ltr'><strong>IV</strong></span> <span class='ocrx_word' id='word_1_252' title='bbox 806 2367 860 2402; x_wconf 85' lang='lat'><strong>16.</strong></span> 
     </span>
     <span class='ocr_line' id='line_1_44' title="bbox 143 2414 863 2450; baseline 0 -2"><span class='ocrx_word' id='word_1_253' title='bbox 143 2415 322 2448; x_wconf 83' lang='lat' dir='ltr'><strong>Asconius</strong></span> <span class='ocrx_word' id='word_1_254' title='bbox 357 2416 393 2448; x_wconf 91' lang='lat' dir='ltr'><strong>in</strong></span> <span class='ocrx_word' id='word_1_255' title='bbox 422 2414 607 2449; x_wconf 88' lang='lat' dir='ltr'><strong>Ciceronis</strong></span> <span class='ocrx_word' id='word_1_256' title='bbox 635 2416 863 2450; x_wconf 85' lang='lat' dir='ltr'><strong>Scaurianam</strong></span> 
     </span>
     <span class='ocr_line' id='line_1_45' title="bbox 145 2463 863 2507; baseline 0 -11"><span class='ocrx_word' id='word_1_257' title='bbox 145 2474 177 2507; x_wconf 88' lang='lat' dir='ltr'><strong>p.</strong></span> <span class='ocrx_word' id='word_1_258' title='bbox 207 2463 252 2498; x_wconf 82' lang='lat'><strong>26</strong></span> <span class='ocrx_word' id='word_1_259' title='bbox 288 2463 342 2497; x_wconf 92' lang='lat' dir='ltr'><strong>ed.</strong></span> <span class='ocrx_word' id='word_1_260' title='bbox 375 2463 485 2497; x_wconf 89' lang='lat' dir='ltr'><strong>Orell.</strong></span> <span class='ocrx_word' id='word_1_261' title='bbox 550 2463 712 2498; x_wconf 89' lang='lat' dir='ltr'><strong>Velleius</strong></span> <span class='ocrx_word' id='word_1_262' title='bbox 745 2464 775 2498; x_wconf 88' lang='lat' dir='ltr'><strong>ll</strong></span> <span class='ocrx_word' id='word_1_263' title='bbox 803 2464 863 2498; x_wconf 81' lang='lat'><strong>43.</strong></span> 
     </span>
     <span class='ocr_line' id='line_1_46' title="bbox 146 2509 864 2546; baseline 0.001 -2"><span class='ocrx_word' id='word_1_264' title='bbox 146 2509 353 2544; x_wconf 81' lang='lat' dir='ltr'><strong>Plutarchus</strong></span> <span class='ocrx_word' id='word_1_265' title='bbox 389 2511 491 2545; x_wconf 77' lang='lat' dir='ltr'><strong>Caes.</strong></span> <span class='ocrx_word' id='word_1_266' title='bbox 523 2512 556 2545; x_wconf 80' lang='lat'><strong>4.</strong></span> <span class='ocrx_word' id='word_1_267' title='bbox 632 2512 741 2546; x_wconf 69' lang='lat' dir='ltr'><strong>Natus</strong></span> <span class='ocrx_word' id='word_1_268' title='bbox 788 2517 864 2546; x_wconf 88' lang='lat' dir='ltr'><strong>erat</strong></span> 
     </span>
     <span class='ocr_line' id='line_1_47' title="bbox 146 2558 862 2604; baseline 0.003 -12"><span class='ocrx_word' id='word_1_269' title='bbox 146 2558 277 2592; x_wconf 86' lang='lat' dir='ltr'><strong>Caesar</strong></span> <span class='ocrx_word' id='word_1_270' title='bbox 303 2570 334 2592; x_wconf 87' lang='lat' dir='ltr'><strong>a.</strong></span> <span class='ocrx_word' id='word_1_271' title='bbox 362 2559 395 2593; x_wconf 90' lang='lat' dir='ltr'><strong>d.</strong></span> <span class='ocrx_word' id='word_1_272' title='bbox 424 2563 585 2604; x_wconf 84' lang='lat' dir='ltr'><strong>quartum</strong></span> <span class='ocrx_word' id='word_1_273' title='bbox 613 2560 690 2593; x_wconf 89' lang='lat' dir='ltr'><strong>idus</strong></span> <span class='ocrx_word' id='word_1_274' title='bbox 719 2561 862 2603; x_wconf 86' lang='lat' dir='ltr'><strong>Quinti-</strong></span> 
     </span>
     <span class='ocr_line' id='line_1_48' title="bbox 147 2606 862 2652; baseline 0.004 -12"><span class='ocrx_word' id='word_1_275' title='bbox 147 2607 198 2640; x_wconf 89' lang='lat' dir='ltr'><strong>les</strong></span> <span class='ocrx_word' id='word_1_276' title='bbox 225 2607 306 2640; x_wconf 86' lang='lat' dir='ltr'><strong>anni</strong></span> <span class='ocrx_word' id='word_1_277' title='bbox 332 2607 425 2650; x_wconf 78' lang='lat'>654,</span> <span class='ocrx_word' id='word_1_278' title='bbox 463 2607 557 2640; x_wconf 90' lang='lat' dir='ltr'><strong>unde</strong></span> <span class='ocrx_word' id='word_1_279' title='bbox 594 2606 708 2652; x_wconf 84' lang='lat' dir='ltr'><strong>liquet</strong></span> <span class='ocrx_word' id='word_1_280' title='bbox 737 2611 862 2643; x_wconf 83' lang='lat' dir='ltr'><strong>aetatis</strong></span> 
     </span>
     <span class='ocr_line' id='line_1_49' title="bbox 145 2655 862 2691; baseline 0.004 -3"><span class='ocrx_word' id='word_1_281' title='bbox 145 2665 237 2688; x_wconf 85' lang='lat' dir='ltr'><strong>anno</strong></span> <span class='ocrx_word' id='word_1_282' title='bbox 272 2655 373 2689; x_wconf 85' lang='lat' dir='ltr'><strong>tertio</strong></span> <span class='ocrx_word' id='word_1_283' title='bbox 411 2661 443 2688; x_wconf 88' lang='lat' dir='ltr'><strong>et</strong></span> <span class='ocrx_word' id='word_1_284' title='bbox 474 2656 635 2689; x_wconf 83' lang='lat' dir='ltr'><strong>vicesimo</strong></span> <span class='ocrx_word' id='word_1_285' title='bbox 673 2656 862 2691; x_wconf 87' lang='lat' dir='ltr'><strong>Caesarem</strong></span> 
     </span>
     <span class='ocr_line' id='line_1_50' title="bbox 146 2703 861 2739; baseline 0.003 -3"><span class='ocrx_word' id='word_1_286' title='bbox 146 2703 190 2736; x_wconf 87' lang='lat' dir='ltr'><strong>ad</strong></span> <span class='ocrx_word' id='word_1_287' title='bbox 210 2704 474 2737; x_wconf 87' lang='lat' dir='ltr'><strong>accusationem</strong></span> <span class='ocrx_word' id='word_1_288' title='bbox 493 2703 705 2738; x_wconf 88' lang='lat' dir='ltr'><strong>Dolabellae</strong></span> <span class='ocrx_word' id='word_1_289' title='bbox 735 2716 861 2739; x_wconf 84' lang='lat' dir='ltr'><strong>acces-</strong></span> 
     </span>
     <span class='ocr_line' id='line_1_51' title="bbox 146 2751 861 2796; baseline 0.003 -12"><span class='ocrx_word' id='word_1_290' title='bbox 146 2753 245 2784; x_wconf 85' lang='lat' dir='ltr'><strong>sisse.</strong></span> <span class='ocrx_word' id='word_1_291' title='bbox 307 2751 431 2796; x_wconf 82' lang='lat' dir='ltr'><strong>Itaque</strong></span> <span class='ocrx_word' id='word_1_292' title='bbox 457 2762 476 2784; x_wconf 90' lang='lat' dir='ltr'><strong>a</strong></span> <span class='ocrx_word' id='word_1_293' title='bbox 502 2751 622 2786; x_wconf 85' lang='lat' dir='ltr'><strong>Tacito</strong></span> <span class='ocrx_word' id='word_1_294' title='bbox 650 2753 740 2786; x_wconf 83' lang='lat' dir='ltr'><strong>ratio</strong></span> <span class='ocrx_word' id='word_1_295' title='bbox 770 2758 861 2786; x_wconf 81' lang='lat' dir='ltr'><strong>tem-</strong></span> 
     </span>
     <span class='ocr_line' id='line_1_52' title="bbox 146 2799 770 2842; baseline 0.005 -10"><span class='ocrx_word' id='word_1_296' title='bbox 146 2800 241 2842; x_wconf 88' lang='lat' dir='ltr'><strong>poris</strong></span> <span class='ocrx_word' id='word_1_297' title='bbox 267 2809 361 2833; x_wconf 90' lang='lat' dir='ltr'><strong>nunc</strong></span> <span class='ocrx_word' id='word_1_298' title='bbox 389 2799 481 2834; x_wconf 86' lang='lat' dir='ltr'><strong>falso</strong></span> <span class='ocrx_word' id='word_1_299' title='bbox 509 2800 679 2835; x_wconf 86' lang='lat' dir='ltr'><strong>subducta</strong></span> <span class='ocrx_word' id='word_1_300' title='bbox 706 2806 770 2835; x_wconf 84' lang='lat' dir='ltr'><strong>est.</strong></span> 
     </span>
    </p>
   </div>
   <div class='ocr_carea' id='block_1_18' title="bbox 142 2869 859 3013">
    <p class='ocr_par' dir='ltr' id='par_1_20' title="bbox 142 2869 859 3013">
     <span class='ocr_line' id='line_1_53' title="bbox 216 2869 858 2906; baseline 0.005 -3"><span class='ocrx_word' id='word_1_301' title='bbox 216 2869 358 2904; x_wconf 80' lang='lat' dir='ltr'><strong>Asinius</strong></span> <span class='ocrx_word' id='word_1_302' title='bbox 375 2870 483 2904; x_wconf 81' lang='lat' dir='ltr'><strong>Poltio</strong></span> <span class='ocrx_word' id='word_1_303' title='bbox 514 2871 640 2906; x_wconf 83' lang='lat' dir='ltr'><strong>Gaium</strong></span> <span class='ocrx_word' id='word_1_304' title='bbox 669 2872 858 2906; x_wconf 85' lang='lat' dir='ltr'><strong>Catonem:</strong></span> 
     </span>
     <span class='ocr_line' id='line_1_54' title="bbox 142 2917 859 2956; baseline 0.007 -6"><span class='ocrx_word' id='word_1_305' title='bbox 142 2917 286 2951; x_wconf 91' lang='lat' dir='ltr'><strong>Asinius</strong></span> <span class='ocrx_word' id='word_1_306' title='bbox 314 2918 428 2953; x_wconf 93' lang='lat' dir='ltr'><strong>Pollio</strong></span> <span class='ocrx_word' id='word_1_307' title='bbox 459 2924 561 2954; x_wconf 87' lang='lat' dir='ltr'><strong>natus</strong></span> <span class='ocrx_word' id='word_1_308' title='bbox 585 2932 618 2955; x_wconf 89' lang='lat' dir='ltr'><strong>a.</strong></span> <span class='ocrx_word' id='word_1_309' title='bbox 647 2921 718 2956; x_wconf 87' lang='lat'><strong>678</strong></span> <span class='ocrx_word' id='word_1_310' title='bbox 736 2921 859 2956; x_wconf 86' lang='lat' dir='ltr'><strong>Gaium</strong></span> 
     </span>
     <span class='ocr_line' id='line_1_55' title="bbox 145 2963 858 3013; baseline 0.008 -15"><span class='ocrx_word' id='word_1_311' title='bbox 145 2963 327 3011; x_wconf 78' lang='lat' dir='ltr'><strong>Catonem,</strong></span> <span class='ocrx_word' id='word_1_312' title='bbox 355 2967 536 3004; x_wconf 82' lang='lat' dir='ltr'><strong>tribunatu</strong></span> <span class='ocrx_word' id='word_1_313' title='bbox 563 2969 680 3013; x_wconf 86' lang='lat' dir='ltr'><strong>plebis</strong></span> <span class='ocrx_word' id='word_1_314' title='bbox 698 2969 858 3005; x_wconf 84' lang='lat' dir='ltr'><strong>functum</strong></span> 
     </span>
    </p>
   </div>
   <div class='ocr_carea' id='block_1_19' title="bbox 933 1783 1656 2208">
    <p class='ocr_par' dir='ltr' id='par_1_21' title="bbox 933 1783 1656 2208">
     <span class='ocr_line' id='line_1_56' title="bbox 935 1783 1655 1831; baseline -0.001 -11"><span class='ocrx_word' id='word_1_315' title='bbox 935 1798 966 1821; x_wconf 84' lang='lat' dir='ltr'><strong>a.</strong></span> <span class='ocrx_word' id='word_1_316' title='bbox 994 1787 1078 1830; x_wconf 85' lang='lat'><strong>698,</strong></span> <span class='ocrx_word' id='word_1_317' title='bbox 1107 1786 1291 1821; x_wconf 80' lang='lat' dir='ltr'><strong>accusavit</strong></span> <span class='ocrx_word' id='word_1_318' title='bbox 1318 1796 1350 1821; x_wconf 86' lang='lat' dir='ltr'><strong>a.</strong></span> <span class='ocrx_word' id='word_1_319' title='bbox 1378 1787 1470 1829; x_wconf 83' lang='lat'><strong>700,</strong></span> <span class='ocrx_word' id='word_1_320' title='bbox 1498 1786 1558 1831; x_wconf 83' lang='lat' dir='ltr'><strong>qui</strong></span> <span class='ocrx_word' id='word_1_321' title='bbox 1589 1783 1655 1819; x_wconf 86' lang='lat' dir='ltr'><strong>de-</strong></span> 
     </span>
     <span class='ocr_line' id='line_1_57' title="bbox 935 1833 1655 1870; baseline -0.003 -1"><span class='ocrx_word' id='word_1_322' title='bbox 935 1836 1058 1870; x_wconf 83' lang='lat' dir='ltr'><strong>fensus</strong></span> <span class='ocrx_word' id='word_1_323' title='bbox 1097 1847 1117 1869; x_wconf 85' lang='lat' dir='ltr'><strong>a</strong></span> <span class='ocrx_word' id='word_1_324' title='bbox 1151 1836 1286 1870; x_wconf 88' lang='lat' dir='ltr'><strong>Licinio</strong></span> <span class='ocrx_word' id='word_1_325' title='bbox 1316 1833 1428 1869; x_wconf 86' lang='lat' dir='ltr'><strong>Calvo</strong></span> <span class='ocrx_word' id='word_1_326' title='bbox 1465 1839 1501 1869; x_wconf 82' lang='lat' dir='ltr'><strong>et</strong></span> <span class='ocrx_word' id='word_1_327' title='bbox 1536 1834 1655 1869; x_wconf 79' lang='lat' dir='ltr'><strong>Marco</strong></span> 
     </span>
     <span class='ocr_line' id='line_1_58' title="bbox 935 1882 1656 1918; baseline -0.003 0"><span class='ocrx_word' id='word_1_328' title='bbox 935 1884 1068 1918; x_wconf 86' lang='lat' dir='ltr'><strong>Scauro</strong></span> <span class='ocrx_word' id='word_1_329' title='bbox 1102 1884 1288 1918; x_wconf 85' lang='lat' dir='ltr'><strong>absolutus</strong></span> <span class='ocrx_word' id='word_1_330' title='bbox 1333 1889 1406 1917; x_wconf 83' lang='lat' dir='ltr'><strong>est:</strong></span> <span class='ocrx_word' id='word_1_331' title='bbox 1453 1883 1579 1918; x_wconf 81' lang='lat' dir='ltr'><strong>Cicero</strong></span> <span class='ocrx_word' id='word_1_332' title='bbox 1612 1882 1656 1916; x_wconf 85' lang='lat' dir='ltr'><strong>ad</strong></span> 
     </span>
     <span class='ocr_line' id='line_1_59' title="bbox 934 1931 1655 1976; baseline -0.001 -11"><span class='ocrx_word' id='word_1_333' title='bbox 934 1933 1006 1966; x_wconf 84' lang='lat' dir='ltr'><strong>Au.</strong></span> <span class='ocrx_word' id='word_1_334' title='bbox 1034 1933 1082 1967; x_wconf 87' lang='lat' dir='ltr'><strong>lv</strong></span> <span class='ocrx_word' id='word_1_335' title='bbox 1116 1933 1156 1968; x_wconf 83' lang='lat'><strong>15</strong></span> <span class='ocrx_word' id='word_1_336' title='bbox 1183 1935 1219 1976; x_wconf 80' lang='lat'><strong>§.</strong></span> <span class='ocrx_word' id='word_1_337' title='bbox 1247 1933 1271 1968; x_wconf 80' lang='lat'><strong>4</strong></span> <span class='ocrx_word' id='word_1_338' title='bbox 1298 1937 1332 1966; x_wconf 82' lang='lat' dir='ltr'><strong>et</strong></span> <span class='ocrx_word' id='word_1_339' title='bbox 1362 1932 1404 1966; x_wconf 83' lang='lat'><strong>16</strong></span> <span class='ocrx_word' id='word_1_340' title='bbox 1435 1934 1472 1975; x_wconf 84' lang='lat'><strong>§.</strong></span> <span class='ocrx_word' id='word_1_341' title='bbox 1500 1933 1534 1967; x_wconf 88' lang='grc'><strong>5.</strong></span> <span class='ocrx_word' id='word_1_342' title='bbox 1586 1931 1655 1965; x_wconf 84' lang='lat' dir='ltr'><strong>Se-</strong></span> 
     </span>
     <span class='ocr_line' id='line_1_60' title="bbox 934 1979 1655 2016; baseline -0.001 -2"><span class='ocrx_word' id='word_1_343' title='bbox 934 1993 1046 2016; x_wconf 87' lang='lat' dir='ltr'><strong>necae</strong></span> <span class='ocrx_word' id='word_1_344' title='bbox 1075 1981 1244 2016; x_wconf 77' lang='lat' dir='ltr'><strong>Gonu-ov.</strong></span> <span class='ocrx_word' id='word_1_345' title='bbox 1273 1981 1320 2014; x_wconf 84' lang='lat'><strong>111</strong></span> <span class='ocrx_word' id='word_1_346' title='bbox 1351 1980 1404 2015; x_wconf 89' lang='lat'><strong>19.</strong></span> <span class='ocrx_word' id='word_1_347' title='bbox 1525 1979 1655 2013; x_wconf 80' lang='lat' dir='ltr'><strong>Calvus</strong></span> 
     </span>
     <span class='ocr_line' id='line_1_61' title="bbox 942 2028 1653 2070; baseline -0.001 -8"><span class='ocrx_word' id='word_1_348' title='bbox 942 2029 1139 2064; x_wconf 78' lang='lat' dir='ltr'><strong>Vatinium.-</strong></span> <span class='ocrx_word' id='word_1_349' title='bbox 1169 2030 1300 2064; x_wconf 84' lang='lat' dir='ltr'><strong>Calvus</strong></span> <span class='ocrx_word' id='word_1_350' title='bbox 1326 2033 1429 2062; x_wconf 88' lang='lat' dir='ltr'><strong>natus</strong></span> <span class='ocrx_word' id='word_1_351' title='bbox 1448 2029 1547 2063; x_wconf 82' lang='lat' dir='ltr'><strong>esta.</strong></span> <span class='ocrx_word' id='word_1_352' title='bbox 1569 2028 1653 2070; x_wconf 78' lang='lat'><strong>672,</strong></span> 
     </span>
     <span class='ocr_line' id='line_1_62' title="bbox 934 2076 1653 2118; baseline -0.001 -8"><span class='ocrx_word' id='word_1_353' title='bbox 934 2083 971 2110; x_wconf 93' lang='lat' dir='ltr'><strong>ut</strong></span> <span class='ocrx_word' id='word_1_354' title='bbox 998 2078 1102 2111; x_wconf 81' lang='lat' dir='ltr'><strong>tradit</strong></span> <span class='ocrx_word' id='word_1_355' title='bbox 1128 2078 1264 2111; x_wconf 90' lang='lat' dir='ltr'><strong>Plinius</strong></span> <span class='ocrx_word' id='word_1_356' title='bbox 1290 2077 1330 2111; x_wconf 88' lang='lat' dir='ltr'><strong>N.</strong></span> <span class='ocrx_word' id='word_1_357' title='bbox 1349 2077 1390 2110; x_wconf 88' lang='lat' dir='ltr'><strong>H.</strong></span> <span class='ocrx_word' id='word_1_358' title='bbox 1408 2077 1549 2118; x_wconf 88' lang='lat' dir='ltr'><strong>V1150,</strong></span> <span class='ocrx_word' id='word_1_359' title='bbox 1578 2076 1653 2109; x_wconf 82' lang='lat' dir='ltr'><strong>Va-</strong></span> 
     </span>
     <span class='ocr_line' id='line_1_63' title="bbox 934 2124 1652 2166; baseline 0.001 -8"><span class='ocrx_word' id='word_1_360' title='bbox 934 2126 1058 2159; x_wconf 86' lang='lat' dir='ltr'><strong>tinium</strong></span> <span class='ocrx_word' id='word_1_361' title='bbox 1090 2127 1125 2159; x_wconf 92' lang='lat' dir='ltr'><strong>in</strong></span> <span class='ocrx_word' id='word_1_362' title='bbox 1146 2126 1316 2159; x_wconf 86' lang='lat' dir='ltr'><strong>iudicium</strong></span> <span class='ocrx_word' id='word_1_363' title='bbox 1342 2126 1487 2159; x_wconf 81' lang='lat' dir='ltr'><strong>vocavit</strong></span> <span class='ocrx_word' id='word_1_364' title='bbox 1513 2135 1543 2158; x_wconf 81' lang='lat' dir='ltr'><strong>a.</strong></span> <span class='ocrx_word' id='word_1_365' title='bbox 1570 2124 1652 2166; x_wconf 88' lang='lat'><strong>700,</strong></span> 
     </span>
     <span class='ocr_line' id='line_1_64' title="bbox 933 2173 1363 2208; baseline -0.002 -1"><span class='ocrx_word' id='word_1_366' title='bbox 933 2178 971 2207; x_wconf 80' lang='lat' dir='ltr'><strong>ut</strong></span> <span class='ocrx_word' id='word_1_367' title='bbox 998 2173 1150 2208; x_wconf 89' lang='lat' dir='ltr'><strong>vidimus</strong></span> <span class='ocrx_word' id='word_1_368' title='bbox 1177 2174 1221 2207; x_wconf 88' lang='lat' dir='ltr'><strong>ad</strong></span> <span class='ocrx_word' id='word_1_369' title='bbox 1246 2185 1276 2207; x_wconf 86' lang='lat' dir='ltr'><strong>c.</strong></span> <span class='ocrx_word' id='word_1_370' title='bbox 1306 2175 1363 2208; x_wconf 83' lang='lat'><strong>21.</strong></span> 
     </span>
    </p>
   </div>
   <div class='ocr_carea' id='block_1_20' title="bbox 931 2269 1654 2751">
    <p class='ocr_par' dir='ltr' id='par_1_22' title="bbox 931 2269 1654 2751">
     <span class='ocr_line' id='line_1_65' title="bbox 1005 2269 1654 2315; baseline 0 -11"><span class='ocrx_word' id='word_1_371' title='bbox 1005 2269 1090 2315; x_wconf 89' lang='lat' dir='ltr'><strong>Cap.</strong></span> <span class='ocrx_word' id='word_1_372' title='bbox 1105 2271 1164 2306; x_wconf 91' lang='grc'><strong>35.</strong></span> <span class='ocrx_word' id='word_1_373' title='bbox 1206 2270 1423 2305; x_wconf 77' lang='lat' dir='ltr'><strong>deducuntur</strong></span> <span class='ocrx_word' id='word_1_374' title='bbox 1447 2271 1487 2304; x_wconf 81' lang='lat' dir='ltr'><strong>in</strong></span> <span class='ocrx_word' id='word_1_375' title='bbox 1512 2280 1654 2304; x_wconf 80' lang='lat' dir='ltr'><strong>scenam</strong></span> 
     </span>
     <span class='ocr_line' id='line_1_66' title="bbox 932 2318 1654 2353; baseline -0.006 0"><span class='ocrx_word' id='word_1_376' title='bbox 932 2318 1244 2353; x_wconf 80' lang='lat' dir='ltr'><strong>scholasticorum:</strong></span> <span class='ocrx_word' id='word_1_377' title='bbox 1288 2318 1437 2352; x_wconf 87' lang='lat' dir='ltr'><strong>verbum</strong></span> <span class='ocrx_word' id='word_1_378' title='bbox 1473 2318 1654 2353; x_wconf 79' lang='lat' dir='ltr'><strong>deducun..</strong></span> 
     </span>
     <span class='ocr_line' id='line_1_67' title="bbox 933 2366 1653 2413; baseline -0.001 -11"><span class='ocrx_word' id='word_1_379' title='bbox 933 2374 989 2402; x_wconf 83' lang='lat' dir='ltr'><strong>tur</strong></span> <span class='ocrx_word' id='word_1_380' title='bbox 1016 2367 1180 2401; x_wconf 82' lang='lat' dir='ltr'><strong>consulto</strong></span> <span class='ocrx_word' id='word_1_381' title='bbox 1212 2367 1336 2413; x_wconf 84' lang='lat' dir='ltr'><strong>elegit.</strong></span> <span class='ocrx_word' id='word_1_382' title='bbox 1380 2366 1467 2401; x_wconf 85' lang='lat' dir='ltr'><strong>Nam</strong></span> <span class='ocrx_word' id='word_1_383' title='bbox 1495 2372 1534 2401; x_wconf 81' lang='lat' dir='ltr'><strong>ut:</strong></span> <span class='ocrx_word' id='word_1_384' title='bbox 1560 2367 1653 2412; x_wconf 75' lang='lat' dir='ltr'><strong>apud</strong></span> 
     </span>
     <span class='ocr_line' id='line_1_68' title="bbox 933 2415 1650 2461; baseline 0 -11"><span class='ocrx_word' id='word_1_385' title='bbox 933 2421 1075 2451; x_wconf 87' lang='lat' dir='ltr'><strong>veteres</strong></span> <span class='ocrx_word' id='word_1_386' title='bbox 1110 2416 1251 2449; x_wconf 87' lang='lat' dir='ltr'><strong>iuvenis</strong></span> <span class='ocrx_word' id='word_1_387' title='bbox 1294 2416 1353 2461; x_wconf 91' lang='lat' dir='ltr'><strong>qui</strong></span> <span class='ocrx_word' id='word_1_388' title='bbox 1392 2415 1470 2450; x_wconf 87' lang='lat' dir='ltr'><strong>foro</strong></span> <span class='ocrx_word' id='word_1_389' title='bbox 1510 2420 1545 2450; x_wconf 83' lang='lat' dir='ltr'><strong>et</strong></span> <span class='ocrx_word' id='word_1_390' title='bbox 1571 2416 1650 2450; x_wconf 77' lang='lat' dir='ltr'><strong>elo-</strong></span> 
     </span>
     <span class='ocr_line' id='line_1_69' title="bbox 933 2463 1652 2510; baseline 0 -12"><span class='ocrx_word' id='word_1_391' title='bbox 933 2466 1101 2510; x_wconf 84' lang='lat' dir='ltr'><strong>quentiae</strong></span> <span class='ocrx_word' id='word_1_392' title='bbox 1121 2464 1310 2509; x_wconf 85' lang='lat' dir='ltr'><strong>parabatur</strong></span> <span class='ocrx_word' id='word_1_393' title='bbox 1326 2475 1346 2497; x_wconf 87' lang='lat' dir='ltr'><strong>a</strong></span> <span class='ocrx_word' id='word_1_394' title='bbox 1365 2469 1465 2508; x_wconf 82' lang='lat' dir='ltr'><strong>patre</strong></span> <span class='ocrx_word' id='word_1_395' title='bbox 1484 2463 1543 2498; x_wconf 92' lang='lat' dir='ltr'><strong>vel</strong></span> <span class='ocrx_word' id='word_1_396' title='bbox 1565 2474 1652 2509; x_wconf 88' lang='lat' dir='ltr'><strong>pro-</strong></span> 
     </span>
     <span class='ocr_line' id='line_1_70' title="bbox 933 2512 1652 2558; baseline 0.001 -12"><span class='ocrx_word' id='word_1_397' title='bbox 933 2514 1074 2558; x_wconf 89' lang='lat' dir='ltr'><strong>pinquis</strong></span> <span class='ocrx_word' id='word_1_398' title='bbox 1108 2513 1343 2546; x_wconf 84' lang='lat' dir='ltr'><strong>deducebatur</strong></span> <span class='ocrx_word' id='word_1_399' title='bbox 1384 2512 1430 2546; x_wconf 75' lang='lat' dir='ltr'><strong>act</strong></span> <span class='ocrx_word' id='word_1_400' title='bbox 1474 2517 1652 2547; x_wconf 83' lang='lat' dir='ltr'><strong>oratorem</strong></span> 
     </span>
     <span class='ocr_line' id='line_1_71' title="bbox 933 2560 1650 2606; baseline 0 -12"><span class='ocrx_word' id='word_1_401' title='bbox 933 2562 990 2606; x_wconf 83' lang='lat' dir='ltr'><strong>qui</strong></span> <span class='ocrx_word' id='word_1_402' title='bbox 1005 2562 1200 2606; x_wconf 76' lang='lat' dir='ltr'><strong>principem</strong></span> <span class='ocrx_word' id='word_1_403' title='bbox 1226 2562 1263 2594; x_wconf 83' lang='lat' dir='ltr'><strong>in</strong></span> <span class='ocrx_word' id='word_1_404' title='bbox 1292 2561 1430 2594; x_wconf 79' lang='lat' dir='ltr'><strong>civitate</strong></span> <span class='ocrx_word' id='word_1_405' title='bbox 1457 2560 1570 2594; x_wconf 87' lang='lat' dir='ltr'><strong>locum</strong></span> <span class='ocrx_word' id='word_1_406' title='bbox 1587 2561 1650 2594; x_wconf 85' lang='lat' dir='ltr'><strong>ob-</strong></span> 
     </span>
     <span class='ocr_line' id='line_1_72' title="bbox 932 2609 1650 2665; baseline 0.001 -23"><span class='ocrx_word' id='word_1_407' title='bbox 932 2610 1064 2643; x_wconf 78' lang='lat' dir='ltr'><strong>tinebat</strong></span> <span class='ocrx_word' id='word_1_408' title='bbox 1101 2612 1199 2654; x_wconf 88' lang='lat' dir='ltr'><strong>(cap.</strong></span> <span class='ocrx_word' id='word_1_409' title='bbox 1227 2609 1275 2644; x_wconf 67' lang='lat'><strong>34</strong></span> <span class='ocrx_word' id='word_1_410' title='bbox 1300 2609 1424 2665; x_wconf 81' lang='lat' dir='ltr'><strong>init.)‚</strong></span> <span class='ocrx_word' id='word_1_411' title='bbox 1470 2610 1519 2643; x_wconf 85' lang='lat' dir='ltr'><strong>ita</strong></span> <span class='ocrx_word' id='word_1_412' title='bbox 1556 2618 1650 2644; x_wconf 87' lang='lat' dir='ltr'><strong>nova</strong></span> 
     </span>
     <span class='ocr_line' id='line_1_73' title="bbox 931 2657 1649 2701; baseline -0.004 -10"><span class='ocrx_word' id='word_1_413' title='bbox 931 2659 999 2691; x_wconf 90' lang='lat' dir='ltr'><strong>iam</strong></span> <span class='ocrx_word' id='word_1_414' title='bbox 1021 2657 1188 2692; x_wconf 88' lang='lat' dir='ltr'><strong>deductio</strong></span> <span class='ocrx_word' id='word_1_415' title='bbox 1219 2662 1254 2691; x_wconf 87' lang='lat' dir='ltr'><strong>et</strong></span> <span class='ocrx_word' id='word_1_416' title='bbox 1281 2658 1396 2691; x_wconf 90' lang='lat' dir='ltr'><strong>minus</strong></span> <span class='ocrx_word' id='word_1_417' title='bbox 1423 2662 1505 2701; x_wconf 82' lang='lat' dir='ltr'><strong>apta</strong></span> <span class='ocrx_word' id='word_1_418' title='bbox 1531 2658 1567 2691; x_wconf 88' lang='lat' dir='ltr'><strong>in</strong></span> <span class='ocrx_word' id='word_1_419' title='bbox 1590 2657 1649 2692; x_wconf 85' lang='lat' dir='ltr'><strong>lo-</strong></span> 
     </span>
     <span class='ocr_line' id='line_1_74' title="bbox 933 2707 1381 2751; baseline 0.002 -12"><span class='ocrx_word' id='word_1_420' title='bbox 933 2717 1009 2739; x_wconf 82' lang='lat' dir='ltr'><strong>cum</strong></span> <span class='ocrx_word' id='word_1_421' title='bbox 1038 2707 1166 2751; x_wconf 87' lang='lat' dir='ltr'><strong>prioris</strong></span> <span class='ocrx_word' id='word_1_422' title='bbox 1194 2707 1381 2740; x_wconf 88' lang='lat' dir='ltr'><strong>successit.</strong></span> 
     </span>
    </p>
   </div>
   <div class='ocr_carea' id='block_1_21' title="bbox 929 2775 1648 3018">
    <p class='ocr_par' dir='ltr' id='par_1_23' title="bbox 929 2775 1648 3018">
     <span class='ocr_line' id='line_1_75' title="bbox 1003 2775 1646 2820; baseline 0.008 -11"><span class='ocrx_word' id='word_1_423' title='bbox 1003 2783 1039 2810; x_wconf 75' lang='lat' dir='ltr'><strong>ut</strong></span> <span class='ocrx_word' id='word_1_424' title='bbox 1065 2778 1114 2810; x_wconf 83' lang='lat' dir='ltr'><strong>ait</strong></span> <span class='ocrx_word' id='word_1_425' title='bbox 1142 2778 1290 2811; x_wconf 84' lang='lat' dir='ltr'><strong>Cicero:</strong></span> <span class='ocrx_word' id='word_1_426' title='bbox 1318 2776 1361 2811; x_wconf 88' lang='lat' dir='ltr'><strong>de</strong></span> <span class='ocrx_word' id='word_1_427' title='bbox 1389 2775 1483 2811; x_wconf 83' lang='lat' dir='ltr'><strong>Orat.</strong></span> <span class='ocrx_word' id='word_1_428' title='bbox 1511 2777 1646 2820; x_wconf 81' lang='lat'><strong>111.24,</strong></span> 
     </span>
     <span class='ocr_line' id='line_1_76' title="bbox 932 2824 1646 2871; baseline 0.004 -14"><span class='ocrx_word' id='word_1_429' title='bbox 932 2824 989 2858; x_wconf 88' lang='lat' dir='ltr'><strong>ubi</strong></span> <span class='ocrx_word' id='word_1_430' title='bbox 1020 2825 1167 2859; x_wconf 83' lang='lat' dir='ltr'><strong>Crassus</strong></span> <span class='ocrx_word' id='word_1_431' title='bbox 1195 2825 1299 2860; x_wconf 81' lang='lat' dir='ltr'><strong>dicit:</strong></span> <span class='ocrx_word' id='word_1_432' title='bbox 1330 2837 1436 2859; x_wconf 77' lang='lat' dir='ltr'><strong>news</strong></span> <span class='ocrx_word' id='word_1_433' title='bbox 1461 2827 1646 2871; x_wconf 73' lang='lat' dir='ltr'><strong>maqistros</strong></span> 
     </span>
     <span class='ocr_line' id='line_1_77' title="bbox 930 2873 1648 2919; baseline 0.004 -14"><span class='ocrx_word' id='word_1_434' title='bbox 930 2873 1021 2906; x_wconf 80' lang='lat' dir='ltr'><strong>nihil</strong></span> <span class='ocrx_word' id='word_1_435' title='bbox 1044 2874 1284 2919; x_wconf 72' lang='lat' dir='ltr'><strong>intelliqebam</strong></span> <span class='ocrx_word' id='word_1_436' title='bbox 1298 2885 1397 2919; x_wconf 85' lang='lat' dir='ltr'><strong>posse</strong></span> <span class='ocrx_word' id='word_1_437' title='bbox 1428 2874 1553 2908; x_wconf 85' lang='lat' dir='ltr'><strong>docere</strong></span> <span class='ocrx_word' id='word_1_438' title='bbox 1577 2875 1648 2909; x_wconf 81' lang='lat' dir='ltr'><strong>nisi</strong></span> 
     </span>
     <span class='ocr_line' id='line_1_78' title="bbox 930 2923 1646 2959; baseline 0.004 -4"><span class='ocrx_word' id='word_1_439' title='bbox 930 2927 967 2955; x_wconf 87' lang='lat' dir='ltr'><strong>ut</strong></span> <span class='ocrx_word' id='word_1_440' title='bbox 992 2923 1173 2959; x_wconf 81' lang='lat' dir='ltr'><strong>auderent.</strong></span> <span class='ocrx_word' id='word_1_441' title='bbox 1225 2943 1270 2949; x_wconf 90' lang='lat'><strong>—-</strong></span> <span class='ocrx_word' id='word_1_442' title='bbox 1309 2924 1384 2957; x_wconf 86' lang='lat' dir='ltr'><strong>Hoc</strong></span> <span class='ocrx_word' id='word_1_443' title='bbox 1427 2934 1503 2957; x_wconf 87' lang='lat' dir='ltr'><strong>eum</strong></span> <span class='ocrx_word' id='word_1_444' title='bbox 1540 2933 1646 2958; x_wconf 81' lang='lat' dir='ltr'><strong>unum</strong></span> 
     </span>
     <span class='ocr_line' id='line_1_79' title="bbox 929 2971 1646 3018; baseline 0.001 -14"><span class='ocrx_word' id='word_1_445' title='bbox 929 2971 1129 3006; x_wconf 77' lang='lat' dir='ltr'><strong>traderetur</strong></span> <span class='ocrx_word' id='word_1_446' title='bbox 1158 2976 1189 3006; x_wconf 82' lang='lat' dir='ltr'><strong>et</strong></span> <span class='ocrx_word' id='word_1_447' title='bbox 1224 2982 1300 3007; x_wconf 84' lang='lat' dir='ltr'><strong>cum</strong></span> <span class='ocrx_word' id='word_1_448' title='bbox 1326 2971 1562 3018; x_wconf 75' lang='lat' dir='ltr'><strong>impudentiae</strong></span> <span class='ocrx_word' id='word_1_449' title='bbox 1587 2971 1646 3005; x_wconf 81' lang='lat' dir='ltr'><strong>lu·-</strong></span> 
     </span>
    </p>
   </div>
   <div class='ocr_carea' id='block_1_22' title="bbox 1454 574 1719 624">
    <p class='ocr_par' dir='ltr' id='par_1_24' title="bbox 1454 574 1719 624">
     <span class='ocr_line' id='line_1_80' title="bbox 1454 574 1719 624; baseline 0 -8"><span class='ocrx_word' id='word_1_450' title='bbox 1454 574 1510 616; x_wconf 81' lang='lat' dir='ltr'><strong>At</strong></span> <span class='ocrx_word' id='word_1_451' title='bbox 1537 585 1648 617; x_wconf 87' lang='lat' dir='ltr'><strong>nunc</strong></span> <span class='ocrx_word' id='word_1_452' title='bbox 1661 584 1719 624; x_wconf 82' lang='lat'><strong>35</strong></span> 
     </span>
    </p>
   </div>
  </div>
 </body>
</html>
