1768 3216
144 249 193 283 80
759 244 1025 280 GERMAMAE

101 343 103 345 ι
144 376 235 406 rum
266 364 331 406 vel
363 363 540 417 frugum,
571 362 685 416 quod
713 375 788 416 pro
816 363 980 404 honore
1012 366 1228 415 acceptum
1260 361 1383 403 etiam
1403 361 1639 404 necessita-

143 440 249 481 tibus
281 437 484 480 subvenit.
539 436 729 479 Gaudent
757 438 983 491 praecipue
1001 437 1266 478 finitimarum
1287 436 1477 490 gentium
1500 435 1637 488 domis,

144 525 248 566 quae
282 523 368 553 non
398 511 523 553 modo
556 524 580 553 a
610 511 786 566 singulis
825 511 898 553 sed
948 515 988 552 et
1030 510 1197 564 publice
1235 510 1477 562 mittuntur,
1519 509 1640 552 electi

143 587 236 640 equi
250 618 261 639 ‚

111 672 128 701 5
144 661 336 715 accipere
365 661 597 703 docuimus.

278 735 421 777 Nullas
445 734 757 777 'Germanorum
781 734 944 788 populis
975 734 1100 775 urbes
1141 732 1319 775 habitari
1358 733 1464 775 satis
1497 735 1640 775 nomm
1653 728 1709 766 16

143 814 227 862 est3
254 822 308 851 ne
339 810 423 864 pati
455 809 622 863 quidem
654 809 761 852 inter
791 821 839 851 se
870 809 1031 851 iunctas
1072 808 1210 850 sedes.

143 898 193 926 ac
225 885 398 938 diversi⁷
431 889 475 926 ut
505 885 617 937 fons,
646 889 690 926 ut
721 896 904 938 campus,
936 888 981 925 ut
1013 895 1165 925 nemus.
1187 882 1354 936 placuit.

309 598 459 641 magna
492 598 634 639 arma,
678 585 876 640 phalerae
908 589 1173 639 torquesque.

1236 584 1324 627 lam
1351 588 1392 626 et
1420 583 1640 638 pecuniam

1273 806 1422 850 Colunt
1467 806 1641 849 disereti

1413 881 1540 924 Vicos
1570 881 1641 923 lo·-

143 964 239 1002 cant
268 972 354 1002 non
384 961 426 1001 in
455 964 640 1002 nostrum
671 971 844 1011 morem,
878 958 1080 1000 connexis
1112 962 1152 999 et
1170 957 1496 1000 cohaerenti-bus
1520 956 1640 1001 aedi-

91 1035 276 1077 wficiis:
305 1047 422 1078 suam
453 1035 627 1089 quisque
659 1034 826 1076 domum
857 1034 991 1087 spatio
1024 1032 1277 1084 circumdat,
1315 1032 1411 1074 sive
1437 1031 1639 1075 aeduenses

144 1123 274 1153 casus
299 1110 409 1166 ignis
440 1110 685 1163 remedium,
716 1109 806 1151 sive
837 1108 1005 1150 inscitia
1036 1106 1303 1149 aedificandi.

275 1281 310 1317 3.
336 1280 398 1315 sed
423 1285 456 1314 et
481 1278 506 1314 P
535 1284 571 1314 et
595 1278 913 1326 stuttgardiensis:
940 1278 1052 1312 ceteri
1078 1277 1168 1318 sed„

144 1442 211 1477 53:
248 1447 286 1476 ut
312 1442 451 1487 quisque
488 1442 676 1479 audentiae
712 1442 857 1477 habuis-

142 1497 204 1534 set,
233 1490 276 1525 de
304 1501 374 1536 quo
402 1501 436 1525 v.
462 1497 583 1526 annot.

230 1561 384 1607 ‚qaudent
417 1563 610 1609 praecipue
648 1583 693 1589 -—
735 1562 860 1595 donis:

143 1613 376 1655 praecipuum
411 1611 530 1645 alendi
570 1611 758 1645 comitatus
791 1609 858 1644 ad-

145 1659 340 1693 iumentum
357 1671 376 1694 e
397 1659 500 1694 donis
515 1659 744 1693 finitimarum
766 1669 858 1705 gen-

143 1708 229 1740 tium
257 1709 521 1743 nanciscuntur.
580 1708 634 1743 Cf.
663 1713 785 1742 annot.
815 1707 859 1741 ad

147 1766 223 1800 cap.
250 1757 283 1791 5.

217 1828 278 1862 sed
303 1834 336 1863 et
356 1828 495 1875 publice
521 1829 725 1863 mittuntur:
753 1828 858 1861 etiam

144 1876 330 1911 civitatum
361 1878 507 1911 nomine
552 1875 726 1911 eiusmodi
766 1875 859 1909 dona

145 1926 332 1959 mittuntur
375 1930 435 1959 aut
476 1925 691 1960 concordiae
733 1934 857 1966 causa,

143 1978 203 2007 aut
234 1974 279 2007 ob
306 1974 441 2008 auxilia
472 1985 491 2007 a
526 1973 747 2019 principibus
773 1972 857 2006 olim

144 2021 240 2065 lata,
276 2027 336 2056 aut
378 2023 413 2055 in
452 2033 550 2066 spem
582 2023 667 2066 ‘opis
700 2021 745 2054 ob
786 2020 858 2054 illis

144 2069 322 2114 quondam
347 2071 623 2104 nanciscendae.
729 2070 805 2102 vitm
828 2074 858 2102 et

141 2119 328 2163 pecuniam
355 2119 515 2164 accipere
543 2119 739 2152 docuimus.-
769 2127 858 2150 con-

145 2167 254 2201 sentit
282 2175 360 2201 cum
388 2166 443 2200 his
469 2167 563 2212 quod
581 2166 722 2200 Tacitus
748 2165 789 2198 H.
810 2165 856 2198 lv

148 2215 192 2250 76
219 2216 441 2250 memoravit.

218 2285 302 2331 Cap.
334 2286 389 2321 16.
450 2286 567 2320 nullas
606 2286 860 2320 Germanorum

140 2334 280 2380 populis
305 2334 407 2368 urbes
434 2334 617 2371 habitari:
643 2334 750 2368 urbes
777 2338 859 2366 sunt

145 2382 206 2416 ubi
232 2387 376 2417 senatus
395 2388 429 2417 et
450 2385 608 2430 regimen
635 2384 671 2416 in
696 2387 858 2425 ceteros;

146 2441 211 2464 cae
249 2432 283 2464 in
322 2430 510 2466 Germania
548 2437 673 2466 vetere
715 2430 858 2464 nullae:

146 2479 277 2524 oppida
309 2489 487 2523 perpauca
526 2481 647 2522 suere,
686 2484 724 2512 ut
762 2479 859 2513 Mat-

146 2528 231 2561 tium
258 2526 464 2561 Chattorum
491 2527 504 2561 Ι
532 2528 597 2562 56:
637 2528 773 2561 Caesar
796 2528 857 2560 in-

146 2586 249 2609 censo
266 2576 390 2610 Mattio
405 2577 458 2622 (id
482 2577 578 2621 qemi
594 2577 712 2620 caput)
733 2581 858 2620 aperta

141 2623 341 2669 populatus,
368 2625 470 2658 vertit
496 2624 543 2657 ad
568 2624 739 2658 Rhenum.
773 2623 856 2657 Tale

147 2674 252 2706 etiam
279 2672 485 2706 Marobodui
513 2671 679 2716 oppidum
707 2676 767 2705 aut
793 2682 854 2705 ca-

147 2720 290 2754 stellum
316 2722 352 2754 in
379 2720 580 2764 Hercyniae
607 2720 772 2763 latebris,
812 2719 855 2753 de

148 2779 216 2813 quo
253 2769 394 2803 Tacitus
422 2769 452 2803 11
479 2769 526 2805 62
564 2774 598 2802 et
631 2768 755 2803 Strabo
792 2767 855 2801 Vll

152 2820 168 2850 1
194 2818 216 2852 3
234 2843 242 2859 ‚
282 2820 367 2851 item
403 2817 492 2852 illud
526 2818 562 2850 in
589 2827 658 2862 quo
686 2817 856 2862 Segestes

149 2875 227 2899 cum
254 2867 327 2899 suis
355 2865 680 2900 circumsedebatur
719 2865 751 2910 (l
780 2866 857 2909 57).

209 2947 254 2970 ne
277 2938 355 2983 pati
380 2937 515 2981 quidem
539 2938 633 2971 inter
658 2949 694 2971 se
719 2937 858 2970 iunctas

149 2984 267 3018 sedes.-
296 2986 390 3021 imer
425 2997 463 3021 se
494 2985 627 3030 pendet
661 2996 682 3020 a
713 2996 749 3021 v.
775 2986 859 3020 ίιιη-

1349 1106 1416 1148 Ne
1443 1117 1642 1149 caemen-

1254 1276 1310 1310 it.
1338 1281 1571 1312 camentorum
1599 1267 1638 1313 1³.

926 1447 1011 1475 ctas.
1044 1439 1197 1473 Primum
1225 1439 1268 1473 de
1287 1439 1459 1474 aedificiis
1486 1438 1639 1486 singulis

926 1495 962 1523 et
991 1489 1158 1523 discretis
1189 1487 1323 1532 refert,
1361 1487 1482 1533 qualia
1510 1489 1640 1523 etiam.-

925 1549 1007 1571 num
1035 1538 1071 1570 in
1097 1537 1218 1571 multis
1241 1535 1451 1571 Germaniae
1479 1536 1638 1581 partibus

926 1588 1155 1631 reperiuntur
1193 1585 1502 1631 (Schulzenkofie),
1556 1595 1639 1620 mox

927 1635 970 1670 ad
996 1636 1091 1669 vicos
1121 1635 1299 1679 pervenit.

995 1706 1148 1740 materia
1174 1706 1221 1739 acl
1245 1706 1366 1740 onmia
1387 1710 1554 1747 utuntur,
1579 1705 1640 1738 in..

925 1755 1058 1801 sormi.-
1105 1758 1279 1788 commate
1326 1754 1480 1788 discrevi
1532 1753 1640 1788 verba

926 1804 1124 1848 informi—
1144 1802 1421 1837 delectationem.
1467 1800 1640 1836 Nimirum

925 1853 1076 1886 materia
1106 1856 1160 1886 est
1195 1851 1319 1898 lignea
1351 1856 1386 1886 et
1423 1852 1639 1884 contrarium

930 1902 971 1935 iis
999 1911 1091 1946 quae
1118 1901 1280 1944 proxime
1316 1900 1413 1934 dicta
1447 1904 1550 1934 erant
1573 1898 1640 1933 de-

928 1961 1007 1983 esse
1037 1949 1220 1983 Germanis
1262 1954 1444 1983 caementa
1479 1953 1514 1982 et
1540 1953 1641 1992 lequ-

927 1998 995 2032 lae.
1038 1998 1135 2031 Haec
1164 1999 1241 2041 ipsa
1269 1999 1401 2031 certius
1428 1996 1641 2031 describitur

927 2047 1009 2080 inde
1036 2057 1055 2079 a
1082 2045 1201 2079 verbis
1228 2046 1376 2089 informi
1400 2050 1469 2079 cet.
1521 2044 1640 2079 Theo-

927 2094 1024 2128 disce
1073 2098 1285 2128 convertas:
1329 2093 1414 2128 Holz

925 2144 974 2176 sie
1007 2145 1069 2188 su‘r
1103 2142 1172 2175 alle
1211 2141 1351 2185 ΤΙιείἰε,
1389 2141 1640 2186 ωιῙόιἪῑὶὶεΙιεε

928 2190 1001 2225 und
1027 2190 1116 2224 ohne
1142 2189 1334 2225 Rucltsicht
1360 2191 1430 2235 auf
1450 2189 1640 2224 Schcnlaeie

927 2240 1011 2273 oder
1032 2239 1195 2273 Anmuth.

1004 2316 1101 2343 terra
1125 2310 1177 2343 ita
1199 2321 1294 2355 pura
1325 2321 1369 2344 ac
1409 2309 1610 2355 splendente
1625 2320 1638 2343 .·

927 2358 1091 2404 argillam
1118 2358 1295 2393 rubricam
1316 2358 1471 2404 (Rothelq
1497 2358 1641 2393 videtui·

927 2407 1061 2441 dicere.
1101 2407 1201 2441 Hanc
1228 2409 1421 2442 etiamnum
1442 2406 1568 2442 videre
1591 2405 1640 2441 li..

929 2460 985 2489 cet
1019 2455 1186 2490 ornandis
1231 2455 1404 2490 aedificiis
1444 2454 1641 2491 adhibitam

927 2505 963 2536 in
998 2505 1041 2537 iis
1082 2503 1294 2538 Germaniae
1329 2504 1420 2538 locis
1456 2505 1516 2538 ubi
1550 2505 1640 2538 sim-

927 2551 1041 2595 plices
1068 2556 1104 2585 et
1130 2553 1237 2596 prisci
1255 2562 1375 2586 mores
1393 2552 1637 2587 obtinuerunt.

1008 2622 1118 2658 solent
1161 2628 1194 2657 et
1236 2623 1485 2658 subterraneos
1517 2633 1640 2669 specus

927 2674 1098 2717 aperire.-
1129 2673 1268 2716 aperire
1296 2671 1556 2719 (erscltliessen)
1586 2675 1640 2705 est

926 2718 1047 2755 fac‘ere
1084 2719 1279 2765 aperienda
1312 2721 1438 2765 humo,
1479 2725 1518 2755 ut
1554 2719 1640 2753 dicit

925 2769 1191 2803 Doederlinius.

1002 2842 1124 2886 quippe
1150 2841 1326 2885 riyorem:
1375 2837 1526 2886 vulga-ta
1557 2839 1641 2884 quia

928 2888 1082 2932 rigorem
1108 2910 1153 2915 -
1187 2887 1348 2922 molliunt
1373 2898 1444 2922 nou
1472 2893 1554 2933 apta
1585 2892 1640 2922 est

929 2938 1130 2970 sentcntiae
1150 2937 1354 2971 scribentis,
1375 2937 1527 2973 Causam
1544 2937 1639 2975 enim

930 2995 991 3019 cur
1017 2995 1145 3030 specus
1171 2984 1427 3022 subterraneos
1452 2984 1641 3022 recludam

1460 2093 1640 2131 brauchen
1699 2091 1704 2098 ’
