1768 3216
174 209 248 244 208

762 199 1070 235 HlS'l‘ORIARVM

1454 210 1486 234 a.
1514 209 1563 234 u:
1577 197 1663 235 822,

175 322 279 376 cipia
311 323 443 383 vocat.
476 317 535 358 lbi
555 314 797 368 Vespasiani
828 314 1020 356 virtutem
1050 313 1246 366 viresque
1275 313 1452 366 partium
1481 312 1663 356 extollit:

168 394 440 448 transfugisse
471 391 668 440 classem3
720 388 761 429 in
803 392 891 430 arto
926 392 1224 440 commeatum,
1271 387 1470 430 adver-sas
1511 387 1665 430 Gallias

167 467 478 521 Hispaniasque,
511 464 612 504 nihil
644 463 685 503 in
718 463 819 504 urbe
850 462 1003 514 fidu1n3
1036 467 1158 516 atque
1191 462 1330 504 omnia
1359 461 1411 504 de
1427 460 1596 503 Vitellio
1623 460 1666 502 in

167 541 357 591 deterius.
418 539 515 580 Mox
547 537 838 591 incipientibus
870 537 939 591 qui
980 539 1140 580 conscii
1177 537 1372 589 aderant,
1417 539 1582 578 ceteros
1619 547 1667 577 re

134 600 271 658 snova
321 614 517 655 attonitos
565 614 605 653 in
657 613 785 654 verba
836 613 1083 665 Vespasiani
1134 598 1278 666 adigit.
1342 610 1470 654 Simul
1513 609 1666 653 Vitellii

163 689 364 743 imagines
397 689 606 742 dereptae,
641 692 680 729 et
712 687 828 728 missi
857 687 926 740 qui
955 686 1141 729 Antonio
1165 686 1416 728 nuntiarent.

163 764 259 805 totis
291 763 437 805 castris
471 763 652 809 insama
698 762 904 815 proditio,
947 775 1171 804 recurrens
1213 762 1254 803 in
1297 760 1500 816 principia
1547 759 1666 803 miles
1683 790 1768 849 nm

162 839 459 892 praescriptum
479 837 722 891 Vespasiani
755 849 921 889 nomen,
954 838 1163 891 proiectas
1179 836 1333 878 Vitellii
1354 835 1516 891 effigies
1540 846 1668 889 aspe-

162 913 244 965 xit,
290 917 447 954 vastum
492 912 623 965 primo
667 911 898 964 silentium,

1478 685 1561 729 Sed
1593 685 1666 727 ubi

948 908 1046 952 mox
1087 916 1234 953 cuncta
1274 910 1396 953 simul
1435 913 1664 964 erumpunt.

114 987 250 1031 :oHuc
283 988 488 1029 cecidisse
521 987 757 1028 Germanici
788 987 996 1029 exercitus
1028 987 1232 1041 gloriam,
1279 990 1322 1027 ut
1365 986 1458 1028 sine
1487 984 1666 1040 proelio,

164 1063 255 1104 sine
286 1063 647 1118 vulnerevinctas
679 1074 823 1103 manus
866 1066 906 1102 et
935 1065 1057 1115 capta
1090 1061 1307 1103 traderent
1337 1061 1488 1103 arma?
1550 1059 1662 1109 Quas

162 1138 268 1179 enim
302 1151 353 1179 ex
383 1138 549 1179 diverso
579 1137 802 1191 legiones?
835 1137 992 1190 Nempe
1023 1137 1170 1178 victas.

1231 1136 1282 1177 Et
1313 1135 1464 1178 abesse
1495 1135 1664 1176 unicum

164 1211 386 1253 Othoniani
433 1212 641 1254 exercitus
692 1212 843 1264 robur,
888 1211 1099 1264 primanos
1151 1210 1664 1264 quartadecumanosque3

297 1367 330 1401 2.
359 1367 601 1412 transfuyisset
628 1365 705 1401 Ma:
735 1366 761 1400 G
790 1366 1034 1412 transfuqisse.

588 1415 621 1450 6.
655 1416 819 1462 dereptae
847 1414 918 1450 Ma:
947 1415 1105 1461 direptae
1131 1414 1169 1449 G.

165 1413 192 1447 G
217 1419 251 1447 et
278 1414 512 1449 Oxonienses.

165 1547 265 1581 donis
291 1547 456 1590 admisit,
508 1553 692 1592 peccatum
722 1553 804 1591 est,
841 1553 880 1581 ut

165 1601 345 1630 ostensum
385 1597 428 1630 ad
461 1596 574 1639 1112,
620 1597 768 1642 perinde
810 1597 879 1631 hoc

163 1655 232 1678 nno
262 1645 342 1678 loco
372 1647 407 1678 in
427 1645 659 1680 Historiarum
686 1646 787 1679 libris
813 1646 879 1680 de-

165 1693 396 1727 scribentium
435 1694 540 1738 culpa
571 1706 719 1728 munera
751 1695 878 1728 dicun-

164 1747 220 1775 tur
244 1742 376 1785 officia,
403 1753 474 1776 non
499 1745 631 1786 munia,
660 1748 698 1776 ut
723 1743 879 1788 postulat

166 1790 386 1825 consuetudo
414 1793 584 1826 auctoris,
626 1791 730 1826 Conf.
759 1791 879 1825 111111-

163 1840 283 1873 storiis
309 1838 323 1872 1
349 1839 396 1874 48
420 1839 566 1873 militiae
590 1842 723 1882 munia,
751 1840 798 1875 62
813 1841 879 1873 du-

164 1889 214 1921 cis
239 1888 383 1929 munia,
433 1888 475 1922 77
503 1889 624 1922 munia
648 1889 807 1934 imperii,
848 1888 879 1921 11

165 1936 212 1971 29
241 1935 321 1968 betti
345 1937 485 1979 munia,
515 1936 573 1974 ,69
601 1937 721 1970 eadem
746 1938 879 1978 munia,

165 1983 211 2019 92
250 1985 371 2016 „mnia
404 1985 563 2029 imperii,
614 1984 729 2020 11120
769 1986 881 2018 divisa

164 2032 257 2065 inter
295 2034 485 2066 exercitum
526 2033 694 2077 ducesque
735 2035 878 2076 munia,

167 2079 214 2115 59
241 2079 321 2112 belli
345 2082 478 2122 munia,
509 2081 556 2115 lv
583 2081 630 2115 39
655 2083 775 2114 munia
800 2093 879 2115 ma-

164 2129 394 2173 yistratuum‚
438 2129 485 2163 49
522 2128 626 2163 solita
655 2131 794 2172 munia,
833 2130 880 2164 68

163 2183 310 2221 utraque
346 2178 485 2220 munia,
531 2179 572 2212 71
611 2179 732 2212 munia
766 2180 878 2224 pacis,

163 2225 211 2260 86
235 2226 356 2259 munia
379 2226 529 2271 imperii,
564 2227 592 2259 V
617 2230 659 2262 14
688 2227 880 2272 leqionibus

163 2275 296 2316 munia,
323 2275 365 2310 21
389 2275 534 2308 militiae
551 2276 680 2309 munia.
710 2275 763 2309 Ad
788 2275 879 2309 hanc

164 2332 320 2356 normam
365 2323 399 2356 in
443 2324 560 2357 verbis
601 2335 706 2369 supra
752 2326 878 2368 positis

167 2381 305 2404 correxi
335 2383 466 2406 mama.

237 2425 374 2453 secreta
399 2427 616 2454 cascrorum:
645 2421 796 2455 Medicei
821 2434 879 2456 se-

167 2473 340 2502 cretorum
376 2467 469 2501 haud
505 2468 611 2503 dubie
649 2481 693 2503 ex
736 2471 879 2504 assimi-

167 2514 261 2549 landi
304 2526 424 2550 errore
463 2522 546 2550 nata
593 2522 646 2551 est
690 2519 877 2562 scriptura.

166 2564 293 2598 Verius
318 2565 428 2610 igitur
465 2570 601 2599 secreta
630 2577 732 2611 quam
759 2578 879 2600 secre-

166 2618 235 2646 tum
260 2613 448 2648 scribetur.
497 2613 550 2648 De
577 2623 667 2648 voce
694 2615 879 2659 adfectans

166 2661 211 2696 cf.
240 2667 360 2696 annot.
389 2662 432 2696 ad
457 2661 498 2696 H.
528 2662 559 2696 11
585 2663 642 2698 91.

239 2717 340 2755 atque
367 2711 486 2745 omnia
511 2710 552 2744 de
589 2711 723 2746 Vitellio
751 2713 788 2746 in
816 2713 878 2746 de-

167 2760 294 2792 terius.-
321 2759 470 2794 verbum
485 2759 568 2793 huic
584 2761 769 2794 enuntiato
788 2771 878 2794 con-

165 2808 332 2850 veniens,
375 2808 488 2842 veluti
515 2811 650 2853 refert,
690 2820 734 2842 ex
771 2820 879 2853 prae-

167 2865 288 2899 gresso
319 2856 451 2890 extollit
479 2857 670 2900 petendum
699 2862 778 2892 est:
813 2857 878 2892 sed

166 2913 236 2936 non
264 2904 356 2938 bene
382 2906 514 2949 referri
545 2906 605 2940 vel
646 2906 764 2941 audiri
788 2917 878 2951 sup-

167 2950 295 2995 pletur.
359 2952 412 2987 De
438 2964 475 2988 re
506 2955 610 2989 etiam
636 2954 810 3001 Iosephus
835 2955 876 2991 B.

1108 1371 1185 1399 arte
1214 1364 1265 1399 Ma
1293 1369 1381 1412 (non
1407 1368 1537 1412 arce).·
1565 1370 1665 1400 arcto

947 1547 1023 1581 Iud.
1049 1546 1095 1581 IV
1141 1548 1182 1581 11
1219 1549 1255 1590 δ.
1288 1549 1338 1590 2,
1373 1545 1441 1581 Dio
1476 1547 1570 1593 apud
1599 1548 1666 1584 Xi..

949 1596 1037 1641 phil.
1066 1595 1157 1630 va
1190 1597 1244 1632 10.

1022 1646 1061 1678 in
1085 1647 1205 1690 fama.-
1244 1644 1411 1679 similiter
1436 1644 1506 1679 hoo
1531 1644 1665 1680 dictum

948 1699 986 1727 ut
1012 1693 1100 1727 alias
1130 1694 1168 1727 in
1197 1693 1370 1740 ambiguo,
1395 1695 1434 1728 in
1451 1695 1600 1737 incerto,
1626 1695 1664 1728 in

948 1744 1105 1787 confesso
1134 1746 1204 1777 cet.
1315 1749 1449 1777 vastum
1471 1744 1584 1789 primo
1610 1745 1664 1778 εί-

948 1791 1110 1833 lentiu-m,
1147 1802 1228 1824 mooe
1254 1797 1382 1826 cuncta
1407 1790 1511 1826 simul
1544 1802 1664 1826 erum-

945 1846 1052 1884 punt.-
1086 1840 1186 1872 vocis
1216 1845 1344 1874 cuncta
1375 1839 1593 1886 significatio
1619 1850 1665 1875 ex

948 1888 1168 1933 antegressis
1188 1930 1191 1932 v
1218 1889 1435 1932 perspicitur
1452 1915 1462 1932 ‚
1523 1888 1666 1923 scilicet

947 1942 1076 1969 cuncta
1099 1941 1240 1981 pectore
1267 1936 1383 1971 adhuc
1409 1937 1546 1972 clausa.

1019 1985 1156 2018 vinctas
1187 1996 1334 2018 manus.-
1374 1986 1535 2031 cogitant
1577 1996 1664 2031 gre-

949 2043 1028 2078 gem
1048 2032 1241 2076 venalium,
1274 2043 1423 2078 quorum
1449 2044 1573 2068 manus
1601 2045 1666 2069 ca-

948 2082 1042 2114 tenis
1071 2082 1214 2115 vinctae
1241 2087 1334 2116 sunt.
1460 2083 1665 2128 primanos.-

949 2129 1072 2162 dicunt
1106 2131 1252 2173 primam
1285 2130 1515 2165 classicorum
1544 2131 1665 2177 legio-

947 2189 1027 2211 nem
1054 2189 1074 2212 a
1104 2178 1252 2212 Vitellio
1289 2180 1431 2213 missam
1471 2180 1506 2213 in
1533 2179 1665 2225 Hispa-

948 2227 1040 2260 niam
1065 2239 1072 2270 ;
1102 2228 1198 2262 conf.
1229 2227 1270 2261 11.
1299 2228 1329 2261 ll
1354 2229 1402 2263 43
1430 2233 1466 2263 et
1491 2228 1551 2263 67.
1609 2228 1665 2262 De

948 2275 1270 2320 quartadecimanis
1298 2287 1331 2310 v.
1357 2276 1399 2310 H.
1428 2276 1459 2311 ll
1487 2275 1535 2312 43
1554 2280 1590 2310 et
1603 2276 1663 2312 66.

1680 720 1768 775 tm)

1018 2330 1056 2358 ut
1081 2331 1299 2358 armatorum
1323 2325 1423 2359 milia
1456 2345 1502 2352 —
1529 2325 1665 2360 ‹taren-
1694 2331 1697 2334 ”

948 2377 1006 2406 tur
1032 2395 1078 2400 -
1112 2373 1150 2406 id
1176 2373 1304 2416 Basso,
1342 2374 1380 2408 id
1407 2374 1666 2409 Caecinaefvi-

946 2432 1045 2454 sum.-
1071 2431 1141 2454 non
1167 2426 1249 2464 apte
1276 2421 1387 2456 verba
1411 2428 1507 2456 ιιι-
1529 2422 1664 2456 daren-

947 2474 1003 2501 tur
1020 2469 1063 2502 ab
1080 2469 1275 2503 editoribus
1299 2475 1476 2515 tamquam
1491 2480 1665 2514 suspensa

948 2527 992 2550 ex
1018 2528 1100 2560 quos
1127 2523 1243 2551 tamen
1280 2518 1388 2552 isdem
1424 2518 1496 2553 iltis
1533 2520 1665 2565 campis

945 2565 1102 2609 fuderint
1127 2568 1383 2611 straverintque
1409 2572 1584 2602 commate
1601 2578 1664 2602 se-

948 2615 1080 2656 paratis
1107 2615 1332 2649 exhibentur.
1391 2615 1578 2650 Meliorem
1605 2615 1664 2650 di·-

949 2663 1180 2697 stinctionem
1223 2663 1321 2698 dedit
1358 2664 1589 2699 Heinischius
1626 2665 1664 2699 in

949 2712 1054 2744 tertio
1092 2713 1289 2756 specimine
1325 2713 1603 2748 Annotationum
1624 2713 1664 2747 in

949 2760 1163 2803 difficiliores
1185 2762 1294 2796 Taciti
1317 2762 1423 2805 locos,
1442 2761 1562 2796 verbis
1586 2767 1663 2796 octo

947 2809 1112 2844 nimirum
1129 2832 1170 2837 —
1185 2812 1264 2855 fore
1293 2810 1330 2843 in
1357 2810 1562 2855 parenthesi
1583 2809 1663 2844 col·
1687 2847 1689 2849 ,

948 2856 1088 2892 locatis.
1114 2858 1194 2903 Ipse
1219 2859 1263 2892 ad
1287 2858 1535 2893 vindicandam
1563 2862 1662 2893 stru-

949 2910 1082 2940 cturam
1111 2913 1147 2941 ut
1174 2907 1356 2950 darentur,
1383 2908 1420 2941 id
1446 2910 1576 2952 visum,
1603 2912 1662 2941 at..

947 2954 1029 2989 tulit
1055 2967 1100 2990 ex
1124 2955 1323 2992 Annalibus
1353 2954 1369 2990 I
1398 2957 1468 2993 36:
1492 2956 1664 3003 placitum
