1768 3216
125 234 197 269 312
725 225 1033 261 fflS'rORIARVM
1415 237 1448 263 a.
1474 236 1512 264 u.
1537 227 1624 265 822.

126 349 332 399 umbone,
371 346 453 400 pilo
484 344 626 397 sequi3
669 343 818 385 multos
857 344 899 384 in
937 343 1102 385 moenia
1145 356 1345 399 egressos
1370 345 1650 400 pugionibus

97 461 99 463 .
128 422 286 465 fodere.
335 419 403 461 Sic
435 417 632 459 exhausta
663 421 788 459 nocte
819 429 971 460 novam
1003 418 1137 460 aciem
1169 417 1260 460 dies
1283 419 1456 473 aperuit.
1503 419 1692 463 Edu-:3⁰

1005 469 1147 477 αμα-.-.φ-

11 500 28 540 l
82 498 90 502 “
125 498 271 537 xerant
300 492 442 534 Batavi
472 491 618 532 turrim
650 491 805 546 duplici
836 492 1032 545 tabulato,
1067 505 1186 546 quam
1219 493 1624 563 praerorstxe
1652 479 1712 529 ‘2⁶⁹
1726 487 1768 566 ἢ

126 568 182 619 (is
222 566 493 619 aequissimus
536 565 677 616 locus)
725 566 1070 620 propinquantem
1103 567 1284 621 promoti
1314 570 1460 609 contra
1495 567 1626 610 validi

94 652 289 683 easseres
333 644 372 680 et
415 639 608 681 incussae
639 639 778 697 tra‘bes
817 640 1093 695 perfregere,
1139 640 1264 683 multa
1302 642 1625 695 superstantium

94 765 97 768 ·
124 697 324 767 pernicie.
395 698 704 768 Pugnatumque
737 714 777 754 in
808 713 1025 768 perculsos
1054 711 1187 756 subita
1219 719 1260 756 et
1287 727 1487 770 prospera
1527 727 1628 758 eru-

55 793 80 798 ·’
103 789 279 842 ‘'ptione.
312 787 441 830 Simul
476 801 498 829 a
528 787 776 842 legionariis
804 789 952 842 peritia
982 793 1023 829 et
1052 793 1141 830 arte
1173 789 1479 842 praestantibus
1507 790 1627 844 plura

125 862 400 904 struebantur.
440 862 708 916 Praecipuum
739 874 936 916 pavorem
968 862 1101 904 intulit
1129 875 1376 917 suspensum
1407 868 1448 905 et
1475 868 1625 906 nutans

125 936 527 988 machinamentum,
577 947 658 989 quo
697 940 868 990 repente
909 936 1092 978 demisso
1109 941 1303 1013 Lpraeteg
1348 950 1518 1013 suorukn
1551 951 1626 980 ora

76 1019 113 1047 ιο
125 1009 277 1064 singuli
307 1009 499 1063 pluresve
535 1010 714 1051 hostium
755 1010 932 1064 sublime
971 982 1100 1064 rapti2
1117 991 1249 1053 verso*
1275 985 1473 1065 ’Ῑῐὸῐῖᾱῖἧ
1498 988 1579 1054 qni

129 1088 263 1125 castra
299 1084 630 1145 effunqsssbfflllus·
694 1084 836 1126 Civilis
869 1085 1023 1127 omissa
1052 1070 1436 1140 ορριῖξιῖεἶῆἆῖῖρε
1480 1098 1602 1129 rursu

125 1171 201 1212 per
244 1143 659 1211 otium—adsidebat,
704 1159 859 1201 nuntiis
902 1164 942 1202 et
986 1160 1204 1213 promissis
1246 1160 1368 1202 fidem
1412 1160 1627 1215 legionum

129 1233 384 1274 convellens.
1445 1279 1446 1282 ,

261 1306 451 1348 Haecin
503 1307 725 1350 Germania
772 1311 867 1349 ante
918 1308 1203 1350 Cremonense
1249 1308 1452 1363 proelium
1494 1313 1696 1365 gesta,31

76 1380 241 1422 iscuius
274 1385 466 1422 eventum
498 1381 660 1422 litterae
690 1381 813 1422 Primi
842 1381 1015 1423 Antonii
1037 1382 1237 1435 docuere,
1260 1383 1402 1424 addito
1420 1383 1629 1433 Caecinae

83 1472 85 1474 ·
126 1455 279 1495 edicto.
340 1456 390 1496 Et
419 1455 656 1509 praefectus
689 1455 872 1497 cohortis
905 1468 928 1496 e
968 1457 1116 1509 victis,
1162 1456 1352 1511 Alpinius
1391 1458 1626 1512 Montanus,

126 1529 332 1571 fortunam
371 1531 547 1583 partium
594 1543 795 1584 praesens
840 1526 1057 1572 fatebatur.
1129 1531 1298 1574 Diversi
1342 1532 1439 1574 hinc
1486 1537 1622 1576 motus

127 1603 372 1645 animorum.
432 1605 597 1645 Auxilia
632 1618 653 1647 e
688 1605 833 1657 Gallia,
867 1605 958 1659 quis
989 1617 1068 1647 nec
1101 1618 1218 1648 amor
1247 1618 1382 1660 neque
1415 1608 1555 1649 odium
1585 1608 1628 1650 in

126 1682 281 1731 partes,
322 1678 467 1721 militia
501 1679 592 1721 sine
633 1679 815 1732 adfectu,
858 1679 1117 1722 hortantibus
1160 1681 1387 1741 praefectis
1427 1681 1565 1725 statim
1604 1695 1628 1726 a

259 1841 294 1875 4.
321 1852 371 1885 eq.
402 1840 465 1875 Ma.
549 1842 630 1876 10οᾶ
655 1842 721 1876 Ma.

125 1887 200 1922 Ma:
229 1888 256 1922 G
279 1900 451 1935 prospera
481 1896 591 1935 erupt.
673 1891 705 1925 7.

125 1937 201 1981 obp.
230 1936 294 1970 Ma.
401 1938 453 1972 15.
492 1950 563 1972 cee.
590 1938 655 1973 Ma.

124 1985 234 2018 tacite
264 1986 420 2018 correxit
443 1986 647 2020 Rhenanus.

125 2031 222 2065 litiae
249 2032 314 2075 Ma,
341 2033 470 2067 milicie
497 2034 543 2068 G:
573 2036 681 2069 tacite
708 2036 864 2069 correxit
890 2035 1095 2070 Rhenanus.

823 1843 856 1877 5.
884 1843 1022 1877 incusse
1047 1842 1113 1876 Ma.
1213 1843 1246 1878 6.
1273 1854 1442 1890 prospere
1467 1845 1630 1891 ruptione

730 1896 839 1936 prese.
870 1890 935 1925 Ma.
1016 1892 1072 1926 10.
1099 1891 1200 1935 infra
1225 1891 1299 1926 Ma:
1327 1891 1355 1926 G
1379 1892 1491 1927 intra.
1571 1895 1628 1928 11.

762 1939 816 1974 16.
844 1950 862 1972 e
887 1939 1001 1973 uictus
1029 1941 1119 1984 (non
1147 1940 1298 1986 euictus)
1326 1939 1392 1983 Ma,
1420 1942 1550 1975 evictus
1577 1940 1628 1975 G:

738 1987 792 2022 18.
820 1998 931 2032 neque
957 1987 1073 2021 odium
1099 1986 1173 2021 Ma:
1199 1999 1266 2022 nec
1297 2000 1328 2022 ο.
1357 1988 1397 2022 G.
1477 1989 1532 2026 19.
1559 1989 1628 2024 mi·-

1181 2038 1310 2082 affectu
1341 2036 1400 2071 Or.
1456 2052 1468 2061 „

125 2200 271 2234 corpore
298 2189 481 2223 adversum
505 2190 573 2223 vim
592 2191 729 2224 veneni.
764 2191 840 2224 Ad-

125 2237 168 2271 de
196 2237 226 2270 11
253 2239 310 2272 21.
341 2238 382 2271 ll.
409 2237 506 2273 1128
533 2243 568 2272 et
592 2239 650 2274 70.
676 2239 764 2284 Agr.
784 2241 839 2273 11.

125 2285 284 2319 Heraeus
319 2296 352 2330 p.
388 2287 458 2322 104
484 2286 604 2320 laudat
640 2287 731 2320 hanc
759 2297 841 2321 cor-

124 2335 319 2368 rectionem
348 2339 382 2367 et
409 2334 499 2368 falso
527 2334 673 2369 ascribit
698 2335 840 2379 Lipsio:

123 2383 153 2415 is
181 2383 337 2416 coniecit
363 2383 483 2416 armis.
523 2383 576 2417 De
603 2384 732 2417 litteris
761 2396 780 2417 c
807 2390 842 2418 et

125 2435 137 2463 t
165 2430 308 2463 mutatis
335 2430 422 2463 dixit
442 2431 600 2465 Heraeus
627 2442 661 2476 p.
681 2433 743 2467 101
762 2443 839 2477 sqq.

200 2478 272 2522 pilo
307 2479 423 2522 sequi:
465 2479 547 2522 pilis
583 2481 686 2513 iactis
725 2482 839 2514 secuti

125 2529 207 2558 sunt
246 2535 334 2571 quos
377 2531 558 2560 scutorum
604 2528 748 2561 incussu
797 2528 840 2562 de

125 2575 233 2607 muris
260 2575 431 2608 iecerant.

207 2620 291 2666 Cap.
327 2623 387 2657 30.
443 2623 649 2668 praetoriae
689 2629 840 2668 portae.-

125 2669 171 2703 οἳ.
198 2670 242 2703 ad
267 2670 282 2703 Ι
307 2670 366 2705 66.
433 2670 578 2704 Asseres
609 2672 726 2704 statim
761 2682 840 2705 me-

124 2719 249 2751 morati
277 2718 447 2753 adversus
473 2724 603 2753 turrem
631 2721 781 2763 promoti
804 2725 840 2753 et

67 2766 69 2769 ’
124 2766 258 2799 incussi
296 2766 338 2800 ad
373 2767 514 2809 modum
547 2768 737 2801 arietariae
764 2779 842 2801 ma-

126 2812 266 2856 chinae,
294 2815 410 2849 trahes
437 2816 552 2849 iactae
577 2821 659 2849 sunt
684 2817 718 2850 in
743 2827 842 2850 sum-

116 2870 218 2894 ·mum
248 2862 444 2896 tabulatum
479 2864 522 2897 ad
557 2863 766 2898 obsessores
792 2864 842 2898 ibi

126 2912 259 2943 stantes
273 2911 490 2945 occidendos
507 2916 567 2945 aut
590 2912 841 2947 deturbandus.

210 2962 242 2990 et
264 2964 392 2992 nutans
418 2959 755 2995 machinamentum:
790 2965 845 2996 est

911 2190 1048 2225 tolleno
1071 2217 1080 2233 ‚
1120 2191 1165 2225 de
1200 2201 1270 2236 quo
1306 2191 1460 2226 Festus:
1501 2192 1629 2228 rolleno

911 2239 1040 2273 dicitur
1065 2239 1252 2273 machinae
1276 2251 1398 2285 genus,
1424 2252 1489 2286 quo
1513 2241 1630 2276 trahi-

911 2294 967 2321 tur
991 2298 1095 2332 aqua,
1122 2289 1160 2321 in
1185 2289 1337 2322 atteram
1358 2295 1497 2334 partem
1517 2301 1630 2336 prae-

909 2341 1082 2381 gravante
1108 2337 1262 2382 pondere
1288 2336 1378 2381 (hoc
1403 2337 1497 2382 apud
1526 2338 1637 2378 Taci-r

910 2389 982 2417 tuin
1007 2396 1107 2418 verso
1130 2385 1319 2431 pondere).
1352 2385 1630 2432 Veget.1v21=

911 2432 1038 2466 tolleno
1080 2433 1231 2476 dieitur,
1268 2434 1399 2477 quoties
1432 2445 1506 2468 una
1535 2434 1631 2470 trabs

910 2482 948 2513 in
985 2486 1116 2513 terram
1147 2480 1310 2526 praealte
1350 2481 1534 2526 defiyitur‚
1573 2484 1632 2517 eui

909 2530 947 2562 in
983 2539 1112 2562 summo
1143 2530 1272 2562 vertice
1312 2528 1387 2562 alia
1426 2535 1629 2572 transversa

910 2575 1005 2609 trabs
1056 2576 1195 2622 lonyior
1237 2577 1394 2611 dimensa
1445 2578 1629 2613 medietate

910 2625 1153 2667 connectitur,
1189 2635 1228 2658 eo
1265 2625 1500 2668 libramento,
1535 2633 1574 2662 ut
1599 2628 1630 2662 si

907 2683 1013 2705 unum
1039 2679 1142 2718 caput
1169 2674 1403 2718 depresseris,
1430 2673 1530 2708 aliud
1555 2669 1628 2710 ert*-

909 2726 1025 2765 9atur.
1083 2721 1168 2755 lnde
1196 2721 1287 2756 hanc
1314 2722 1464 2756 formam
1491 2723 1629 2759 effece-

911 2770 960 2802 ris
988 2789 1040 2811 Τ.
1069 2769 1122 2803 De
1147 2770 1322 2816 singulari
1342 2770 1536 2805 tollenonis
1562 2780 1628 2806 nsu
1660 2801 1667 2816 ,

913 2817 1034 2851 Livius
1062 2817 1174 2852 XXIV
1201 2819 1248 2853 34
1275 2818 1444 2864 loquitur.

991 2865 1121 2911 sinyuli
1152 2866 1315 2912 pluresve
1348 2867 1520 2903 hostium:
1563 2876 1629 2902 co-

914 2914 989 2960 gita
1019 2913 1240 2949 tollenonem
1266 2916 1410 2959 saepius
1435 2914 1574 2951 demitti
1591 2916 1628 2950 in
1651 2944 1658 2950 .

913 2966 1048 3006 partem
1079 2962 1257 3006 hostium,
1298 2962 1422 3008 ibique
1453 2974 1475 2998 a
1501 2962 1629 2999 militi-
