1768 3216
341 94 356 109 ,
401 89 427 101 .„
478 93 481 96 .
602 24 797 52 Ἀ
900 48 954 86 Μ
1013 8 1234 113 Quali.
1300 33 1383 76 tt„
1431 42 1476 76 e-
1516 32 1601 118 (λ’)
1655 2 1768 111 ln*

184 102 196 112 ⁴*
222 97 463 183 ἶῙιιβκ(
479 168 487 179 e
521 128 537 154 4'
588 115 827 181 fi„1³>·.⁴.“:‘q(e·..“z
855 105 944 180 μή(
969 103 1094 160 ‘Pisto

163 235 235 271 204
575 182 589 204 l
735 227 1046 266 HISTORlARVM
1445 237 1477 261 a.
1505 237 1540 263 u.
1567 226 1653 264 822.

163 363 487 411 praesumpsere,
523 349 630 390 sacta
670 346 844 388 tribunis
882 344 1277 398 centurionibusque
1307 343 1516 386 retinendi
1549 355 1655 398 quae

163 426 344 469 Vitellius
375 422 613 464 indulsisset
643 433 729 475 spe.
771 420 907 474 Atque
940 420 1071 474 ipsum
1106 419 1328 461 Caecinam
1358 429 1443 460 non
1474 418 1655 461 obscure

160 500 209 541 ad
242 498 523 539 transitionem
556 496 838 538 hortabantur.
877 495 1089 537 Recitatae
1119 506 1195 548 pro
1232 493 1429 536 contione
1454 492 1654 547 epistulae

157 573 354 614 addidere
385 572 598 624 fiduciam,
644 571 753 625 quod
792 570 998 612 submisse
1039 570 1250 622 Caecina,
1292 569 1405 611 velut
1436 567 1654 612 offendere

125 648 451 703 5Vespasianu1n
495 648 668 700 timens,
718 647 898 701 ipsorum
938 646 1066 688 duces
1109 645 1398 700 contemptim,
1446 649 1652 699 tamquam

154 723 395 765 insultantes
426 722 615 774 Vitellio,
647 721 929 776 scripsissent.

287 797 481 840 Adventu
519 796 670 838 deinde
715 796 889 838 duarum
936 796 1175 851 legionum,
1227 808 1250 838 e
1296 794 1444 849 quibus
1489 794 1722 837 tertiamlo

152 873 298 916 Dillius
329 873 584 927 AponianuS,
619 876 809 914 octavam
839 870 1050 913 NumISius
1081 871 1216 925 Lupus
1248 870 1469 922 (lucebant,
1503 873 1651 912 osten·
1684 864 1689 876 ‘

153 952 241 990 tare
287 949 397 990 vires
451 952 491 989 et
542 948 708 989 militari
767 947 876 989 vallo
926 946 1136 989 Veronam
1184 945 1446 988 circumdare
1482 945 1648 1000 placuit.

104 1023 271 1065 wForte
297 1022 520 1064 Galbianae
548 1022 706 1077 legioni
732 1023 772 1064 in
806 1021 986 1064 adversa
1019 1021 1159 1063 fronte
1180 1021 1278 1063 valli
1310 1033 1414 1075 opus
1444 1023 1647 1072 cesserat,

153 1102 192 1139 et
221 1098 298 1139 visi
328 1098 473 1152 procul
506 1098 715 1139 sociorum
748 1097 907 1151 equites
945 1109 1094 1139 vanam
1137 1095 1402 1139 formidinem
1432 1099 1476 1137 ut
1504 1095 1648 1137 hostes

32 1208 100 1230 ,
153 1173 307 1215 secere.
367 1175 761 1228 Rapiuntura1·,1na
802 1177 842 1214 et
873 1176 914 1214 ut
944 1172 1096 1226 prodff
1144 1172 1194 1214 iis
1160 1159 1648 1288 ἱειιοῐοτοπιήμιᾞῖωι-

91 1239 260 1317 Ἀ)ῐίωη
290 1248 331 1289 in
360 1249 610 1303 'lamphilum
642 1249 882 1290 Flavianum
914 1247 1120 1301 incubuit,
1154 1247 1264 1290 nullo
1299 1259 1418 1288 crum
1450 1257 1484 1288 is
1517 1259 1540 1288 a
1565 1258 1648 1301 gu-

55 1372 59 1378 ,
148 1327 309 1376 mento,
356 1324 429 1365 sed
472 1325 550 1366 iam
588 1324 749 1379 pridem
792 1324 950 1365 invisus
982 1323 1148 1366 turbine
1180 1322 1359 1377 quodam
1393 1321 1444 1364 ad
1476 1321 1647 1365 exitium

4 1403 5 1406 ’
68 1384 135 1442 is
176 1399 421 1440 oscebatur:
451 1400 724 1454 propinquum
755 1397 932 1452 Vitellii,
980 1398 1237 1453 proditorem
1271 1397 1468 1450 Othonis,
1510 1396 1647 1438 inter-

13 1447 127 1506 lin.
136 1411 355 1527 &Zeptmem
388 1474 571 1516 donativi
604 1475 883 1517 clamitabant.
944 1464 1032 1515 Nec
1066 1473 1303 1516 defensioni
1333 1472 1468 1525 locus,
1497 1484 1647 1526 quam-

0 1552 17 1617 ’ἐξ
147 1560 267 1603 quain
299 1549 504 1604 supplices
537 1562 680 1591 manus
712 1550 918 1602 tenderet,
953 1549 1065 1590 humi
1095 1549 1337 1603 plerumque
1368 1552 1544 1600 stratus,
1577 1547 1645 1589 la-

277 1692 311 1726 3.
340 1692 438 1737 eptae
465 1703 544 1726 cum
571 1693 634 1727 lin.
665 1692 728 1727 Ma.
789 1693 823 1728 4.
851 1693 1026 1727 sumisisse
1052 1691 1131 1727 Ma:
1161 1692 1188 1727 G
1210 1692 1386 1726 submisse.
1449 1691 1555 1727 uelud
1581 1690 1644 1726 Ma.

144 1739 177 1773 5.
207 1741 391 1785 contempti
417 1739 755 1787 lt1³‚c0ntemptum
783 1742 831 1776 G·
876 1742 1095 1787 contemptim
1128 1740 1359 1775 Puteolanus.
1465 1741 1500 1776 8.
1529 1740 1647 1776 «tillim

143 1786 208 1830 Ma,
236 1798 307 1821 non
337 1788 465 1823 Furiae
494 1790 609 1824 dillus.
679 1797 876 1835 apontanus
902 1789 1007 1824 GMaz
1037 1802 1081 1824 ex
1108 1801 1138 1823 c.
1172 1792 1212 1824 11
1241 1791 1349 1824 tacite
1377 1789 1646 1824 correxitRhe-

143 1846 267 1869 nanus.
367 1844 493 1871 octava
518 1837 592 1872 Ma(
687 1840 741 1874 10.
785 1839 950 1883 yalbiane
977 1837 1041 1872 Ma.
1144 1840 1199 1872 11.
1243 1839 1313 1872 uisi
1338 1839 1376 1872 in
1401 1837 1475 1872 Ma:
1510 1838 1579 1873 uisi
1605 1837 1644 1873 G.

148 1886 202 1918 12.
230 1885 333 1918 arma
357 1884 422 1919 Ma.
514 1892 694 1920 auctorem
718 1887 916 1931 interposui
945 1891 1088 1921 secutus
1115 1886 1226 1930 Lipsii
1253 1887 1508 1931 suspicionem.
1588 1887 1644 1922 13.

148 1932 180 1966 T.
206 1932 369 1980 Ampium
396 1934 461 1968 Ma.
490 1934 533 1967 cf.
561 1934 604 1968 ad
630 1935 671 1968 H.
701 1937 723 1970 2
751 1935 811 1970 86.

145 2077 223 2100 cum
248 2066 364 2100 studio
383 2068 534 2112 quodam
554 2069 683 2112 posita,
711 2068 854 2102 obiecto

143 2125 208 2149 suo
239 2126 414 2160 nunquam
453 2121 585 2151 carent.

218 2212 303 2257 Cap.
334 2214 390 2248 10.
436 2218 469 2246 et
493 2219 529 2247 ut
553 2214 763 2258 proditionis
789 2226 855 2248 au-

143 2266 272 2296 ctorem
303 2262 362 2295 ira
395 2261 540 2295 militum
573 2263 610 2295 in
644 2262 857 2308 Tamphilum

145 2310 351 2344 Flavianum
377 2310 554 2344 incubuit:
589 2317 626 2345 ut
648 2311 857 2357 proditionis

141 2360 199 2392 ira
225 2358 317 2393 idem
345 2370 425 2393 esse
460 2370 501 2393 ac
530 2361 630 2403 quasi
668 2361 707 2393 oh
732 2360 857 2404 prodi-

143 2408 271 2440 tionem
293 2408 350 2440 ira
380 2408 513 2450 dicunt,
542 2414 688 2442 auctore
716 2408 857 2442 Grono-

143 2455 202 2488 vio
241 2456 386 2489 maiore.
451 2455 520 2489 Sed
547 2456 599 2490 illi
638 2458 853 2501 interpretes

142 2514 248 2536 unum
286 2509 384 2537 certe
420 2504 620 2547 exemplum
654 2506 763 2539 velim
800 2511 857 2539 at-

142 2551 328 2592 tulissent,
357 2562 426 2598 quo
454 2552 663 2596 probaretur
690 2554 759 2587 dici
787 2554 857 2588 La-

141 2601 216 2634 tine
241 2607 278 2634 ut
301 2601 510 2646 proditionis
534 2601 592 2634 ira
616 2602 773 2643 militum,
792 2613 854 2647 pro

143 2659 185 2682 eo
220 2649 315 2694 quod
345 2654 398 2683 est
423 2650 569 2684 militum
602 2650 661 2684 ira
693 2652 792 2695 quasi
817 2652 857 2684 ob

139 2698 391 2742 proditionem.-
420 2697 537 2732 allatis
558 2699 651 2733 enim
670 2700 856 2744 exemplis,

143 2746 255 2779 veluti
289 2758 414 2780 canum
441 2747 596 2781 adulatio
626 2748 855 2791 dominorum,

143 2796 268 2837 fratris
292 2796 432 2840 repulsa
457 2796 656 2830 consulatus
672 2823 681 2839 ,
726 2797 857 2830 simili-

144 2842 281 2887 busque
308 2843 396 2877 nihil
432 2844 631 2878 ostenditur
664 2846 733 2879 nisi
762 2845 857 2879 miti..

149 2895 217 2922 tum
242 2892 299 2923 ira
312 2892 520 2936 proditionis
546 2893 615 2927 dici
628 2893 752 2927 Latine
770 2904 858 2938 pos-

145 2947 196 2978 se,
223 2938 284 2971 sed
315 2940 486 2974 incertum
514 2948 645 2984 manet,
672 2953 753 2976 num
771 2954 857 2988 pro-

144 2984 286 3020 ditionis
309 2988 366 3021 ἱνα
389 2989 533 3023 militum
559 2990 682 3026 Latine
707 2991 857 3034 dicatur,

926 2067 1055 2102 nedum
1082 2074 1118 2103 ut
1142 2069 1353 2114 proditionis
1389 2069 1448 2103 ira
1485 2069 1644 2106 militum.

926 2116 1066 2150 Tacitus
1094 2118 1276 2162 genitivos
1316 2129 1360 2151 ex
1401 2117 1481 2152 aliis
1509 2119 1646 2163 geniti-

927 2166 981 2199 vis
1007 2176 1201 2210 suspensos
1234 2166 1395 2209 admisit,
1437 2171 1475 2200 ut
1504 2166 1566 2202 XII
1597 2168 1645 2204 26

928 2215 1129 2248 Britannici
1155 2217 1322 2260 fortunae
1347 2226 1501 2258 maeror,
1529 2216 1571 2250 H.
1595 2215 1644 2250 ΙΙΙ

928 2263 972 2297 75
1001 2264 1126 2301 civium
1161 2264 1344 2308 sanquinis
1373 2275 1544 2309 parcum,
1580 2265 1645 2300 sed

927 2311 1088 2355 duplices
1121 2313 1302 2357 genitivos
1345 2323 1390 2346 ex
1417 2312 1545 2347 eodem
1573 2323 1643 2348 no·-

926 2361 1020 2394 mine
1067 2360 1208 2395 diversa
1251 2362 1392 2395 ratione
1444 2361 1644 2406 pendentes

926 2408 1044 2442 nullos
1071 2408 1190 2444 habet.
1221 2409 1358 2452 Quibus
1385 2411 1574 2455 pensitatis
1599 2411 1644 2445 ad

926 2457 1099 2491 rationem
1131 2469 1150 2492 a
1178 2458 1299 2503 Lipsio
1325 2464 1642 2503 praemonstratam

926 2507 1059 2540 reverti
1090 2507 1199 2540 tutius
1234 2508 1350 2542 visum
1383 2512 1449 2543 est.
1505 2507 1642 2542 Nomen

926 2561 1106 2588 auctorem
1147 2567 1210 2600 per
1261 2555 1511 2600 compendium
1551 2557 1642 2592 dore*

926 2605 1094 2648 scriptum
1133 2609 1214 2639 ante
1253 2606 1452 2650 proximum
1490 2606 1550 2640 ira
1574 2604 1642 2640 ab-

926 2652 1062 2686 sorberi
1099 2653 1207 2687 facile
1242 2654 1370 2698 potuit.
1425 2654 1460 2689 Si
1497 2655 1644 2700 quisue

922 2701 1133 2757 proditionis
1157 2702 1312 2748 glossam
1342 2713 1442 2746 esse,
1483 2703 1520 2737 in
1545 2713 1642 2741 mar-

928 2751 1012 2794 gine
1039 2750 1210 2784 advcrsus
1237 2762 1364 2786 vocem
1392 2753 1452 2785 ira
1477 2752 1641 2796 positam,

927 2799 1132 2833 existimate
1158 2799 1267 2843 velit,
1294 2810 1363 2845 ego
1391 2810 1461 2833 non
1489 2810 1644 2846 sequar·

927 2857 1006 2879 nam
1034 2848 1127 2891 quod
1169 2850 1285 2882 statim
1325 2848 1504 2893 legimus,
1545 2844 1642 2882 nullo

928 2895 1051 2929 crimir
1056 2897 1083 2929 is
1100 2902 1317 2942 arqumento,
1340 2896 1376 2930 id
1397 2896 1467 2931 huc
1481 2895 1641 2942 respicit.

989 2955 1052 2976 ora
1079 2944 1170 2979 idem
1198 2944 1290 2990 quod
1311 2943 1451 2988 vultum,
1468 2951 1508 2979 ut
1531 2957 1561 2980 c.
1581 2946 1640 2988 31,

927 3002 997 3026 non
1012 2995 1148 3039 fctzcces,
1165 2998 1202 3033 ut
1216 2994 1304 3028 mire
1319 2993 1511 3039 Rupertius
1526 2994 1642 3029 inter-
