1768 3216
128 178 222 218 Lo.
247 182 308 219 69.
598 181 734 218 LIBER
759 182 821 217 111.
873 181 960 218 On.
987 179 1145 220 ''n-72.
1560 181 1634 221 ἴσθ’

135 303 226 351 tur,
253 297 394 353 ignem
424 300 547 342 tectis
579 303 890 355 oppugnatores
922 299 1168 353 iniecerint,
1212 311 1265 343 an
1293 300 1484 354 obsessi,
1535 313 1641 356 quae
1688 311 1693 348 l

134 373 328 416 crebrior
358 374 496 427 sama,
540 375 719 416 nitentes
759 387 809 416 ac
852 386 1105 429 progressos
1136 374 1382 429 depulerint.
1443 374 1546 419 Inde
1574 376 1642 419 la-
1686 308 1768 454 “Q

134 458 234 502 psus
274 447 385 503 ignis
427 448 470 489 in
508 449 694 503 porticus
742 448 953 502 adpositas
997 448 1204 509 aedibufls;
1250 461 1349 491 mox
1389 450 1640 493 sustinentes

79 535 82 538 ·
134 522 346 578 fastigium
378 523 542 577 aquilae
563 527 708 564 vetere
737 522 854 577 ligno
886 526 1100 564 traxerunt
1119 522 1325 565 flammam
1353 524 1639 579 alueruntque.

0 969 84 1115 ><

133 597 203 640 Sic
238 597 485 652 Capitolium
504 629 516 650 ‚
564 596 718 639 clausis
750 597 937 649 foribus,
987 597 1252 639 indefensum
1301 602 1343 639 et
1390 598 1672 653 indireptums

63 668 120 706 '72
134 671 422 727 conflagravit.

483 671 528 713 ld
553 672 712 714 facinus
742 676 838 726 post
866 671 1076 713 conditam
1108 672 1253 714 urbem
1283 672 1638 715 luctuosissimum

134 747 508 801 foedissimumque
538 748 601 789 rei
631 747 824 802 publicae
852 747 994 801 populi
1013 747 1189 789 Romani
1213 748 1383 800 accidit,
1415 748 1528 791 nullo
1558 762 1639 791 ex-

132 825 253 862 terno
285 821 436 874 hoste,
483 822 699 875 propitiis,
741 822 778 862 si
808 833 883 875 per
913 833 1053 863 mores
1102 825 1271 863 nostros
1301 822 1476 875 liceret,
1528 823 1634 877 deis,

131 895 276 938 sedem
306 895 417 937 Iovis
450 895 603 949 Optimi
632 895 801 936 Maximi
848 895 1062 948 auspicato
1106 908 1130 937 a
1177 895 1437 949 maioribus,
1483 897 1636 952 pignus

132 969 328 1024 imperii,
379 969 588 1011 conditam
608 1000 619 1022 ,
673 981 796 1024 quam
828 981 913 1011 non
942 970 1157 1012 Porsenna
1190 969 1330 1035 dedita
1361 971 1476 1029 urbe
1498 981 1692 1026 nequem

130 1040 240 1086 Galli
270 1048 391 1098 capta
436 1048 641 1086 temerare
680 1044 942 1098 potuissent,
993 1044 1137 1086 surore
1177 1044 1409 1098 principum
1454 1046 1637 1088 excindi.

130 1118 308 1161 Arserat
339 1123 382 1159 et
412 1122 507 1160 ante
539 1118 784 1172 Capitolium
818 1118 932 1160 civili
960 1118 1097 1171 bello,
1139 1118 1215 1160 sed
1263 1119 1411 1161 fraude
1453 1121 1638 1174 privata:

130 1206 241 1236 nunc
261 1193 397 1248 palam
417 1193 650 1247 obsessum,
682 1193 817 1248 palam
848 1195 1079 1247 incensum,
1113 1194 1260 1248 quibus
1291 1207 1503 1238 armorum
1535 1208 1640 1238 cau-

272 1372 303 1405 1.
338 1371 414 1417 obp.
451 1370 517 1405 Ma.
604 1373 639 1406 2.
674 1373 794 1416 fania,
831 1371 981 1405 nitentes
1019 1370 1275 1405 Doederlinius
1302 1376 1338 1406 et
1365 1371 1543 1406 Orellius:
1585 1371 1641 1406 Ma

129 1420 229 1465 fannii
255 1420 423 1461 nitentes,
452 1419 479 1453 G
507 1425 542 1454 et
567 1419 670 1453 Bodl.
710 1422 811 1465 fania
837 1426 907 1463 est,
934 1431 998 1464 quo
1026 1421 1186 1454 nitentes.
1301 1420 1500 1466 depulerint
1523 1419 1641 1455 BGMa

131 1473 168 1503 et
193 1468 279 1502 alii:
309 1467 524 1514 depellerent
549 1467 653 1502 Bodl.
681 1474 717 1503 et
742 1468 972 1503 Puteolanus.
1071 1470 1106 1504 3.
1143 1469 1223 1514 adp.
1251 1467 1324 1502 Ma:
1359 1480 1439 1515 app.
1470 1468 1510 1503 G.
1601 1473 1637 1504 4.

129 1522 266 1551 vertere
295 1516 370 1551 Ma:
397 1516 425 1551 G
449 1522 579 1552 uetere.
706 1523 831 1552 trascen-
856 1539 902 1545 -—
929 1518 1097 1561 aliterque
1125 1528 1205 1551 cum
1228 1516 1374 1551 lineolis
1400 1528 1510 1562 super
1535 1516 1638 1551 litte-

129 1575 189 1600 ras
213 1577 234 1599 r
259 1565 326 1601 Ma.
402 1566 436 1601 7.
461 1566 556 1611 saed.
585 1565 649 1599 Ma.
739 1566 842 1612 rei.p.
870 1565 935 1601 Ma.
1023 1565 1058 1600 9.
1100 1565 1232 1612 optimu‘
1272 1564 1348 1600 Ma:
1389 1565 1417 1600 G
1455 1565 1638 1606 ΟΡΤΙΜΙ,

135 1740 228 1777 quae
254 1730 292 1763 in
318 1728 424 1773 plano
450 1729 518 1762 sita
542 1727 658 1762 solum
685 1726 853 1772 Capitolii
920 1727 1030 1761 vimus
1058 1728 1196 1772 spirare
1221 1728 1353 1774 pergit.-
1422 1726 1490 1761 Ubi
1516 1726 1643 1761 scribit

137 1777 350 1824 aequabantz

208 1828 248 1860 in
269 1826 427 1872 porticus
469 1826 648 1871 adpositas
682 1824 825 1859 aedibus
841 1836 853 1857 .-

92 1860 97 1864 .
137 1875 205 1910 hae
230 1875 335 1909 aedes
369 1884 442 1908 non
483 1878 565 1908 sunt
593 1873 757 1918 aedificia
782 1872 854 1906 Ca-

135 1924 262 1968 pitolio
289 1924 492 1966 coniuncta,
520 1922 584 1957 sed
608 1922 713 1956 sedes
744 1921 853 1964 lovis,

133 1973 294 2015 lunonis,
322 1972 516 2006 Minervae.
546 1971 637 2013 Quia
660 1971 763 2015 plura
788 1981 854 2004 ae-

133 2020 252 2055 dificia
277 2022 475 2056 universim
501 2020 739 2062 denotantur,
781 2029 853 2052 non

133 2080 243 2104 unum
268 2069 415 2115 aliquod
447 2069 639 2113 templum,
680 2072 781 2103 recte
809 2067 853 2101 de

134 2118 278 2152 aedibus
301 2117 461 2163 loquitur
486 2117 546 2151 hic
564 2121 698 2161 noster,
726 2127 854 2162 quam-

135 2176 239 2212 quam
252 2177 335 2200 mox
347 2170 397 2212 (c.
411 2167 455 2201 72
467 2170 578 2213 extr.)
590 2167 710 2200 aedem
720 2165 851 2210 posuit,

135 2215 298 2261 cogitans
332 2215 377 2249 de
414 2215 547 2259 templo
586 2215 683 2249 Iovis
726 2215 852 2258 optimi

136 2263 294 2296 maximi.
321 2262 377 2296 cf.
395 2268 515 2296 annot.
539 2263 583 2296 ad
609 2263 641 2296 11
666 2263 726 2305 49,
754 2267 790 2296 et
809 2263 851 2296 H.

135 2310 183 2345 IV
210 2311 284 2345 53:
312 2310 457 2344 altitudo
484 2311 626 2344 aedibus
654 2311 804 2345 adiecta.

221 2359 428 2393 sustinentes
465 2360 644 2404 sastiyium
688 2358 852 2403 aquilae:

136 2406 275 2452 aquilas
305 2407 474 2452 (αέτοὺς,
503 2408 676 2456 α’έῐωμα)
712 2407 854 2441 intelli-

136 2465 200 2502 gas
226 2457 325 2501 tigna
355 2456 485 2491 molem
513 2457 651 2502 fastigii
681 2456 740 2490 vel
768 2456 853 2490 tecti

135 2505 311 2550 fastigiati
347 2506 560 2539 sustinentia
606 2505 677 2549 (die
713 2504 854 2538 Giebel-

137 2552 300 2597 Balken).
355 2553 408 2587 Ne
451 2553 495 2587 de
535 2553 665 2598 aquilis
701 2553 854 2587 naturali

136 2601 250 2634 forma
284 2606 318 2634 et
353 2611 463 2645 opere
505 2601 651 2635 artificis
689 2603 854 2646 apposito

138 2650 174 2682 in
211 2653 307 2682 tecto
344 2649 509 2695 legentes
546 2651 768 2695 cogitarent,
818 2655 855 2682 nt

138 2695 226 2730 fecit
250 2695 415 2742 Bottiger
446 2697 650 2742 (Amalthea
675 2697 689 2731 l
718 2709 750 2742 p.
780 2699 853 2744 73),

137 2749 299 2778 narrator
326 2746 480 2789 providit
514 2746 624 2779 verbo
651 2747 856 2780 sustinentes

137 2794 327 2839 sastiyimn.

214 2841 301 2885 Cap.
329 2843 386 2876 72.
412 2843 450 2875 id
474 2842 641 2886 facinus.-
673 2843 738 2876 viri
767 2853 852 2888 gra-

139 2890 194 2923 vis
221 2890 428 2936 indignatio,
446 2890 566 2924 valide
594 2892 789 2935 prorumpit
817 2897 852 2924 ct

139 2947 251 2983 usque
286 2938 331 2973 ad
364 2939 473 2974 verba
502 2950 568 2985 pro
592 2940 715 2985 patria
740 2938 851 2974 bella-

922 1782 1064 1811 arserat
1101 1782 1133 1811 et
1169 1782 1251 1810 ante
1288 1775 1499 1822 Capitolium
1540 1786 1642 1821 sqq.,

921 1825 1078 1859 nondum
1121 1825 1228 1859 rediit
1270 1824 1316 1859 ad
1348 1824 1510 1859 ordinem
1541 1829 1641 1858 tran-

922 1873 1057 1918 quillae
1082 1873 1312 1916 narrationis,
1339 1872 1403 1907 sed
1429 1883 1472 1907 eo
1500 1872 1642 1907 demum

921 1923 1088 1966 pervenit
1113 1922 1197 1956 inde
1223 1933 1243 1956 a
1267 1927 1412 1956 voverat
1434 1922 1643 1967 Tarquinius

923 1975 1011 2004 cet.'
1038 1970 1131 2005 Olim
1166 1980 1239 2004 non
1266 1970 1360 2005 bene
1384 1971 1564 2016 nimisque
1592 1969 1642 2004 li-

921 2018 1008 2053 bere
1035 2018 1079 2053 de
1107 2020 1177 2053 hoc
1204 2019 1284 2053 loco
1315 2019 1519 2063 disputavi,
1547 2028 1643 2052 nunc

920 2073 1122 2113 opportune
1150 2073 1388 2103 correcturus.

990 2117 1154 2163 propitiis
1170 2143 1179 2159 ,
1218 2118 1250 2151 si
1271 2129 1339 2163 per
1363 2128 1478 2150 mores
1502 2122 1641 2150 nostros

921 2165 1055 2209 liceret,
1083 2165 1184 2199 deis.-
1211 2176 1246 2200 v.
1275 2170 1397 2199 annot.
1425 2164 1469 2199 ad
1484 2165 1527 2198 Η.
1560 2164 1576 2198 Ῑ
1602 2166 1637 2200 3.

994 2214 1111 2248 dedita
1134 2214 1243 2248 urbe.-
1277 2214 1402 2248 urbem
1427 2213 1576 2247 Romam
1602 2224 1641 2247 re
1695 2230 1706 2244 ι

921 2273 1007 2296 vera
1032 2262 1155 2296 Tuscis
1183 2262 1338 2296 deditam
1366 2272 1446 2296 esse
1474 2272 1518 2295 ex
1534 2263 1641 2295 testi-

921 2311 1050 2344 moniis
1089 2316 1252 2346 veterum
1285 2311 1499 2354 scriptorum
1536 2314 1642 2344 acute

922 2358 1112 2402 explicatis
1148 2358 1305 2393 ostendit
1347 2358 1566 2393 Niebuhrius
1604 2359 1641 2392 in

921 2407 1010 2441 Hist.
1041 2408 1142 2442 Rom.
1171 2408 1185 2442 1
1212 2407 1454 2452 p.606—609
1481 2406 1536 2441 ed.
1558 2412 1640 2441 tert.

921 2456 1013 2490 Male
1028 2456 1193 2491 nonnulli
1213 2456 1371 2490 editores
1380 2455 1540 2489 Tacitum
1557 2466 1642 2490 ora-

921 2505 1026 2547 torie,
1055 2516 1126 2539 non
1154 2505 1346 2547 historice,
1372 2504 1531 2538 locutum
1561 2515 1641 2538 esse

921 2554 1123 2598 opinantur.
1179 2554 1230 2588 Ad
1253 2555 1306 2587 rei
1337 2555 1528 2587 veritatem
1555 2564 1642 2598 pro-

922 2602 1104 2637 ferendam
1134 2607 1167 2636 et
1195 2602 1459 2647 approbandam
1477 2601 1641 2634 Niebuh-

903 2651 995 2684 ·rius
1010 2662 1094 2685 usus
1108 2657 1162 2686 est
1172 2651 1288 2685 Plinio
1303 2650 1446 2684 xxxw
1459 2649 1520 2691 39,
1538 2649 1641 2683 Plut-

922 2699 1021 2733 archi
1041 2700 1186 2742 Quaest.
1207 2700 1308 2733 Rom.
1331 2709 1367 2742 p.
1382 2698 1451 2733 267
1475 2709 1507 2731 e.
1542 2696 1642 2731 Prior

923 2748 1062 2781 refert:
1107 2749 1145 2781 in
1184 2748 1326 2792 foedere
1368 2746 1458 2790 quod
1491 2746 1642 2792 expulsis

923 2796 1062 2839 reyibus
1084 2795 1212 2841 populo
1240 2797 1400 2829 Romano
1431 2794 1525 2828 dedit
1551 2794 1642 2828 Por-

921 2855 1057 2885 senna,
1101 2845 1308 2877 nominatim
1357 2842 1642 2888 comprehensum

924 2893 1135 2933 invertimus,
1174 2903 1217 2924 ne
1251 2894 1350 2937 ferro
1385 2892 1456 2926 nisi
1489 2892 1527 2926 in
1561 2893 1641 2938 aqri

923 2939 1017 2974 cultu
1039 2945 1232 2974 uterentur.
