1768 3216
735 242 823 279 Car.
849 244 896 279 35
906 243 1008 280 -36.
1558 242 1631 279 1³⁸

135 364 324 404 tavei-um
356 360 551 402 cohortes
582 372 632 402 ac
661 361 920 415 Tungrorum
954 359 1057 401 duas
1085 359 1327 402 cohortatus
1356 363 1435 413 est,
1465 362 1510 401 ut
1537 371 1625 403 rem

135 435 187 478 ad
216 415 440 478 mucro‘nes
470 448 520 477 ac
550 447 694 478 manus
726 434 1001 485 adducerent3
1047 435 1157 489 quod
1199 439 1239 476 et
1279 434 1381 489 ipsis
1418 437 1626 476 vetustate

136 509 307 552 militiae
337 510 609 553 exercitatum
641 514 682 551 et
708 509 899 551 hostibus
930 508 1126 562 inhabile,
1157 522 1285 564 parva
1304 512 1422 551 scuta
1441 512 1482 550 et
1498 519 1637 551 tenor-1

134 586 225 628 mes*
261 584 427 640 gladios
468 585 724 639 gerentibus.
796 585 897 627 Nam
927 584 1216 626 Britannorum
1255 583 1386 639 gladii
1417 584 1508 627 sine
1537 597 1636 627 inu-s

134 671 265 703 crone
295 659 553 714 complexum
586 671 795 702 armorum
827 663 870 700 et
890 660 932 701 in
953 663 1044 702 arto
1072 671 1253 714 pugnam
1283 670 1368 701 non
1385 659 1633 702 tolerabant.
1648 671 1669 703 s

133 733 264 800 igitur
291 738 336 776 ut
364 734 508 798 Batavi
538 734 718 776 miscere
749 735 869 786 ictus,
905 734 1032 776 ferire
1063 734 1327 786 umbonibus,
1360 746 1436 776 ora
1470 734 1633 788 fodere,

86 843 89 845 .
132 812 174 851 et
202 809 342 851 stratis
374 809 443 863 qui
474 809 517 850 in
547 821 681 863 aequo
726 809 991 862 adstiterant,
1046 810 1214 865 erigere
1252 809 1295 850 in
1333 808 1465 852 colles
1495 810 1631 853 aciem

132 895 341 938 coepere,
374 886 558 925 ceterae
597 883 794 944 cohortes
829 884 1107 926 aemulatione
1149 888 1191 926 et
1229 885 1382 938 impetu
1417 885 1628 928 connixae

128 957 343 1013 proximos
370 969 558 1012 quosque
589 957 795 1000 caedere:
828 971 878 1000 ac
907 958 1094 1012 plerique
1125 958 1361 1000 semineces
1389 963 1459 1001 aut
1476 958 1630 1014 integri

129 1032 628 1076 festinatione-victoriae
656 1032 1011 1087 relinquebantur.
1060 1034 1230 1076 Interim
1261 1034 1443 1088 equitum
1473 1038 1636 1078 turmae
1658 1047 1698 1077 ιο

228 1169 263 1203 2.
291 1173 334 1212 et,
359 1167 424 1203 sed
449 1172 582 1213 puncto
611 1170 797 1213 supposito
827 1173 987 1203 notatum
1019 1173 1055 1203 et
1079 1179 1256 1213 superscr.
1285 1180 1340 1211 ac,
1367 1172 1407 1205 Γ.
1511 1170 1544 1204 5.
1572 1181 1637 1205 ar-

130 1228 267 1252 marum
292 1220 332 1264 (a
360 1216 589 1251 subnotatum
614 1222 649 1251 et
673 1228 850 1264 superscr.
879 1220 913 1263 o)
931 1220 969 1252 Γ.
1052 1223 1173 1263 aperto
1199 1220 1231 1255 Γ
1228 1220 1285 1254 A:
1312 1224 1391 1253 arto
1417 1218 1473 1252 Fr.
1491 1218 1638 1254 de’Me..

132 1266 214 1300 dici.
329 1265 364 1300 6.
391 1266 480 1299 ictus
503 1267 615 1311 ferire
642 1267 731 1300 ictus
760 1265 873 1300 altero
898 1266 987 1301 ictus
1012 1266 1155 1310 punctis
1181 1266 1323 1301 subnot.
1350 1269 1389 1303 Γ.
1501 1268 1637 1311 fodere,

133 1317 181 1362 et]
208 1313 355 1360 foedare
381 1319 413 1348 et
440 1316 503 1350 ΓΔ
527 1319 562 1348 et
587 1313 824 1349 Puteolanus:
858 1314 959 1359 foede
985 1315 1074 1348 recti
1109 1315 1143 1348 in
1178 1315 1340 1360 margine
1367 1317 1406 1349 Γ.
1483 1315 1516 1348 7.
1536 1317 1638 1350 tratis

133 1365 216 1406 ΓΔ,
249 1361 373 1396 traces
398 1362 459 1396 vel
486 1364 611 1397 traces'
638 1373 710 1409 mg.
739 1365 789 1406 Γ,
824 1363 947 1397 tractis
973 1361 1210 1397 Puteolanus:
1255 1363 1411 1397 correxit
1435 1361 1634 1398 Ernestius.

132 1411 341 1446 adstiterunt
368 1412 443 1447 rA:
473 1411 678 1447 obstiterant
704 1411 933 1446 Puteolanus.
1039 1411 1075 1446 8.
1107 1411 1273 1446 connisae
1299 1413 1356 1448 A:
1389 1412 1569 1446 connistae
1595 1414 1635 1456 Γ,

131 1459 298 1497 co'mn’stae
324 1458 556 1496 Puteolanus.

131 1577 273 1621 coepit,
312 1576 376 1610 sed
412 1578 501 1611 vitio
542 1577 789 1612 animadverso
824 1589 847 1623 p
912 1579 1012 1612 ictus.
1040 1577 1187 1611 Scilicet
1204 1576 1329 1610 Batavi
1357 1576 1386 1609 si
1414 1575 1527 1610 hostis
1545 1586 1638 1620 pau-

131 1625 267 1660 lineola
282 1626 469 1668 transfixit,
495 1636 626 1670 operae
643 1631 758 1660 autem
785 1626 847 1660 lit-
913 1626 985 1660 lum
1013 1626 1167 1667 abesset,
1195 1626 1289 1659 ictus
1309 1624 1520 1667 miscebant,
1548 1635 1637 1669 pro..

130 1679 240 1709 teram
268 1672 421 1707 deletam
448 1680 676 1719 receperunt.
736 1675 847 1708 Paulo
916 1675 995 1718 pius
1022 1675 1206 1720 suggressi
1234 1683 1404 1707 mucrone
1434 1673 1635 1719 gladiorum

130 1723 236 1757 aliter
262 1722 411 1756 wexius
445 1724 482 1756 in
522 1727 784 1769 programmate
811 1734 845 1767 p.
914 1733 976 1756 ora
991 1723 1210 1768 pungebant.
1227 1722 1319 1756 Hinc
1338 1721 1555 1767 intelligitur
1568 1732 1635 1756 ve..

133 1772 202 1807 10:
225 1770 358 1804 ‘scriba
384 1770 448 1808 ille
463 1797 473 1814 ,
514 1772 572 1805 cui
603 1771 848 1805 obversaban-
913 1781 989 1804 rum
1017 1782 1096 1805 esse
1116 1771 1249 1816 sedere,
1267 1778 1338 1804 non
1356 1770 1524 1814 foedare.-
1553 1781 1635 1804 uam

130 1824 186 1853 tur
230 1819 421 1862 Patavini,
474 1820 590 1854 voluit
638 1826 848 1866 palaeorum
916 1821 1022 1853 etiam
1063 1821 1136 1853 ictu
1174 1819 1312 1853 foedari
1351 1829 1414 1852 ora
1451 1823 1633 1863 possunt:

129 1867 309 1909 scribere,
343 1867 481 1902 delevit
521 1873 640 1902 autem
676 1869 846 1913 scriptum

129 1917 198 1950 iam
222 1928 244 1962 p
275 1916 428 1962 virgula.
488 1917 682 1961 Propterea
707 1918 744 1950 in
769 1931 797 1953 π
828 1919 845 1951 1

130 1974 338 2009 expressum
375 1969 430 1998 est
452 1976 502 2011 p,
536 1965 619 1999 inde
655 1977 682 1999 π
710 1967 734 2000 2
770 1979 798 2001 π
824 1967 847 2001 3

129 2013 263 2048 habent
288 2012 363 2058 per'
401 2016 447 2058 (π
472 2016 495 2048 2
528 2013 638 2048 habet
672 2023 847 2058 compen..

130 2062 229 2096 dium
258 2065 333 2108 gv),
367 2060 478 2096 ‘uude
517 2061 710 2096 Rhenanus
745 2063 847 2096 finxit

127 2110 222 2145 tres'.

210 2181 248 2214 in
274 2185 354 2214 arto
380 2192 554 2227 pugnam.-
596 2181 710 2216 forma
744 2182 846 2216 codi-

131 2239 209 2263 cum
235 2233 356 2275 aperto
393 2240 437 2263 ex
477 2229 624 2277 antiqua
658 2232 845 2275 scriptura,

128 2278 165 2310 in
193 2287 262 2322 qua
281 2275 306 2309 P
334 2277 413 2311 etR
438 2287 546 2322 saepe
577 2283 612 2311 et
638 2278 747 2312 facile
766 2289 847 2312 mu-

128 2329 272 2367 tantur,
300 2329 378 2358 orta
412 2329 489 2358 est:
522 2326 702 2359 recentior
730 2327 847 2359 scriba

126 2372 243 2407 APTO
279 2382 324 2406 ex
349 2373 469 2407 Amo
503 2373 636 2407 leviter
668 2372 846 2407 detortum

127 2421 251 2457 valere
276 2427 362 2469 apto
389 2422 557 2466 opinatus
587 2421 685 2456 dedit
709 2427 844 2468 aperto.

129 2470 246 2517 Magni
260 2469 512 2504 Britannorum
540 2470 651 2516 gladii
678 2470 722 2503 ad
738 2471 847 2504 ictum

130 2523 166 2553 et
191 2519 235 2553 ad
262 2518 476 2553 excutienda
503 2517 576 2552 tela
603 2518 762 2561 habiles,
804 2518 847 2552 ad

128 2566 358 2613 pungendum
397 2577 469 2600 non
510 2569 613 2611 apti,
651 2567 686 2600 in
724 2572 846 2612 aperto

128 2626 284 2661 pugnam
312 2615 405 2649 bene
431 2615 669 2656 sustinebant,
702 2620 740 2648 ut
767 2624 847 2648 mo-

129 2664 173 2696 do
201 2662 375 2708 legimuS,
408 2663 471 2696 sed
498 2665 533 2696 in
563 2662 752 2706 complexu
783 2673 843 2696 ar-

127 2720 263 2745 morum
300 2715 336 2744 et
369 2711 404 2744 in
435 2716 513 2744 areo
541 2710 583 2744 ad
612 2711 719 2744 ictum
747 2709 844 2744 infe..

128 2758 274 2792 rendum
303 2758 426 2792 deerat
451 2759 604 2803 spatium
622 2785 631 2802 ,
678 2758 721 2792 ad
747 2758 845 2793 fodi-

130 2807 258 2841 endum
283 2809 362 2842 sive
390 2806 619 2853 pungendum
652 2817 774 2841 mucro
810 2811 845 2841 et

130 2854 290 2890 aculeus.

249 2935 316 2959 ora
357 2925 504 2970 fodere.-
561 2925 631 2960 hoc
669 2928 846 2961 eontrari-

129 2984 189 3013 um
224 2978 280 3011 cst
302 2974 466 3021 proxime
497 2974 673 3021 superiori
700 2976 846 3011 miscere

915 1867 1100 1902 fodiuntur
1141 1877 1311 1902 mucrone
1355 1871 1391 1901 et
1426 1867 1634 1913 pungendo.

915 1915 968 1950 Cf.
997 1915 1027 1950 11
1055 1917 1120 1952 21:
1163 1917 1262 1951 miles
1300 1937 1345 1942 ——-
1385 1916 1474 1949 latos
1500 1915 1633 1950 barba-

917 1976 1038 1998 rorum
1051 1970 1163 2007 artus,
1190 1965 1287 2000 nuda
1313 1975 1380 1999 ora
1409 1963 1543 2011 (galeis
1560 1974 1632 1999 non

914 2016 1025 2059 tecta)
1052 2013 1199 2058 foderet.

969 2086 1090 2120 stratis
1116 2085 1174 2130 qui
1198 2085 1236 2118 in
1262 2095 1371 2131 aequo
1398 2084 1630 2118 adstiterunt:

914 2134 959 2168 cf.
988 2138 1109 2168 annot.
1137 2133 1182 2167 ad
1208 2132 1277 2167 hoc
1304 2144 1386 2180 cap.v
1410 2134 1534 2178 prima.

973 2204 1208 2240 aemulatione
1243 2210 1274 2239 et
1299 2205 1428 2249 impetu
1456 2204 1634 2238 cenni-vae

913 2254 990 2298 (mit
1013 2263 1128 2288 noran
1153 2252 1330 2298 strebend)
1346 2263 1357 2285 .·
1387 2255 1486 2286 recte
1509 2261 1548 2285 se
1566 2251 1633 2286 ba..

912 2301 973 2334 bet
998 2300 1161 2335 codicum
1187 2301 1364 2344 scriptura
1384 2325 1393 2341 ,
1422 2304 1458 2332 et
1486 2298 1634 2343 repudi-

913 2348 1042 2382 andum
1081 2352 1135 2381 est
1175 2348 1301 2382 vitium
1336 2347 1524 2381 Puteolani
1565 2346 1632 2382 06-

911 2397 1036 2430 mistae
1045 2408 1058 2440 ‚·
1090 2395 1136 2431 cf.
1164 2395 1205 2429 fl.
1232 2395 1277 2431 lv
1304 2396 1370 2431 53:
1396 2395 1499 2429 simut
1525 2395 1635 2430 ceteri

912 2445 1137 2490 mayistratus
1163 2449 1196 2480 et
1231 2443 1432 2478 sacerdotes
1467 2449 1499 2478 et
1523 2454 1632 2479 sena..

913 2498 965 2526 tus
991 2498 1022 2526 et
1048 2503 1149 2538 eques
1175 2498 1206 2526 et
1229 2503 1361 2538 magna
1381 2503 1469 2538 pars
1492 2492 1628 2538 populi,

912 2540 1024 2575 studio
1063 2540 1266 2586 laetitiaque
1305 2541 1471 2583 connixi,
1509 2551 1634 2575 saa-um

913 2590 1037 2634 inqens
1065 2595 1221 2625 tra-vere.
1259 2588 1421 2625 Formam
1451 2588 1630 2630 connisa,

914 2648 1005 2683 quae
1031 2637 1165 2683 legitur
1202 2639 1237 2671 in
1278 2637 1369 2672 libro
1395 2639 1428 2671 Δ
1452 2641 1487 2670 et
1514 2636 1632 2670 levius

915 2690 1079 2730 corrupta
1106 2691 1160 2720 est
1186 2687 1222 2719 in
1250 2688 1288 2727 Γ,
1315 2685 1358 2718 ad
1380 2684 1631 2718 auctoritatem

915 2733 1050 2769 codicia
1090 2733 1242 2769 Medicei
1285 2733 1516 2766 Historiarum
1560 2732 1630 2765 im-

914 2783 1061 2816 mutavi.

988 2830 1129 2864 interim
1158 2830 1306 2873 equitum
1329 2834 1463 2863 turmae
1498 2849 1542 2856 ·-
1564 2840 1631 2874 pe-

918 2878 1024 2912 ditam
1061 2890 1098 2912 se
1122 2877 1258 2924 proelio
1287 2877 1457 2911 miscuere
1474 2887 1485 2909 .·
1531 2876 1632 2922 loqui

916 2926 1034 2972 pergit
1059 2925 1104 2961 de
1131 2926 1270 2961 victore
1295 2925 1469 2967 exercitu,
1498 2929 1536 2960 ut
1562 2935 1630 2969 pe..

914 2974 993 3010 ritis
1033 2984 1077 3010 ex
1116 2974 1261 3013 nomine
1301 2979 1493 3010 turmarum
1533 2972 1630 3020 nude
