1768 3216
125 222 199 286 8⁶73

63 377 67 380 ,
123 340 218 376 ultro
239 341 263 375 i.
286 351 317 375 e.
343 340 433 374 a'deo
458 338 572 386 (noch
600 338 710 387 dazu)
737 340 760 376 3
785 340 844 376 66.
895 317 903 323 >

175 402 202 434 Η
234 402 250 434 1
281 401 338 435 71.

126 451 290 495 Ummidii
321 459 493 502 Quadrati
530 470 749 504 praenomen
784 471 856 494 non

173 520 284 563 Titus,
311 520 374 554 sed
402 521 508 555 Gaius
539 521 582 555 12
607 520 667 556 45.

124 581 323 615 unciarium
350 580 454 614 fenus
483 580 506 616 6
541 580 595 615 16.

125 641 409 675 unetvicesimae
436 641 599 687 genitivo
638 651 745 685 casu,
782 651 854 675 non

171 701 479 735 unaetvicesimae
510 702 538 736 H
566 701 584 747 1,
615 701 674 736 67.

126 760 296 807 Unsingis
346 761 460 794 amnis
502 761 646 797 sinistra
681 762 853 797 emenda-

175 821 276 855 tione
306 821 342 854 in
368 820 526 855 Tacitum
555 813 720 857 invectus
752 824 767 858 1
797 823 854 859 70.

131 882 267 916 urbana
292 881 419 915 militia
446 882 474 916 11
506 883 522 915 1
550 883 609 918 20.

128 941 298 975 Urbiniae
327 940 478 975 heredes
507 941 535 976 Ο
564 941 623 976 38.

124 1000 222 1035 urbis
255 1000 409 1044 casibus,
437 1011 508 1034 non
539 1001 689 1035 turbidis
717 1011 788 1036 eas,
812 1001 855 1037 16

174 1060 230 1095 13.
308 1097 323 1104 ,
461 1098 475 1109 ,1

125 1119 208 1154 urbs
236 1119 330 1154 idem
358 1120 452 1166 quod
479 1125 586 1165 caput
619 1122 645 1155 ll
673 1122 695 1155 2
730 1124 758 1154 1.

124 1179 320 1226 urgebatur
358 1179 476 1214 Labeo
515 1181 702 1215 criminum
739 1181 847 1224 mole,

172 1250 243 1274 non
271 1240 490 1286 arguebatur
515 1240 536 1275 6
564 1240 620 1275 29.

126 1299 328 1344 Usipiorum
351 1300 457 1334 sedes
485 1305 521 1334 et
548 1300 701 1334 nominis
729 1300 852 1335 variae

175 1360 313 1395 formae
343 1359 370 1394 G
396 1361 455 1395 32.
494 1361 622 1395 cohors
653 1361 856 1395 circumna-

175 1421 305 1467 vigans
330 1419 551 1455 Britanniam
579 1421 610 1455 A
635 1420 694 1456 28.

125 1485 163 1514 ut
190 1481 226 1515 vi
255 1479 475 1525 explicativa
517 1481 557 1514 11
586 1480 645 1523 29,
683 1480 707 1515 4
730 1480 788 1515 62.
829 1479 857 1514 G

172 1541 231 1576 30.
284 1540 401 1575 differt
441 1551 461 1574 a
495 1545 672 1586 tamquam
708 1539 737 1573 H
780 1542 794 1573 l
834 1541 853 1574 7

174 1605 210 1634 et
235 1600 269 1634 8.
312 1605 393 1645 post
420 1600 531 1635 verba
554 1602 670 1634 visum
705 1605 740 1634 ct
771 1597 857 1646 pla-

175 1663 282 1696 citum
313 1664 406 1709 (est)
427 1662 455 1696 H
478 1661 500 1695 3
534 1662 588 1697 13.
619 1660 853 1705 explicationi

175 1723 288 1756 servit
328 1723 351 1757 3
388 1722 421 1756 9.
468 1723 562 1755 inter
589 1722 858 1755 consecutivam

175 1787 210 1817 et
225 1782 481 1827 explicativam
495 1783 566 1815 vim
583 1781 751 1827 ambigua
766 1791 859 1827 pen-

176 1842 236 1876 det
266 1842 288 1877 4
314 1843 374 1877 38.

128 1902 299 1937 utensilia
326 1902 359 1937 h.
389 1913 420 1937 e.
452 1913 544 1948 qnae
586 1902 666 1935 usui
705 1906 787 1935 sunt
813 1901 856 1935 ad

174 1963 284 1996 vitam
310 1962 579 1997 sustentandam
611 1962 627 1994 1
658 1961 714 1996 70.
744 1962 773 1995 A
795 1961 853 1996 28.

127 2027 278 2066 uterque
323 2032 401 2055 cum
450 2021 655 2066 praedicato
702 2030 851 2054 numero

175 2080 414 2113 multitudinis
437 2081 502 2116 112
521 2081 577 2115 97.
606 2081 749 2125 utrique
768 2080 851 2124 plu-

174 2139 240 2174 rali
283 2150 429 2173 numero
471 2139 514 2172 de
557 2139 695 2173 duobus
731 2141 753 2174 2
791 2139 849 2181 48,

179 2201 220 2233 11
253 2201 282 2233 1.

128 2260 263 2293 utinam
291 2258 391 2292 nulla
427 2263 527 2303 parte
567 2259 724 2292 imitatus
759 2262 854 2293 esset

178 2319 205 2353 Ο
237 2320 291 2354 18.

130 2379 308 2413 utilitates
335 2379 435 2413 alunt
464 2384 669 2423 corruptum
705 2385 784 2422 est,
823 2385 859 2414 et

179 2439 373 2486 legendum
389 2439 546 2474 utilitate
567 2450 629 2474 eos
656 2440 755 2474 alunt
771 2439 798 2475 Ο
819 2440 854 2477 9.

129 2502 180 2535 uti
207 2501 424 2534 necessitate
456 2500 497 2535 16
527 2501 582 2534 11.

129 2566 168 2595 ut
200 2560 366 2605 plerique
413 2560 588 2593 tradidere
635 2561 679 2593 de
721 2569 852 2593 conse-

178 2620 369 2665 quentibus
400 2620 440 2654 15
469 2619 524 2653 54.

129 2686 167 2715 ut
196 2681 408 2725 proditionis
447 2684 629 2714 auctorem
671 2682 720 2714 ira
760 2681 859 2713 mili-

179 2746 251 2774 tum
295 2742 331 2774 in
376 2741 595 2785 Tamphilum
641 2740 848 2775 Flavianum

177 2801 341 2835 incubuit
366 2800 571 2846 suppletum
602 2803 627 2836 ll
655 2803 677 2836 3
708 2802 762 2836 10.

131 2865 168 2893 ut
195 2866 294 2905 puto,
325 2865 364 2894 ut
390 2862 517 2905 opinor
542 2861 570 2895 Ο
602 2862 656 2895 17.

130 2924 169 2976 ut
224 2921 285 2965 qui
336 2921 513 2955 contraria
570 2920 858 2956 adseverantium

868 0 905 16 1⁷.*
924 16 928 22 ,
1571 0 1577 28 ᾖ
1685 6 1701 24 (ι

1580 0 1692 97 ’33

1423 122 1462 158 Αἴξ,
1488 134 1490 137 “

805 221 948 260 INDEX

1611 134 1671 205 ἐκ

945 339 1124 377 discordia
1175 340 1356 377 frueretur
1401 335 1547 387 emend.
1584 345 1651 397 1ss
1630 352 1731 466 ‘²⁴2‘

960 401 1015 436 16
1576 430 1580 435 ,
1731 437 1734 438 ⁷

908 465 1018 507 utque.
1044 472 1108 507 pro
1133 466 1242 510 atque
1269 467 1309 497 ut
1335 462 1363 507 Ο
1389 463 1447 500 34.
1683 470 1700 493 9
1730 447 1739 466 ἶ

901 581 1110 616 vacationes
1146 592 1332 618 munerum
1366 583 1574 621 militarium
1610 587 1630 620 1
1679 564 1701 599 ’ζ’

958 643 1013 676 17.
1042 642 1070 676 Η
1102 644 1117 675 1
1145 641 1205 677 46.
1477 660 1553 711 ,Ψ
1705 697 1711 702 .

901 712 1053 736 vacuum
1081 701 1149 736 fuit
1174 702 1203 736 H
1232 703 1255 737 2
1283 702 1344 738 38.
1397 707 1535 742 vacuus
1562 714 1653 753 pro..

952 772 1100 796 securus
1126 763 1158 796 A
1183 763 1242 798 37.
1271 763 1364 798 idem
1381 763 1630 810 quodminus
1672 759 1674 762 ’
1702 756 1748 800 ’ἑ

956 821 984 856 Ο
1011 822 1044 856 7.

913 881 1032 917 Vadac
1059 882 1148 916 situs
1177 881 1204 916 H
1231 882 1252 917 5
1279 881 1338 919 20.

905 941 1034 976 vadum
1062 942 1086 976 i.
1115 951 1148 976 e.
1179 940 1260 977 loca
1286 941 1421 976 vadosa
1447 942 1477 977 11
1502 942 1526 977 4
1545 942 1605 986 26.

909 1001 1083 1036 Vahalem
1113 999 1254 1035 Tacitus
1279 1001 1445 1036 Rhenum
1471 980 1632 1047 appella

948 1063 970 1095 2
1000 1060 1035 1095 6.
1121 1062 1142 1096 5
1177 1060 1231 1096 19.

902 1120 1033 1155 Valerii
1094 1121 1210 1155 siatici
1237 1122 1467 1168 magistratus
1494 1122 1535 1160 11
1567 1122 1600 1158 1.
1655 1126 1659 1131 ”
1724 1157 1726 1160 ,

901 1181 1066 1215 Valerius
1093 1180 1265 1214 Maximus
1293 1181 1426 1215 'liberii
1453 1170 1709 1270 afflamina&
1722 1169 1729 1188 ³

958 1251 1063 1286 quem
1090 1240 1231 1275 'lacitus
1257 1239 1401 1276 videtur
1415 1243 1656 1299 τθεροιίιιαᾷ.
1755 1238 1758 1249 ’

955 1302 970 1335 1
1003 1302 1017 1334 1
1050 1305 1154 1344 extr.,
1181 1300 1204 1334 4
1229 1301 1288 1337 34.
1326 1317 1338 1327 ι
1402 1310 1415 1326 “
1743 1303 1746 1322 ⁶

905 1359 1068 1401 valitudo
1084 1366 1121 1396 et
1135 1360 1319 1407 valetudo,
1336 1338 1499 1415 ἱῥιφαὶ
1515 1362 1633 1399 forma
1676 1347 1764 1431 ᾗ(

956 1414 1070 1465 proba
1098 1421 1111 1454 1
1142 1422 1177 1456 5.
1682 1405 1713 1437 ‘Q'

906 1479 1043 1515 vallare
1067 1485 1208 1515 noctem
1237 1481 1264 1515 G
1290 1481 1349 1517 30.

909 1540 1134 1587 Vangionum
1162 1540 1267 1575 sedes
1292 1540 1320 1575 G
1346 1542 1405 1588 28.

903 1611 1016 1635 vanus
1059 1600 1300 1636 aemulatione
1342 1602 1386 1637 15
1410 1600 1470 1638 49.
1518 1612 1633 1638 vanus

953 1661 1012 1696 vel
1040 1661 1156 1695 inanis
1184 1666 1219 1695 et
1245 1672 1381 1697 vacuus
1408 1662 1438 1696 H
1470 1663 1486 1696 1
1515 1662 1575 1698 30.
1616 1676 1662 1719 ,ὦ

910 1722 1009 1756 varie
1036 1721 1214 1756 disserere
1244 1723 1272 1757 H
1300 1722 1324 1756 4
1353 1722 1412 1757 81.

910 1783 1067 1816 varietas
1105 1783 1140 1816 in
1169 1782 1289 1816 verbis
1325 1781 1584 1827 componendis
1614 1783 1631 1816 1

955 1843 989 1885 2,
1016 1843 1039 1877 3
1066 1842 1126 1885 26,
1158 1843 1200 1877 15
1226 1842 1285 1885 58,
1316 1842 1359 1878 16
1387 1843 1447 1878 30.
1478 1841 1508 1875 Η
1541 1843 1557 1875 1
1585 1842 1634 1876 42

956 1906 992 1936 et
1018 1901 1065 1936 46
1093 1906 1129 1936 et
1156 1903 1199 1937 51
1230 1907 1266 1936 et
1292 1903 1358 1946 57,
1399 1903 1422 1938 2
1454 1903 1478 1938 6
1506 1907 1543 1937 et
1568 1902 1628 1946 70,

954 1961 976 1994 3
1008 1962 1063 1995 11.
1098 1961 1126 1995 G
1151 1961 1210 1996 38.
1240 1960 1267 1995 O
1293 1961 1328 1996 8.

907 2019 1165 2054 Varronianam
1212 2031 1331 2055 aeram
1382 2024 1530 2055 secutus

950 2079 1091 2114 Tacitus
1122 2082 1161 2114 11
1195 2082 1250 2115 11.

903 2140 1014 2172 Varus
1041 2138 1192 2185 eiusque
1219 2141 1399 2174 exercitus
1414 2140 1535 2174 amissi
1557 2140 1571 2174 1
1595 2140 1631 2175 3.
1655 2178 1665 2189 ,ι

907 2199 1110 2233 Vasconum
1138 2200 1243 2234 sedes
1270 2200 1298 2234 H
1325 2199 1348 2234 4
1373 2201 1431 2235 33.

905 2263 1066 2294 vastatae
1092 2260 1257 2293 nationes
1283 2259 1315 2293 A
1340 2260 1399 2294 22.

908 2319 1104 2354 Vaticanus
1133 2319 1275 2353 infamis
1302 2321 1331 2354 H
1361 2319 1382 2353 2
1411 2318 1471 2354 93.

911 2380 1044 2414 Vatinii
1072 2380 1236 2424 potentia
1272 2389 1342 2426 quo
1370 2383 1531 2424 tempore
1557 2378 1633 2414 fra-

956 2444 1012 2474 cta
1039 2441 1085 2474 sit
1114 2441 1157 2475 15
1182 2439 1242 2474 34.

904 2499 1064 2546 vectigal
1095 2511 1214 2534 rerum
1241 2498 1423 2534 venalium
1454 2500 1471 2533 1
1500 2499 1571 2544 78,
1611 2502 1634 2536 2

951 2559 1011 2594 4‘2.
1032 2559 1215 2594 venalium
1231 2560 1490 2604 mancipiorum
1509 2560 1553 2595 13
1571 2558 1631 2594 31.

905 2619 1110 2654 velamenta
1139 2621 1167 2655 H
1200 2622 1215 2654 1
1245 2620 1304 2654 66.

914 2680 1072 2715 Veledae
1099 2682 1206 2714 turris
1233 2682 1301 2715 sita
1328 2681 1397 2714 fuit
1422 2680 1466 2713 a'd
1486 2680 1633 2724 Lupiam

953 2743 982 2775 Π
1018 2741 1041 2774 4
1067 2741 1124 2775 65.
1156 2741 1293 2775 Veleda
1321 2741 1463 2785 captiva
1486 2740 1631 2775 Romam

951 2802 1058 2836 ducta
1087 2803 1115 2836 H
1144 2803 1165 2836 5
1196 2800 1252 2836 24.
1283 2802 1311 2836 G
1336 2801 1371 2836 8.
1401 2802 1438 2834 in
1466 2801 1543 2835 eius
1563 2810 1634 2834 no-

950 2862 1046 2896 mine
1072 2861 1189 2896 media
1217 2861 1358 2907 syllaba
1385 2861 1576 2906 corripitur
1602 2859 1631 2895 H
1699 2886 1702 2891 .

958 2921 979 2955 5
1008 2919 1069 2974 24Ξ

1579 2025 1634 2056 est
