<?xml version="1.0" encoding="UTF-8"?>
<!DOCTYPE html PUBLIC "-//W3C//DTD XHTML 1.0 Transitional//EN"
    "http://www.w3.org/TR/xhtml1/DTD/xhtml1-transitional.dtd">
<html xmlns="http://www.w3.org/1999/xhtml" xml:lang="en" lang="en">
 <head>
  <title>
</title>
<meta http-equiv="Content-Type" content="text/html;charset=utf-8" />
  <meta name='ocr-system' content='tesseract 3.04.00' />
  <meta name='ocr-capabilities' content='ocr_page ocr_carea ocr_par ocr_line ocrx_word'/>
</head>
<body>
  <div class='ocr_page' id='page_1' title='image "./operaadcodicesan03taciuoft/operaadcodicesan03taciuoft_0266.png"; bbox 0 0 1768 3216; ppageno 0'>
   <div class='ocr_carea' id='block_1_1' title="bbox 157 223 231 258">
    <p class='ocr_par' dir='ltr' id='par_1_1' title="bbox 157 223 231 258">
     <span class='ocr_line' id='line_1_1' title="bbox 157 223 231 258; baseline -0.027 0"><span class='ocrx_word' id='word_1_1' title='bbox 157 223 231 258; x_wconf 71' lang='lat'>256</span> 
     </span>
    </p>
   </div>
   <div class='ocr_carea' id='block_1_2' title="bbox 154 328 1648 393">
    <p class='ocr_par' dir='ltr' id='par_1_2' title="bbox 154 328 1648 393">
     <span class='ocr_line' id='line_1_2' title="bbox 154 328 1648 393; baseline -0.005 -14"><span class='ocrx_word' id='word_1_2' title='bbox 154 337 381 387; x_wconf 88' lang='lat' dir='ltr'>habebant,</span> <span class='ocrx_word' id='word_1_3' title='bbox 415 332 594 375; x_wconf 84' lang='lat' dir='ltr'>Cluvium</span> <span class='ocrx_word' id='word_1_4' title='bbox 637 331 805 376; x_wconf 79' lang='lat' dir='ltr'>Rufum</span> <span class='ocrx_word' id='word_1_5' title='bbox 817 335 857 373; x_wconf 86' lang='lat' dir='ltr'>et</span> <span class='ocrx_word' id='word_1_6' title='bbox 886 331 1031 374; x_wconf 90' lang='lat' dir='ltr'>Silium</span> <span class='ocrx_word' id='word_1_7' title='bbox 1054 329 1258 393; x_wconf 67' lang='lat' dir='ltr'>italicum.</span> <span class='ocrx_word' id='word_1_8' title='bbox 1318 329 1463 372; x_wconf 88' lang='lat' dir='ltr'>Vultus</span> <span class='ocrx_word' id='word_1_9' title='bbox 1500 328 1648 384; x_wconf 85' lang='lat' dir='ltr'>procul</span> 
     </span>
    </p>
   </div>
   <div class='ocr_carea' id='block_1_3' title="bbox 757 210 1066 248">
    <p class='ocr_par' dir='ltr' id='par_1_3' title="bbox 757 210 1066 248">
     <span class='ocr_line' id='line_1_3' title="bbox 757 210 1066 248; baseline 0.003 0"><span class='ocrx_word' id='word_1_10' title='bbox 757 210 1066 248; x_wconf 83' lang='lat' dir='ltr'>HISTORIARVM</span> 
     </span>
    </p>
   </div>
   <div class='ocr_carea' id='block_1_4' title="bbox 153 382 1646 459">
    <p class='ocr_par' dir='ltr' id='par_1_4' title="bbox 153 382 1646 459">
     <span class='ocr_line' id='line_1_4' title="bbox 153 382 1646 459; baseline -0.005 -7"><span class='ocrx_word' id='word_1_11' title='bbox 153 410 378 453; x_wconf 87' lang='lat' dir='ltr'>visentibus</span> <span class='ocrx_word' id='word_1_12' title='bbox 410 406 680 457; x_wconf 83' lang='lat' dir='ltr'>notabantur,</span> <span class='ocrx_word' id='word_1_13' title='bbox 723 405 877 447; x_wconf 90' lang='lat' dir='ltr'>Vitellii</span> <span class='ocrx_word' id='word_1_14' title='bbox 907 382 1138 459; x_wconf 84' lang='lat' dir='ltr'>proiectus</span> <span class='ocrx_word' id='word_1_15' title='bbox 1149 388 1195 446; x_wconf 90' lang='lat' dir='ltr'>et</span> <span class='ocrx_word' id='word_1_16' title='bbox 1217 403 1422 459; x_wconf 80' lang='lat' dir='ltr'>degener,</span> <span class='ocrx_word' id='word_1_17' title='bbox 1469 403 1646 446; x_wconf 81' lang='lat' dir='ltr'>Sabinus</span> 
     </span>
    </p>
   </div>
   <div class='ocr_carea' id='block_1_5' title="bbox 152 480 1000 534">
    <p class='ocr_par' dir='ltr' id='par_1_5' title="bbox 152 480 1000 534">
     <span class='ocr_line' id='line_1_5' title="bbox 152 480 1000 534; baseline -0.005 -9"><span class='ocrx_word' id='word_1_18' title='bbox 152 495 234 525; x_wconf 92' lang='lat' dir='ltr'>non</span> <span class='ocrx_word' id='word_1_19' title='bbox 265 481 462 522; x_wconf 90' lang='lat' dir='ltr'>insultans</span> <span class='ocrx_word' id='word_1_20' title='bbox 495 484 535 521; x_wconf 92' lang='lat' dir='ltr'>et</span> <span class='ocrx_word' id='word_1_21' title='bbox 573 480 787 521; x_wconf 84' lang='lat' dir='ltr'>miseranti</span> <span class='ocrx_word' id='word_1_22' title='bbox 816 480 1000 534; x_wconf 85' lang='lat' dir='ltr'>propior.</span> 
     </span>
    </p>
   </div>
   <div class='ocr_carea' id='block_1_6' title="bbox 150 552 1647 608">
    <p class='ocr_par' dir='ltr' id='par_1_6' title="bbox 150 552 1647 608">
     <span class='ocr_line' id='line_1_6' title="bbox 150 552 1647 608; baseline -0.002 -11"><span class='ocrx_word' id='word_1_23' title='bbox 150 567 238 597; x_wconf 89' lang='lat' dir='ltr'>rum</span> <span class='ocrx_word' id='word_1_24' title='bbox 271 558 428 596; x_wconf 84' lang='lat' dir='ltr'>mentes</span> <span class='ocrx_word' id='word_1_25' title='bbox 463 553 650 596; x_wconf 86' lang='lat' dir='ltr'>flexisset</span> <span class='ocrx_word' id='word_1_26' title='bbox 667 553 853 596; x_wconf 88' lang='lat' dir='ltr'>Vitellius</span> <span class='ocrx_word' id='word_1_27' title='bbox 886 566 1007 608; x_wconf 89' lang='lat' dir='ltr'>quam</span> <span class='ocrx_word' id='word_1_28' title='bbox 1039 554 1128 608; x_wconf 88' lang='lat' dir='ltr'>ipse</span> <span class='ocrx_word' id='word_1_29' title='bbox 1153 556 1353 606; x_wconf 84' lang='lat' dir='ltr'>cesserat,</span> <span class='ocrx_word' id='word_1_30' title='bbox 1386 552 1647 595; x_wconf 77' lang='lat' dir='ltr'>incruentam</span> 
     </span>
    </p>
   </div>
   <div class='ocr_carea' id='block_1_7' title="bbox 119 628 1095 682">
    <p class='ocr_par' dir='ltr' id='par_1_7' title="bbox 119 628 1095 682">
     <span class='ocr_line' id='line_1_7' title="bbox 119 628 1095 682; baseline 0.002 -12"><span class='ocrx_word' id='word_1_31' title='bbox 119 629 290 670; x_wconf 78' lang='lat' dir='ltr'>surbem</span> <span class='ocrx_word' id='word_1_32' title='bbox 337 628 582 682; x_wconf 85' lang='lat' dir='ltr'>Vespasiani</span> <span class='ocrx_word' id='word_1_33' title='bbox 629 629 838 671; x_wconf 88' lang='lat' dir='ltr'>exercitus</span> <span class='ocrx_word' id='word_1_34' title='bbox 886 629 1095 672; x_wconf 83' lang='lat' dir='ltr'>intrasset.</span> 
     </span>
    </p>
   </div>
   <div class='ocr_carea' id='block_1_8' title="bbox 1157 627 1647 681">
    <p class='ocr_par' dir='ltr' id='par_1_8' title="bbox 1157 627 1647 681">
     <span class='ocr_line' id='line_1_8' title="bbox 1157 627 1647 681; baseline 0 -12"><span class='ocrx_word' id='word_1_35' title='bbox 1157 628 1349 671; x_wconf 89' lang='lat' dir='ltr'>Ceterum</span> <span class='ocrx_word' id='word_1_36' title='bbox 1391 631 1434 668; x_wconf 90' lang='lat' dir='ltr'>ut</span> <span class='ocrx_word' id='word_1_37' title='bbox 1472 627 1647 681; x_wconf 83' lang='lat' dir='ltr'>quisque</span> 
     </span>
    </p>
   </div>
   <div class='ocr_carea' id='block_1_9' title="bbox 148 701 1647 756">
    <p class='ocr_par' dir='ltr' id='par_1_9' title="bbox 148 701 1647 756">
     <span class='ocr_line' id='line_1_9' title="bbox 148 701 1647 756; baseline -0.001 -12"><span class='ocrx_word' id='word_1_38' title='bbox 148 703 311 745; x_wconf 90' lang='lat' dir='ltr'>Vitellio</span> <span class='ocrx_word' id='word_1_39' title='bbox 342 702 472 755; x_wconf 81' lang='lat' dir='ltr'>sidus,</span> <span class='ocrx_word' id='word_1_40' title='bbox 498 702 552 744; x_wconf 92' lang='lat' dir='ltr'>ita</span> <span class='ocrx_word' id='word_1_41' title='bbox 586 715 730 756; x_wconf 91' lang='lat' dir='ltr'>pacem</span> <span class='ocrx_word' id='word_1_42' title='bbox 763 707 803 744; x_wconf 90' lang='lat' dir='ltr'>et</span> <span class='ocrx_word' id='word_1_43' title='bbox 833 702 1096 744; x_wconf 85' lang='lat' dir='ltr'>conditiones</span> <span class='ocrx_word' id='word_1_44' title='bbox 1128 701 1387 755; x_wconf 81' lang='lat' dir='ltr'>abnuebant,</span> <span class='ocrx_word' id='word_1_45' title='bbox 1421 701 1647 744; x_wconf 84' lang='lat' dir='ltr'>discrimen</span> 
     </span>
    </p>
   </div>
   <div class='ocr_carea' id='block_1_10' title="bbox 19 776 1768 981">
    <p class='ocr_par' dir='ltr' id='par_1_10' title="bbox 19 776 1768 981">
     <span class='ocr_line' id='line_1_10' title="bbox 74 776 1500 835; baseline -0.002 -13.913"><span class='ocrx_word' id='word_1_46' title='bbox 74 784 199 821; x_wconf 68' lang='lat' dir='ltr'>tac</span> <span class='ocrx_word' id='word_1_47' title='bbox 231 777 414 819; x_wconf 85' lang='lat' dir='ltr'>dedecus</span> <span class='ocrx_word' id='word_1_48' title='bbox 447 780 728 830; x_wconf 79' lang='lat' dir='ltr'>ostentantes,</span> <span class='ocrx_word' id='word_1_49' title='bbox 773 781 814 819; x_wconf 91' lang='lat' dir='ltr'>et</span> <span class='ocrx_word' id='word_1_50' title='bbox 854 777 975 833; x_wconf 87' lang='lat' dir='ltr'>fidem</span> <span class='ocrx_word' id='word_1_51' title='bbox 1021 777 1063 818; x_wconf 93' lang='lat' dir='ltr'>in</span> <span class='ocrx_word' id='word_1_52' title='bbox 1109 777 1282 818; x_wconf 90' lang='lat' dir='ltr'>libidine</span> <span class='ocrx_word' id='word_1_53' title='bbox 1313 776 1500 835; x_wconf 88' lang='lat' dir='ltr'>victoris.</span> 
     </span>
     <span class='ocr_line' id='line_1_11' title="bbox 19 832 1768 922; baseline -0.001 -30"><span class='ocrx_word' id='word_1_54' title='bbox 19 876 26 883; x_wconf 88' lang='lat'>-</span> <span class='ocrx_word' id='word_1_55' title='bbox 116 862 131 899; x_wconf 48' lang='grc' dir='ltr'>ᾖ(</span> <span class='ocrx_word' id='word_1_56' title='bbox 147 855 299 892; x_wconf 84' lang='lat' dir='ltr'>tantam</span> <span class='ocrx_word' id='word_1_57' title='bbox 328 851 584 904; x_wconf 82' lang='lat' dir='ltr'>Vespasiano</span> <span class='ocrx_word' id='word_1_58' title='bbox 618 846 856 917; x_wconf 88' lang='lat' dir='ltr'>superbiam</span> <span class='ocrx_word' id='word_1_59' title='bbox 886 856 930 892; x_wconf 90' lang='lat' dir='ltr'>ut</span> <span class='ocrx_word' id='word_1_60' title='bbox 958 840 1160 905; x_wconf 84' lang='lat' dir='ltr'>privatum</span> <span class='ocrx_word' id='word_1_61' title='bbox 1171 832 1383 892; x_wconf 89' lang='lat' dir='ltr'>Vitellium</span> <span class='ocrx_word' id='word_1_62' title='bbox 1413 853 1646 904; x_wconf 88' lang='lat' dir='ltr'>pateretur:</span> <span class='ocrx_word' id='word_1_63' title='bbox 1663 875 1728 922; x_wconf 59' lang='lat' dir='ltr'><em>c</em></span> <span class='ocrx_word' id='word_1_64' title='bbox 1726 879 1768 920; x_wconf 34' lang='lat' dir='ltr'>V.</span> 
     </span>
     <span class='ocr_line' id='line_1_12' title="bbox 863 895 1768 981; baseline -0.001 -14"><span class='ocrx_word' id='word_1_65' title='bbox 863 927 921 967; x_wconf 89' lang='lat' dir='ltr'>Ita</span> <span class='ocrx_word' id='word_1_66' title='bbox 963 925 1192 980; x_wconf 87' lang='lat' dir='ltr'>periculum</span> <span class='ocrx_word' id='word_1_67' title='bbox 1244 937 1297 966; x_wconf 88' lang='lat' dir='ltr'>ex</span> <span class='ocrx_word' id='word_1_68' title='bbox 1339 923 1645 967; x_wconf 84' lang='lat' dir='ltr'>misericordia.</span> <span class='ocrx_word' id='word_1_69' title='bbox 1683 895 1768 981; x_wconf 52' lang='lat' dir='ltr'>Z)</span> 
     </span>
    </p>
   </div>
   <div class='ocr_carea' id='block_1_11' title="bbox 31 904 800 978">
    <p class='ocr_par' dir='ltr' id='par_1_11' title="bbox 31 904 800 978">
     <span class='ocr_line' id='line_1_13' title="bbox 31 904 800 978; baseline 0.007 -15"><span class='ocrx_word' id='word_1_70' title='bbox 31 904 116 954; x_wconf 49' lang='lat' dir='ltr'>gaf</span> <span class='ocrx_word' id='word_1_71' title='bbox 146 938 200 966; x_wconf 91' lang='lat' dir='ltr'>ne</span> <span class='ocrx_word' id='word_1_72' title='bbox 243 926 376 966; x_wconf 90' lang='lat' dir='ltr'>victos</span> <span class='ocrx_word' id='word_1_73' title='bbox 423 925 586 978; x_wconf 90' lang='lat' dir='ltr'>quidem</span> <span class='ocrx_word' id='word_1_74' title='bbox 628 913 800 968; x_wconf 86' lang='lat' dir='ltr'>laturos.</span> 
     </span>
    </p>
   </div>
   <div class='ocr_carea' id='block_1_12' title="bbox 1559 761 1648 819">
    <p class='ocr_par' dir='ltr' id='par_1_12' title="bbox 1559 761 1648 819">
     <span class='ocr_line' id='line_1_14' title="bbox 1559 761 1648 819; baseline -0.011 0"><span class='ocrx_word' id='word_1_75' title='bbox 1559 761 1648 819; x_wconf 75' lang='lat' dir='ltr'>Nec</span> 
     </span>
    </p>
   </div>
   <div class='ocr_carea' id='block_1_13' title="bbox 39 997 1648 1427">
    <p class='ocr_par' dir='ltr' id='par_1_13' title="bbox 39 997 1648 1427">
     <span class='ocr_line' id='line_1_15' title="bbox 39 997 1647 1074; baseline 0 -34"><span class='ocrx_word' id='word_1_76' title='bbox 39 1000 280 1074; x_wconf 75' lang='lat' dir='ltr'>iolpsum</span> <span class='ocrx_word' id='word_1_77' title='bbox 317 1012 417 1041; x_wconf 91' lang='lat' dir='ltr'>sane</span> <span class='ocrx_word' id='word_1_78' title='bbox 455 1012 596 1042; x_wconf 89' lang='lat' dir='ltr'>senem</span> <span class='ocrx_word' id='word_1_79' title='bbox 646 1004 686 1041; x_wconf 89' lang='lat' dir='ltr'>et</span> <span class='ocrx_word' id='word_1_80' title='bbox 733 1001 946 1054; x_wconf 87' lang='lat' dir='ltr'>prosperis</span> <span class='ocrx_word' id='word_1_81' title='bbox 996 1000 1270 1054; x_wconf 88' lang='lat' dir='ltr'>adversisque</span> <span class='ocrx_word' id='word_1_82' title='bbox 1315 999 1525 1042; x_wconf 88' lang='lat' dir='ltr'>satiatum·</span> <span class='ocrx_word' id='word_1_83' title='bbox 1571 997 1647 1042; x_wconf 86' lang='lat' dir='ltr'>sed</span> 
     </span>
     <span class='ocr_line' id='line_1_16' title="bbox 76 1053 1648 1128; baseline 0 -13"><span class='ocrx_word' id='word_1_84' title='bbox 76 1053 255 1128; x_wconf 43' lang='lat' dir='ltr'>zfssquod</span> <span class='ocrx_word' id='word_1_85' title='bbox 288 1087 462 1127; x_wconf 91' lang='lat' dir='ltr'>nomen,</span> <span class='ocrx_word' id='word_1_86' title='bbox 496 1087 616 1128; x_wconf 89' lang='lat' dir='ltr'>quem</span> <span class='ocrx_word' id='word_1_87' title='bbox 647 1078 796 1116; x_wconf 89' lang='lat' dir='ltr'>statum</span> <span class='ocrx_word' id='word_1_88' title='bbox 829 1074 912 1116; x_wconf 84' lang='lat' dir='ltr'>filio</span> <span class='ocrx_word' id='word_1_89' title='bbox 944 1075 1033 1116; x_wconf 89' lang='lat' dir='ltr'>eius</span> <span class='ocrx_word' id='word_1_90' title='bbox 1067 1074 1316 1117; x_wconf 86' lang='lat' dir='ltr'>Germanico</span> <span class='ocrx_word' id='word_1_91' title='bbox 1347 1073 1471 1116; x_wconf 76' lang='lat' dir='ltr'>sore?</span> <span class='ocrx_word' id='word_1_92' title='bbox 1528 1073 1648 1116; x_wconf 85' lang='lat' dir='ltr'>Nunc</span> 
     </span>
     <span class='ocr_line' id='line_1_17' title="bbox 144 1148 1645 1204; baseline -0.002 -13"><span class='ocrx_word' id='word_1_93' title='bbox 144 1150 360 1203; x_wconf 88' lang='lat' dir='ltr'>pecuniam</span> <span class='ocrx_word' id='word_1_94' title='bbox 400 1154 440 1190; x_wconf 90' lang='lat' dir='ltr'>et</span> <span class='ocrx_word' id='word_1_95' title='bbox 480 1149 679 1191; x_wconf 87' lang='lat' dir='ltr'>familiam</span> <span class='ocrx_word' id='word_1_96' title='bbox 721 1154 760 1191; x_wconf 90' lang='lat' dir='ltr'>et</span> <span class='ocrx_word' id='word_1_97' title='bbox 803 1149 950 1192; x_wconf 83' lang='lat' dir='ltr'>beatos</span> <span class='ocrx_word' id='word_1_98' title='bbox 1001 1150 1250 1204; x_wconf 89' lang='lat' dir='ltr'>Campaniae</span> <span class='ocrx_word' id='word_1_99' title='bbox 1289 1149 1406 1192; x_wconf 86' lang='lat' dir='ltr'>sinus</span> <span class='ocrx_word' id='word_1_100' title='bbox 1438 1148 1645 1203; x_wconf 79' lang='lat' dir='ltr'>promitti:</span> 
     </span>
     <span class='ocr_line' id='line_1_18' title="bbox 143 1223 1645 1278; baseline -0.001 -13"><span class='ocrx_word' id='word_1_101' title='bbox 143 1223 217 1265; x_wconf 89' lang='lat' dir='ltr'>sed</span> <span class='ocrx_word' id='word_1_102' title='bbox 250 1224 320 1266; x_wconf 87' lang='lat' dir='ltr'>uhi</span> <span class='ocrx_word' id='word_1_103' title='bbox 352 1224 566 1278; x_wconf 89' lang='lat' dir='ltr'>imperium</span> <span class='ocrx_word' id='word_1_104' title='bbox 589 1224 870 1278; x_wconf 88' lang='lat' dir='ltr'>Vespasianus</span> <span class='ocrx_word' id='word_1_105' title='bbox 902 1225 1115 1276; x_wconf 88' lang='lat' dir='ltr'>invaserit,</span> <span class='ocrx_word' id='word_1_106' title='bbox 1150 1236 1234 1266; x_wconf 90' lang='lat' dir='ltr'>non</span> <span class='ocrx_word' id='word_1_107' title='bbox 1267 1225 1358 1278; x_wconf 90' lang='lat' dir='ltr'>ipsi,</span> <span class='ocrx_word' id='word_1_108' title='bbox 1391 1235 1474 1266; x_wconf 92' lang='lat' dir='ltr'>non</span> <span class='ocrx_word' id='word_1_109' title='bbox 1496 1223 1645 1266; x_wconf 87' lang='lat' dir='ltr'>amicis</span> 
     </span>
     <span class='ocr_line' id='line_1_19' title="bbox 144 1297 1644 1364; baseline 0.001 -26"><span class='ocrx_word' id='word_1_110' title='bbox 144 1297 246 1350; x_wconf 91' lang='lat' dir='ltr'>eius,</span> <span class='ocrx_word' id='word_1_111' title='bbox 277 1309 362 1339; x_wconf 91' lang='lat' dir='ltr'>non</span> <span class='ocrx_word' id='word_1_112' title='bbox 398 1297 575 1351; x_wconf 88' lang='lat' dir='ltr'>denique</span> <span class='ocrx_word' id='word_1_113' title='bbox 599 1298 862 1342; x_wconf 85' lang='lat' dir='ltr'>exercitibus</span> <span class='ocrx_word' id='word_1_114' title='bbox 893 1299 1158 1340; x_wconf 86' lang='lat' dir='ltr'>securitatem</span> <span class='ocrx_word' id='word_1_115' title='bbox 1183 1298 1264 1340; x_wconf 91' lang='lat' dir='ltr'>nisi</span> <span class='ocrx_word' id='word_1_116' title='bbox 1288 1298 1644 1364; x_wconf 54' lang='lat' dir='ltr'>effl-</span> 
     </span>
     <span class='ocr_line' id='line_1_20' title="bbox 95 1370 1644 1427; baseline 0.001 -14"><span class='ocrx_word' id='word_1_117' title='bbox 95 1370 275 1414; x_wconf 70' lang='lat' dir='ltr'>islatore</span> <span class='ocrx_word' id='word_1_118' title='bbox 304 1372 542 1414; x_wconf 86' lang='lat' dir='ltr'>redituram.</span> <span class='ocrx_word' id='word_1_119' title='bbox 604 1373 772 1415; x_wconf 88' lang='lat' dir='ltr'>Fabium</span> <span class='ocrx_word' id='word_1_120' title='bbox 805 1373 886 1415; x_wconf 91' lang='lat' dir='ltr'>illis</span> <span class='ocrx_word' id='word_1_121' title='bbox 918 1373 1132 1415; x_wconf 88' lang='lat' dir='ltr'>Valentem</span> <span class='ocrx_word' id='word_1_122' title='bbox 1166 1374 1371 1427; x_wconf 89' lang='lat' dir='ltr'>captivum</span> <span class='ocrx_word' id='word_1_123' title='bbox 1404 1376 1445 1415; x_wconf 92' lang='lat' dir='ltr'>et</span> <span class='ocrx_word' id='word_1_124' title='bbox 1475 1371 1644 1415; x_wconf 82' lang='lat' dir='ltr'>casibus</span> 
     </span>
    </p>
   </div>
   <div class='ocr_carea' id='block_1_14' title="bbox 141 1515 818 1696">
    <p class='ocr_par' dir='ltr' id='par_1_14' title="bbox 141 1515 818 1696">
     <span class='ocr_line' id='line_1_21' title="bbox 283 1515 538 1550; baseline -0.004 -1"><span class='ocrx_word' id='word_1_125' title='bbox 283 1517 311 1549; x_wconf 93' lang='lat'>1.</span> <span class='ocrx_word' id='word_1_126' title='bbox 340 1515 450 1549; x_wconf 82' lang='lat' dir='ltr'>voltus</span> <span class='ocrx_word' id='word_1_127' title='bbox 481 1515 538 1550; x_wconf 88' lang='lat' dir='ltr'>Or.</span> 
     </span>
     <span class='ocr_line' id='line_1_22' title="bbox 148 1560 655 1599; baseline 0.002 -2"><span class='ocrx_word' id='word_1_128' title='bbox 148 1560 180 1597; x_wconf 85' lang='lat'>9.</span> <span class='ocrx_word' id='word_1_129' title='bbox 210 1562 330 1597; x_wconf 85' lang='lat' dir='ltr'>lauros</span> <span class='ocrx_word' id='word_1_130' title='bbox 356 1563 429 1598; x_wconf 65' lang='lat' dir='ltr'>Ma:</span> <span class='ocrx_word' id='word_1_131' title='bbox 456 1563 483 1597; x_wconf 91' lang='lat' dir='ltr'><strong>G</strong></span> <span class='ocrx_word' id='word_1_132' title='bbox 510 1565 655 1599; x_wconf 84' lang='lat' dir='ltr'>laturos.</span> 
     </span>
     <span class='ocr_line' id='line_1_23' title="bbox 141 1612 483 1655; baseline 0.006 -11"><span class='ocrx_word' id='word_1_133' title='bbox 141 1613 323 1655; x_wconf 75' lang='lat' dir='ltr'>promitti.-</span> <span class='ocrx_word' id='word_1_134' title='bbox 351 1613 421 1646; x_wconf 88' lang='lat' dir='ltr'>Sed</span> <span class='ocrx_word' id='word_1_135' title='bbox 445 1612 483 1647; x_wconf 89' lang='lat' dir='ltr'>G.</span> 
     </span>
     <span class='ocr_line' id='line_1_24' title="bbox 142 1659 818 1696; baseline 0.006 -4"><span class='ocrx_word' id='word_1_136' title='bbox 142 1659 305 1694; x_wconf 81' lang='lat' dir='ltr'>nienses:</span> <span class='ocrx_word' id='word_1_137' title='bbox 334 1660 386 1695; x_wconf 76' lang='lat' dir='ltr'>Ma</span> <span class='ocrx_word' id='word_1_138' title='bbox 412 1662 627 1696; x_wconf 82' lang='lat' dir='ltr'>aemulatore</span> <span class='ocrx_word' id='word_1_139' title='bbox 654 1662 818 1696; x_wconf 82' lang='lat' dir='ltr'>dituram.</span> 
     </span>
    </p>
   </div>
   <div class='ocr_carea' id='block_1_15' title="bbox 547 1514 1646 1707">
    <p class='ocr_par' dir='ltr' id='par_1_15' title="bbox 619 1514 1193 1600">
     <span class='ocr_line' id='line_1_25' title="bbox 619 1514 1193 1563; baseline -0.003 -12"><span class='ocrx_word' id='word_1_140' title='bbox 619 1518 654 1551; x_wconf 84' lang='lat'>3.</span> <span class='ocrx_word' id='word_1_141' title='bbox 679 1518 847 1563; x_wconf 80' lang='lat' dir='ltr'>proprior</span> <span class='ocrx_word' id='word_1_142' title='bbox 872 1514 954 1550; x_wconf 45' lang='lat' dir='ltr'>Ma.</span> <span class='ocrx_word' id='word_1_143' title='bbox 985 1515 1012 1550; x_wconf 87' lang='lat' dir='ltr'>G</span> <span class='ocrx_word' id='word_1_144' title='bbox 1035 1517 1193 1561; x_wconf 81' lang='lat' dir='ltr'>propior.</span> 
     </span>
     <span class='ocr_line' id='line_1_26' title="bbox 735 1563 1138 1600; baseline 0 -2"><span class='ocrx_word' id='word_1_145' title='bbox 735 1565 790 1600; x_wconf 87' lang='lat'>10.</span> <span class='ocrx_word' id='word_1_146' title='bbox 817 1565 906 1598; x_wconf 68' lang='lat' dir='ltr'>sane</span> <span class='ocrx_word' id='word_1_147' title='bbox 930 1576 1046 1598; x_wconf 85' lang='lat' dir='ltr'>senem</span> <span class='ocrx_word' id='word_1_148' title='bbox 1072 1563 1138 1598; x_wconf 65' lang='lat' dir='ltr'>Ma.</span> 
     </span>
    </p>

    <p class='ocr_par' dir='ltr' id='par_1_16' title="bbox 547 1610 1646 1707">
     <span class='ocr_line' id='line_1_27' title="bbox 547 1610 1646 1658; baseline -0.001 -11"><span class='ocrx_word' id='word_1_149' title='bbox 547 1614 601 1648; x_wconf 86' lang='lat'>14.</span> <span class='ocrx_word' id='word_1_150' title='bbox 629 1613 847 1648; x_wconf 81' lang='lat' dir='ltr'>aemulatore</span> <span class='ocrx_word' id='word_1_151' title='bbox 872 1613 1067 1648; x_wconf 80' lang='lat' dir='ltr'>redituram</span> <span class='ocrx_word' id='word_1_152' title='bbox 1096 1612 1124 1647; x_wconf 87' lang='lat' dir='ltr'><strong>G</strong></span> <span class='ocrx_word' id='word_1_153' title='bbox 1151 1612 1231 1658; x_wconf 88' lang='lat' dir='ltr'>(hic</span> <span class='ocrx_word' id='word_1_154' title='bbox 1259 1612 1464 1657; x_wconf 80' lang='lat' dir='ltr'>emulatore)</span> <span class='ocrx_word' id='word_1_155' title='bbox 1492 1617 1528 1646; x_wconf 83' lang='lat' dir='ltr'>et</span> <span class='ocrx_word' id='word_1_156' title='bbox 1547 1610 1646 1647; x_wconf 82' lang='lat' dir='ltr'>Oxo-</span> 
     </span>
     <span class='ocr_line' id='line_1_28' title="bbox 896 1659 1231 1707; baseline -0.003 -11"><span class='ocrx_word' id='word_1_157' title='bbox 896 1663 950 1697; x_wconf 87' lang='lat'>15.</span> <span class='ocrx_word' id='word_1_158' title='bbox 980 1662 1133 1707; x_wconf 84' lang='lat' dir='ltr'>captium</span> <span class='ocrx_word' id='word_1_159' title='bbox 1158 1659 1231 1695; x_wconf 71' lang='lat' dir='ltr'>Ma:</span> 
     </span>
    </p>
   </div>
   <div class='ocr_carea' id='block_1_16' title="bbox 1218 1514 1647 1610">
    <p class='ocr_par' dir='ltr' id='par_1_17' title="bbox 1218 1514 1647 1610">
     <span class='ocr_line' id='line_1_29' title="bbox 1270 1514 1644 1550; baseline 0 0"><span class='ocrx_word' id='word_1_160' title='bbox 1270 1515 1304 1550; x_wconf 89' lang='lat'>6.</span> <span class='ocrx_word' id='word_1_161' title='bbox 1333 1515 1558 1550; x_wconf 73' lang='lat' dir='ltr'>condiciones</span> <span class='ocrx_word' id='word_1_162' title='bbox 1586 1514 1644 1550; x_wconf 90' lang='lat' dir='ltr'>Or.</span> 
     </span>
     <span class='ocr_line' id='line_1_30' title="bbox 1218 1562 1647 1610; baseline 0.002 -13"><span class='ocrx_word' id='word_1_163' title='bbox 1218 1566 1273 1599; x_wconf 85' lang='lat'>12.</span> <span class='ocrx_word' id='word_1_164' title='bbox 1298 1564 1484 1610; x_wconf 74' lang='lat' dir='ltr'>promittis.</span> <span class='ocrx_word' id='word_1_165' title='bbox 1513 1568 1546 1598; x_wconf 88' lang='lat' dir='ltr'>et</span> <span class='ocrx_word' id='word_1_166' title='bbox 1569 1562 1647 1598; x_wconf 73' lang='lat' dir='ltr'>M⁸t</span> 
     </span>
    </p>
   </div>
   <div class='ocr_carea' id='block_1_17' title="bbox 1268 1661 1647 1708">
    <p class='ocr_par' dir='ltr' id='par_1_18' title="bbox 1268 1661 1647 1708">
     <span class='ocr_line' id='line_1_31' title="bbox 1268 1661 1647 1708; baseline -0.003 -12"><span class='ocrx_word' id='word_1_167' title='bbox 1268 1661 1296 1696; x_wconf 92' lang='lat' dir='ltr'><strong>G</strong></span> <span class='ocrx_word' id='word_1_168' title='bbox 1320 1662 1509 1708; x_wconf 76' lang='lat' dir='ltr'>captiuum.</span> <span class='ocrx_word' id='word_1_169' title='bbox 1579 1672 1647 1695; x_wconf 81' lang='lat' dir='ltr'>ea-</span> 
     </span>
    </p>
   </div>
   <div class='ocr_carea' id='block_1_18' title="bbox 142 1707 1134 1756">
    <p class='ocr_par' dir='ltr' id='par_1_19' title="bbox 142 1707 1134 1756">
     <span class='ocr_line' id='line_1_32' title="bbox 142 1707 1134 1756; baseline 0.003 -15"><span class='ocrx_word' id='word_1_170' title='bbox 142 1707 235 1742; x_wconf 85' lang='lat' dir='ltr'>sibus</span> <span class='ocrx_word' id='word_1_171' title='bbox 262 1709 373 1744; x_wconf 81' lang='lat' dir='ltr'>dubiis</span> <span class='ocrx_word' id='word_1_172' title='bbox 399 1709 426 1744; x_wconf 91' lang='lat' dir='ltr'><strong>G</strong></span> <span class='ocrx_word' id='word_1_173' title='bbox 454 1715 490 1744; x_wconf 85' lang='lat' dir='ltr'>et</span> <span class='ocrx_word' id='word_1_174' title='bbox 514 1709 759 1746; x_wconf 89' lang='lat' dir='ltr'>Oxonienses:</span> <span class='ocrx_word' id='word_1_175' title='bbox 787 1709 842 1745; x_wconf 80' lang='lat' dir='ltr'>Ma</span> <span class='ocrx_word' id='word_1_176' title='bbox 868 1711 978 1756; x_wconf 85' lang='lat' dir='ltr'>captis</span> <span class='ocrx_word' id='word_1_177' title='bbox 1005 1710 1134 1744; x_wconf 81' lang='lat' dir='ltr'>diebus.</span> 
     </span>
    </p>
   </div>
   <div class='ocr_carea' id='block_1_19' title="bbox 142 1849 860 2378">
    <p class='ocr_par' dir='ltr' id='par_1_20' title="bbox 142 1849 860 2378">
     <span class='ocr_line' id='line_1_33' title="bbox 142 1849 858 1894; baseline 0.003 -13"><span class='ocrx_word' id='word_1_178' title='bbox 142 1849 360 1892; x_wconf 88' lang='lat' dir='ltr'>praepositio</span> <span class='ocrx_word' id='word_1_179' title='bbox 397 1861 486 1894; x_wconf 86' lang='lat' dir='ltr'>prae</span> <span class='ocrx_word' id='word_1_180' title='bbox 520 1850 631 1884; x_wconf 90' lang='lat' dir='ltr'>verbo</span> <span class='ocrx_word' id='word_1_181' title='bbox 667 1850 784 1894; x_wconf 87' lang='lat' dir='ltr'>addit,</span> <span class='ocrx_word' id='word_1_182' title='bbox 819 1856 858 1884; x_wconf 90' lang='lat' dir='ltr'>ut</span> 
     </span>
     <span class='ocr_line' id='line_1_34' title="bbox 143 1895 856 1945; baseline 0.006 -16"><span class='ocrx_word' id='word_1_183' title='bbox 143 1895 310 1942; x_wconf 86' lang='lat' dir='ltr'>analogia</span> <span class='ocrx_word' id='word_1_184' title='bbox 346 1898 513 1932; x_wconf 87' lang='lat' dir='ltr'>ostendit.</span> <span class='ocrx_word' id='word_1_185' title='bbox 566 1900 624 1933; x_wconf 92' lang='lat' dir='ltr'>Sic</span> <span class='ocrx_word' id='word_1_186' title='bbox 647 1901 856 1945; x_wconf 79' lang='lat' dir='ltr'>praecipere</span> 
     </span>
     <span class='ocr_line' id='line_1_35' title="bbox 143 1943 858 1992; baseline 0.007 -16"><span class='ocrx_word' id='word_1_187' title='bbox 143 1943 268 1978; x_wconf 85' lang='lat' dir='ltr'>bellum</span> <span class='ocrx_word' id='word_1_188' title='bbox 307 1945 429 1991; x_wconf 82' lang='lat'>(155)</span> <span class='ocrx_word' id='word_1_189' title='bbox 471 1951 525 1980; x_wconf 89' lang='lat' dir='ltr'>est</span> <span class='ocrx_word' id='word_1_190' title='bbox 557 1944 655 1991; x_wconf 79' lang='lat' dir='ltr'>prius</span> <span class='ocrx_word' id='word_1_191' title='bbox 697 1949 858 1992; x_wconf 87' lang='lat' dir='ltr'>incipere</span> 
     </span>
     <span class='ocr_line' id='line_1_36' title="bbox 143 1994 858 2039; baseline 0.006 -15"><span class='ocrx_word' id='word_1_192' title='bbox 143 2002 247 2036; x_wconf 90' lang='lat' dir='ltr'>quam</span> <span class='ocrx_word' id='word_1_193' title='bbox 275 1994 394 2026; x_wconf 90' lang='lat' dir='ltr'>omnia</span> <span class='ocrx_word' id='word_1_194' title='bbox 433 1994 476 2027; x_wconf 86' lang='lat' dir='ltr'>ad</span> <span class='ocrx_word' id='word_1_195' title='bbox 516 1994 551 2027; x_wconf 91' lang='lat' dir='ltr'>id</span> <span class='ocrx_word' id='word_1_196' title='bbox 589 2001 711 2039; x_wconf 88' lang='lat' dir='ltr'>parata</span> <span class='ocrx_word' id='word_1_197' title='bbox 738 2001 858 2039; x_wconf 82' lang='lat' dir='ltr'>erant3</span> 
     </span>
     <span class='ocr_line' id='line_1_37' title="bbox 142 2039 860 2090; baseline 0.006 -16"><span class='ocrx_word' id='word_1_198' title='bbox 142 2041 194 2074; x_wconf 89' lang='lat' dir='ltr'>sic</span> <span class='ocrx_word' id='word_1_199' title='bbox 221 2039 299 2074; x_wconf 88' lang='lat' dir='ltr'>laus</span> <span class='ocrx_word' id='word_1_200' title='bbox 325 2041 417 2075; x_wconf 78' lang='lat' dir='ltr'>velut</span> <span class='ocrx_word' id='word_1_201' title='bbox 452 2043 490 2075; x_wconf 79' lang='lat' dir='ltr'>in</span> <span class='ocrx_word' id='word_1_202' title='bbox 523 2043 633 2077; x_wconf 80' lang='lat' dir='ltr'>herba</span> <span class='ocrx_word' id='word_1_203' title='bbox 666 2050 860 2090; x_wconf 84' lang='lat' dir='ltr'>praecepta</span> 
     </span>
     <span class='ocr_line' id='line_1_38' title="bbox 144 2087 859 2138; baseline 0.006 -16"><span class='ocrx_word' id='word_1_204' title='bbox 144 2087 204 2133; x_wconf 80' lang='grc' dir='ltr'>(Ο.</span> <span class='ocrx_word' id='word_1_205' title='bbox 245 2100 275 2122; x_wconf 93' lang='lat' dir='ltr'>c.</span> <span class='ocrx_word' id='word_1_206' title='bbox 305 2089 345 2136; x_wconf 89' lang='lat'>9)</span> <span class='ocrx_word' id='word_1_207' title='bbox 387 2095 440 2124; x_wconf 89' lang='lat' dir='ltr'>est</span> <span class='ocrx_word' id='word_1_208' title='bbox 479 2092 578 2136; x_wconf 84' lang='lat' dir='ltr'>prius</span> <span class='ocrx_word' id='word_1_209' title='bbox 616 2098 721 2138; x_wconf 84' lang='lat' dir='ltr'>capta</span> <span class='ocrx_word' id='word_1_210' title='bbox 756 2103 859 2137; x_wconf 90' lang='lat' dir='ltr'>quam</span> 
     </span>
     <span class='ocr_line' id='line_1_39' title="bbox 144 2137 859 2184; baseline 0.007 -14"><span class='ocrx_word' id='word_1_211' title='bbox 144 2137 222 2180; x_wconf 85' lang='lat' dir='ltr'>capi</span> <span class='ocrx_word' id='word_1_212' title='bbox 248 2138 318 2171; x_wconf 86' lang='lat' dir='ltr'>rite</span> <span class='ocrx_word' id='word_1_213' title='bbox 346 2143 476 2183; x_wconf 87' lang='lat' dir='ltr'>potest.</span> <span class='ocrx_word' id='word_1_214' title='bbox 531 2139 628 2174; x_wconf 83' lang='lat' dir='ltr'>Cf.1</span> <span class='ocrx_word' id='word_1_215' title='bbox 656 2140 716 2184; x_wconf 72' lang='lat'>48,</span> <span class='ocrx_word' id='word_1_216' title='bbox 742 2140 773 2174; x_wconf 89' lang='grc' dir='ltr'>ΙΙ</span> <span class='ocrx_word' id='word_1_217' title='bbox 800 2141 859 2183; x_wconf 80' lang='grc'>35,</span> 
     </span>
     <span class='ocr_line' id='line_1_40' title="bbox 143 2184 859 2231; baseline 0.007 -14"><span class='ocrx_word' id='word_1_218' title='bbox 143 2184 224 2218; x_wconf 85' lang='lat' dir='ltr'>xlv</span> <span class='ocrx_word' id='word_1_219' title='bbox 252 2186 275 2220; x_wconf 86' lang='lat'><strong>3</strong></span> <span class='ocrx_word' id='word_1_220' title='bbox 303 2191 339 2220; x_wconf 87' lang='lat' dir='ltr'>et</span> <span class='ocrx_word' id='word_1_221' title='bbox 364 2189 422 2230; x_wconf 90' lang='lat'>22,</span> <span class='ocrx_word' id='word_1_222' title='bbox 452 2187 515 2221; x_wconf 92' lang='lat' dir='ltr'>XV</span> <span class='ocrx_word' id='word_1_223' title='bbox 534 2188 591 2223; x_wconf 89' lang='lat'>59.</span> <span class='ocrx_word' id='word_1_224' title='bbox 621 2189 661 2223; x_wconf 91' lang='lat' dir='ltr'>H.</span> <span class='ocrx_word' id='word_1_225' title='bbox 689 2189 785 2231; x_wconf 90' lang='lat'>162,</span> <span class='ocrx_word' id='word_1_226' title='bbox 812 2188 859 2223; x_wconf 87' lang='lat'>111</span> 
     </span>
     <span class='ocr_line' id='line_1_41' title="bbox 143 2232 860 2282; baseline 0.006 -14"><span class='ocrx_word' id='word_1_227' title='bbox 143 2233 175 2268; x_wconf 86' lang='lat'>9.</span> <span class='ocrx_word' id='word_1_228' title='bbox 216 2232 270 2268; x_wconf 91' lang='lat' dir='ltr'>De</span> <span class='ocrx_word' id='word_1_229' title='bbox 299 2245 338 2268; x_wconf 90' lang='lat' dir='ltr'>re</span> <span class='ocrx_word' id='word_1_230' title='bbox 369 2236 514 2270; x_wconf 87' lang='lat' dir='ltr'>Sueten.</span> <span class='ocrx_word' id='word_1_231' title='bbox 546 2237 653 2282; x_wconf 86' lang='lat' dir='ltr'>Vesp.</span> <span class='ocrx_word' id='word_1_232' title='bbox 682 2239 715 2272; x_wconf 88' lang='grc'>4.</span> <span class='ocrx_word' id='word_1_233' title='bbox 759 2237 860 2272; x_wconf 91' lang='lat' dir='ltr'>Doe-</span> 
     </span>
     <span class='ocr_line' id='line_1_42' title="bbox 143 2281 797 2330; baseline 0.009 -16"><span class='ocrx_word' id='word_1_234' title='bbox 143 2281 316 2316; x_wconf 88' lang='lat' dir='ltr'>derlinius</span> <span class='ocrx_word' id='word_1_235' title='bbox 345 2284 501 2319; x_wconf 90' lang='lat' dir='ltr'>coniecit</span> <span class='ocrx_word' id='word_1_236' title='bbox 524 2297 634 2330; x_wconf 85' lang='lat' dir='ltr'>prave</span> <span class='ocrx_word' id='word_1_237' title='bbox 660 2287 797 2320; x_wconf 84' lang='lat' dir='ltr'>iuvisse.</span> 
     </span>
     <span class='ocr_line' id='line_1_43' title="bbox 218 2330 858 2378; baseline 0.006 -15"><span class='ocrx_word' id='word_1_238' title='bbox 218 2330 377 2366; x_wconf 83' lang='lat' dir='ltr'>Cluvium</span> <span class='ocrx_word' id='word_1_239' title='bbox 409 2334 563 2378; x_wconf 81' lang='lat' dir='ltr'>Rufum:</span> <span class='ocrx_word' id='word_1_240' title='bbox 607 2335 636 2368; x_wconf 90' lang='lat' dir='ltr'>is</span> <span class='ocrx_word' id='word_1_241' title='bbox 676 2335 858 2368; x_wconf 72' lang='lat' dir='ltr'>comitaturi</span> 
     </span>
    </p>
   </div>
   <div class='ocr_carea' id='block_1_20' title="bbox 142 2379 862 3009">
    <p class='ocr_par' dir='ltr' id='par_1_21' title="bbox 142 2379 860 2557">
     <span class='ocr_line' id='line_1_44' title="bbox 142 2379 859 2428; baseline 0.009 -18"><span class='ocrx_word' id='word_1_242' title='bbox 142 2379 315 2422; x_wconf 88' lang='lat' dir='ltr'>principis</span> <span class='ocrx_word' id='word_1_243' title='bbox 364 2381 525 2415; x_wconf 86' lang='lat' dir='ltr'>adiectus</span> <span class='ocrx_word' id='word_1_244' title='bbox 565 2388 641 2416; x_wconf 86' lang='lat' dir='ltr'>erat</span> <span class='ocrx_word' id='word_1_245' title='bbox 676 2383 859 2428; x_wconf 88' lang='lat' dir='ltr'>Lugduni,</span> 
     </span>
     <span class='ocr_line' id='line_1_45' title="bbox 144 2426 860 2475; baseline 0.01 -17"><span class='ocrx_word' id='word_1_246' title='bbox 144 2426 203 2459; x_wconf 89' lang='lat' dir='ltr'>ubi</span> <span class='ocrx_word' id='word_1_247' title='bbox 235 2427 417 2462; x_wconf 90' lang='lat' dir='ltr'>Vitellium</span> <span class='ocrx_word' id='word_1_248' title='bbox 445 2432 576 2464; x_wconf 86' lang='lat' dir='ltr'>omissa</span> <span class='ocrx_word' id='word_1_249' title='bbox 597 2431 771 2475; x_wconf 83' lang='lat' dir='ltr'>Hispania</span> <span class='ocrx_word' id='word_1_250' title='bbox 799 2443 860 2465; x_wconf 87' lang='lat' dir='ltr'>as-</span> 
     </span>
     <span class='ocr_line' id='line_1_46' title="bbox 143 2478 857 2520; baseline 0.009 -13"><span class='ocrx_word' id='word_1_251' title='bbox 143 2479 287 2509; x_wconf 87' lang='lat' dir='ltr'>secutus</span> <span class='ocrx_word' id='word_1_252' title='bbox 315 2482 390 2520; x_wconf 80' lang='lat' dir='ltr'>est3</span> <span class='ocrx_word' id='word_1_253' title='bbox 418 2488 451 2511; x_wconf 93' lang='lat' dir='ltr'>v.</span> <span class='ocrx_word' id='word_1_254' title='bbox 486 2478 525 2511; x_wconf 94' lang='lat' dir='ltr'>H.</span> <span class='ocrx_word' id='word_1_255' title='bbox 543 2478 572 2511; x_wconf 88' lang='grc' dir='ltr'>ΙΙ</span> <span class='ocrx_word' id='word_1_256' title='bbox 597 2479 643 2513; x_wconf 84' lang='grc'>65</span> <span class='ocrx_word' id='word_1_257' title='bbox 673 2479 755 2512; x_wconf 90' lang='lat' dir='ltr'>coll.</span> <span class='ocrx_word' id='word_1_258' title='bbox 783 2480 857 2512; x_wconf 86' lang='lat' dir='ltr'>lnd.</span> 
     </span>
     <span class='ocr_line' id='line_1_47' title="bbox 144 2522 269 2557; baseline 0.008 -1"><span class='ocrx_word' id='word_1_259' title='bbox 144 2522 269 2557; x_wconf 88' lang='lat' dir='ltr'>histor.</span> 
     </span>
    </p>

    <p class='ocr_par' dir='ltr' id='par_1_22' title="bbox 143 2571 862 2862">
     <span class='ocr_line' id='line_1_48' title="bbox 215 2571 859 2619; baseline 0.005 -14"><span class='ocrx_word' id='word_1_260' title='bbox 215 2571 341 2606; x_wconf 77' lang='lat' dir='ltr'>Silium</span> <span class='ocrx_word' id='word_1_261' title='bbox 351 2573 533 2607; x_wconf 85' lang='lat' dir='ltr'>Italicum:</span> <span class='ocrx_word' id='word_1_262' title='bbox 560 2575 618 2619; x_wconf 91' lang='lat' dir='ltr'>qui</span> <span class='ocrx_word' id='word_1_263' title='bbox 647 2579 773 2618; x_wconf 85' lang='lat' dir='ltr'>postea</span> <span class='ocrx_word' id='word_1_264' title='bbox 788 2575 859 2608; x_wconf 87' lang='lat' dir='ltr'>Pu-</span> 
     </span>
     <span class='ocr_line' id='line_1_49' title="bbox 143 2620 859 2666; baseline 0.006 -14"><span class='ocrx_word' id='word_1_265' title='bbox 143 2620 304 2654; x_wconf 77' lang='lat' dir='ltr'>nieorum</span> <span class='ocrx_word' id='word_1_266' title='bbox 330 2631 472 2655; x_wconf 89' lang='lat' dir='ltr'>carmen</span> <span class='ocrx_word' id='word_1_267' title='bbox 506 2623 660 2666; x_wconf 88' lang='lat' dir='ltr'>scripsit.</span> <span class='ocrx_word' id='word_1_268' title='bbox 725 2623 859 2656; x_wconf 87' lang='lat' dir='ltr'>Plinius</span> 
     </span>
     <span class='ocr_line' id='line_1_50' title="bbox 143 2668 862 2716; baseline 0.006 -15"><span class='ocrx_word' id='word_1_269' title='bbox 143 2668 256 2712; x_wconf 87' lang='lat' dir='ltr'>Epist.</span> <span class='ocrx_word' id='word_1_270' title='bbox 283 2668 333 2703; x_wconf 86' lang='lat'>111</span> <span class='ocrx_word' id='word_1_271' title='bbox 361 2670 401 2704; x_wconf 82' lang='lat'>7:</span> <span class='ocrx_word' id='word_1_272' title='bbox 427 2669 578 2704; x_wconf 82' lang='lat' dir='ltr'>laeserat</span> <span class='ocrx_word' id='word_1_273' title='bbox 603 2673 737 2716; x_wconf 82' lang='lat' dir='ltr'>famam</span> <span class='ocrx_word' id='word_1_274' title='bbox 762 2682 862 2705; x_wconf 89' lang='lat' dir='ltr'>suam</span> 
     </span>
     <span class='ocr_line' id='line_1_51' title="bbox 143 2716 859 2765; baseline 0.004 -15"><span class='ocrx_word' id='word_1_275' title='bbox 143 2716 204 2750; x_wconf 85' lang='lat' dir='ltr'>sub</span> <span class='ocrx_word' id='word_1_276' title='bbox 224 2717 387 2760; x_wconf 79' lang='lat' dir='ltr'>Nerone3</span> <span class='ocrx_word' id='word_1_277' title='bbox 414 2718 622 2753; x_wconf 84' lang='lat' dir='ltr'>credebatur</span> <span class='ocrx_word' id='word_1_278' title='bbox 647 2726 766 2765; x_wconf 83' lang='lat' dir='ltr'>sponte</span> <span class='ocrx_word' id='word_1_279' title='bbox 794 2731 859 2753; x_wconf 87' lang='lat' dir='ltr'>ac-</span> 
     </span>
     <span class='ocr_line' id='line_1_52' title="bbox 146 2766 861 2802; baseline 0.007 -5"><span class='ocrx_word' id='word_1_280' title='bbox 146 2776 309 2799; x_wconf 81' lang='lat' dir='ltr'>cusasse.-</span> <span class='ocrx_word' id='word_1_281' title='bbox 351 2766 412 2800; x_wconf 88' lang='lat' dir='ltr'>sed</span> <span class='ocrx_word' id='word_1_282' title='bbox 446 2769 486 2801; x_wconf 80' lang='lat' dir='ltr'>in</span> <span class='ocrx_word' id='word_1_283' title='bbox 534 2767 664 2802; x_wconf 77' lang='lat' dir='ltr'>Vitellii</span> <span class='ocrx_word' id='word_1_284' title='bbox 701 2769 861 2802; x_wconf 84' lang='lat' dir='ltr'>amicitia</span> 
     </span>
     <span class='ocr_line' id='line_1_53' title="bbox 145 2814 807 2862; baseline 0.006 -17"><span class='ocrx_word' id='word_1_285' title='bbox 145 2814 323 2858; x_wconf 83' lang='lat' dir='ltr'>sapienter</span> <span class='ocrx_word' id='word_1_286' title='bbox 348 2827 383 2848; x_wconf 87' lang='lat' dir='ltr'>se</span> <span class='ocrx_word' id='word_1_287' title='bbox 411 2821 443 2849; x_wconf 92' lang='lat' dir='ltr'>et</span> <span class='ocrx_word' id='word_1_288' title='bbox 469 2817 613 2850; x_wconf 82' lang='lat' dir='ltr'>comiter</span> <span class='ocrx_word' id='word_1_289' title='bbox 638 2823 807 2862; x_wconf 83' lang='lat' dir='ltr'>9esser.at</span> 
     </span>
    </p>

    <p class='ocr_par' dir='ltr' id='par_1_23' title="bbox 146 2861 860 3009">
     <span class='ocr_line' id='line_1_54' title="bbox 218 2861 859 2911; baseline 0.005 -15"><span class='ocrx_word' id='word_1_290' title='bbox 218 2861 302 2906; x_wconf 84' lang='lat' dir='ltr'>Cap.</span> <span class='ocrx_word' id='word_1_291' title='bbox 331 2863 388 2898; x_wconf 91' lang='lat'>66.</span> <span class='ocrx_word' id='word_1_292' title='bbox 444 2875 510 2898; x_wconf 84' lang='lat' dir='ltr'>nec</span> <span class='ocrx_word' id='word_1_293' title='bbox 545 2871 680 2899; x_wconf 81' lang='lat' dir='ltr'>tantam</span> <span class='ocrx_word' id='word_1_294' title='bbox 726 2865 859 2911; x_wconf 82' lang='lat' dir='ltr'>Vespa-</span> 
     </span>
     <span class='ocr_line' id='line_1_55' title="bbox 146 2909 858 2960; baseline 0.01 -19"><span class='ocrx_word' id='word_1_295' title='bbox 146 2909 246 2942; x_wconf 82' lang='lat' dir='ltr'>siano</span> <span class='ocrx_word' id='word_1_296' title='bbox 273 2911 471 2956; x_wconf 82' lang='lat' dir='ltr'>superbiam</span> <span class='ocrx_word' id='word_1_297' title='bbox 503 2919 541 2947; x_wconf 86' lang='lat' dir='ltr'>ut</span> <span class='ocrx_word' id='word_1_298' title='bbox 573 2935 618 2940; x_wconf 92' lang='lat'>—</span> <span class='ocrx_word' id='word_1_299' title='bbox 650 2920 858 2960; x_wconf 86' lang='lat' dir='ltr'>pateretur:</span> 
     </span>
     <span class='ocr_line' id='line_1_56' title="bbox 148 2957 860 3009; baseline 0.011 -21"><span class='ocrx_word' id='word_1_300' title='bbox 148 2957 322 3000; x_wconf 89' lang='lat' dir='ltr'>privatum</span> <span class='ocrx_word' id='word_1_301' title='bbox 359 2961 431 3004; x_wconf 87' lang='lat' dir='ltr'>pati</span> <span class='ocrx_word' id='word_1_302' title='bbox 471 2960 659 2997; x_wconf 90' lang='lat' dir='ltr'>Caesarem</span> <span class='ocrx_word' id='word_1_303' title='bbox 710 2963 860 3009; x_wconf 89' lang='lat' dir='ltr'>imperio</span> 
     </span>
    </p>
   </div>
   <div class='ocr_carea' id='block_1_21' title="bbox 927 1848 1649 3011">
    <p class='ocr_par' dir='ltr' id='par_1_24' title="bbox 929 1848 1648 2233">
     <span class='ocr_line' id='line_1_57' title="bbox 929 1848 1648 1894; baseline 0.003 -10"><span class='ocrx_word' id='word_1_304' title='bbox 929 1855 1097 1894; x_wconf 90' lang='lat' dir='ltr'>exutum,</span> <span class='ocrx_word' id='word_1_305' title='bbox 1131 1861 1199 1885; x_wconf 87' lang='lat' dir='ltr'>nec</span> <span class='ocrx_word' id='word_1_306' title='bbox 1224 1851 1352 1885; x_wconf 86' lang='lat' dir='ltr'>timere</span> <span class='ocrx_word' id='word_1_307' title='bbox 1379 1850 1558 1885; x_wconf 85' lang='lat' dir='ltr'>aemulum</span> <span class='ocrx_word' id='word_1_308' title='bbox 1584 1848 1648 1886; x_wconf 84' lang='lat' dir='ltr'>sed</span> 
     </span>
     <span class='ocr_line' id='line_1_58' title="bbox 931 1900 1648 1945; baseline 0.004 -13"><span class='ocrx_word' id='word_1_309' title='bbox 931 1904 1176 1941; x_wconf 89' lang='lat' dir='ltr'>contemnere,</span> <span class='ocrx_word' id='word_1_310' title='bbox 1204 1909 1275 1932; x_wconf 91' lang='lat' dir='ltr'>non</span> <span class='ocrx_word' id='word_1_311' title='bbox 1299 1903 1369 1932; x_wconf 82' lang='lat' dir='ltr'>tam</span> <span class='ocrx_word' id='word_1_312' title='bbox 1393 1900 1558 1945; x_wconf 73' lang='lat' dir='ltr'>superbia</span> <span class='ocrx_word' id='word_1_313' title='bbox 1571 1905 1648 1935; x_wconf 79' lang='lat' dir='ltr'>erat</span> 
     </span>
     <span class='ocr_line' id='line_1_59' title="bbox 930 1947 1647 1991; baseline 0.004 -11"><span class='ocrx_word' id='word_1_314' title='bbox 930 1958 1033 1991; x_wconf 89' lang='lat' dir='ltr'>quam</span> <span class='ocrx_word' id='word_1_315' title='bbox 1061 1948 1172 1981; x_wconf 83' lang='lat' dir='ltr'>animi</span> <span class='ocrx_word' id='word_1_316' title='bbox 1196 1947 1364 1990; x_wconf 79' lang='lat' dir='ltr'>altitudo,</span> <span class='ocrx_word' id='word_1_317' title='bbox 1391 1947 1455 1981; x_wconf 89' lang='lat' dir='ltr'>sed</span> <span class='ocrx_word' id='word_1_318' title='bbox 1481 1948 1647 1983; x_wconf 86' lang='lat' dir='ltr'>hortato-</span> 
     </span>
     <span class='ocr_line' id='line_1_60' title="bbox 930 1994 1648 2040; baseline 0.004 -12"><span class='ocrx_word' id='word_1_319' title='bbox 930 2005 987 2028; x_wconf 87' lang='lat' dir='ltr'>res</span> <span class='ocrx_word' id='word_1_320' title='bbox 1018 1996 1061 2029; x_wconf 91' lang='lat' dir='ltr'>de</span> <span class='ocrx_word' id='word_1_321' title='bbox 1088 1995 1256 2040; x_wconf 87' lang='lat' dir='ltr'>superbia</span> <span class='ocrx_word' id='word_1_322' title='bbox 1283 1994 1491 2040; x_wconf 88' lang='lat' dir='ltr'>loquuntur,</span> <span class='ocrx_word' id='word_1_323' title='bbox 1518 2002 1557 2030; x_wconf 85' lang='lat' dir='ltr'>ut</span> <span class='ocrx_word' id='word_1_324' title='bbox 1581 1997 1648 2031; x_wconf 82' lang='lat' dir='ltr'>vi-</span> 
     </span>
     <span class='ocr_line' id='line_1_61' title="bbox 930 2043 1647 2088; baseline 0 -12"><span class='ocrx_word' id='word_1_325' title='bbox 930 2043 1068 2077; x_wconf 90' lang='lat' dir='ltr'>tellium</span> <span class='ocrx_word' id='word_1_326' title='bbox 1098 2044 1141 2077; x_wconf 91' lang='lat' dir='ltr'>de</span> <span class='ocrx_word' id='word_1_327' title='bbox 1167 2055 1230 2088; x_wconf 89' lang='lat' dir='ltr'>spe</span> <span class='ocrx_word' id='word_1_328' title='bbox 1256 2054 1321 2077; x_wconf 83' lang='lat' dir='ltr'>sua</span> <span class='ocrx_word' id='word_1_329' title='bbox 1352 2049 1387 2077; x_wconf 87' lang='lat' dir='ltr'>et</span> <span class='ocrx_word' id='word_1_330' title='bbox 1413 2043 1543 2079; x_wconf 82' lang='lat' dir='ltr'>fiducia</span> <span class='ocrx_word' id='word_1_331' title='bbox 1568 2056 1647 2079; x_wconf 83' lang='lat' dir='ltr'>ma..</span> 
     </span>
     <span class='ocr_line' id='line_1_62' title="bbox 932 2091 1648 2137; baseline 0.004 -12"><span class='ocrx_word' id='word_1_332' title='bbox 932 2092 986 2137; x_wconf 87' lang='lat' dir='ltr'>gis</span> <span class='ocrx_word' id='word_1_333' title='bbox 1023 2091 1218 2126; x_wconf 84' lang='lat' dir='ltr'>deiiciant:</span> <span class='ocrx_word' id='word_1_334' title='bbox 1262 2092 1464 2136; x_wconf 86' lang='lat' dir='ltr'>superbiam</span> <span class='ocrx_word' id='word_1_335' title='bbox 1500 2094 1594 2128; x_wconf 91' lang='lat' dir='ltr'>enim</span> <span class='ocrx_word' id='word_1_336' title='bbox 1627 2104 1648 2128; x_wconf 82' lang='lat' dir='ltr'>a</span> 
     </span>
     <span class='ocr_line' id='line_1_63' title="bbox 933 2140 1648 2187; baseline 0.006 -14"><span class='ocrx_word' id='word_1_337' title='bbox 933 2140 1147 2184; x_wconf 88' lang='lat' dir='ltr'>Vespasiani</span> <span class='ocrx_word' id='word_1_338' title='bbox 1174 2140 1332 2174; x_wconf 84' lang='lat' dir='ltr'>moribus</span> <span class='ocrx_word' id='word_1_339' title='bbox 1359 2142 1503 2175; x_wconf 89' lang='lat' dir='ltr'>omnino</span> <span class='ocrx_word' id='word_1_340' title='bbox 1519 2142 1648 2187; x_wconf 82' lang='lat' dir='ltr'>abesse</span> 
     </span>
     <span class='ocr_line' id='line_1_64' title="bbox 931 2189 1398 2233; baseline 0.002 -11"><span class='ocrx_word' id='word_1_341' title='bbox 931 2189 1024 2233; x_wconf 90' lang='lat' dir='ltr'>apud</span> <span class='ocrx_word' id='word_1_342' title='bbox 1051 2199 1174 2223; x_wconf 90' lang='lat' dir='ltr'>omnes</span> <span class='ocrx_word' id='word_1_343' title='bbox 1202 2189 1398 2224; x_wconf 86' lang='lat' dir='ltr'>constabat.</span> 
     </span>
    </p>

    <p class='ocr_par' dir='ltr' id='par_1_25' title="bbox 927 2238 1649 2474">
     <span class='ocr_line' id='line_1_65' title="bbox 1006 2238 1649 2283; baseline 0.003 -12"><span class='ocrx_word' id='word_1_344' title='bbox 1006 2248 1050 2270; x_wconf 83' lang='lat' dir='ltr'>ne</span> <span class='ocrx_word' id='word_1_345' title='bbox 1076 2239 1184 2272; x_wconf 82' lang='lat' dir='ltr'>victos</span> <span class='ocrx_word' id='word_1_346' title='bbox 1218 2238 1354 2283; x_wconf 85' lang='lat' dir='ltr'>quidem</span> <span class='ocrx_word' id='word_1_347' title='bbox 1385 2238 1530 2273; x_wconf 76' lang='lat' dir='ltr'>laturos.</span> <span class='ocrx_word' id='word_1_348' title='bbox 1591 2238 1649 2273; x_wconf 76' lang='lat' dir='ltr'>lta</span> 
     </span>
     <span class='ocr_line' id='line_1_66' title="bbox 927 2286 1647 2333; baseline 0.003 -14"><span class='ocrx_word' id='word_1_349' title='bbox 927 2286 1124 2332; x_wconf 83' lang='lat' dir='ltr'>periculum</span> <span class='ocrx_word' id='word_1_350' title='bbox 1161 2299 1204 2320; x_wconf 74' lang='lat' dir='ltr'>ea:</span> <span class='ocrx_word' id='word_1_351' title='bbox 1239 2287 1506 2321; x_wconf 76' lang='lat' dir='ltr'>misericordia:</span> <span class='ocrx_word' id='word_1_352' title='bbox 1543 2297 1647 2333; x_wconf 74' lang='lat' dir='ltr'>quam</span> 
     </span>
     <span class='ocr_line' id='line_1_67' title="bbox 931 2334 1646 2380; baseline 0.004 -13"><span class='ocrx_word' id='word_1_353' title='bbox 931 2334 1138 2380; x_wconf 86' lang='lat' dir='ltr'>intelligant</span> <span class='ocrx_word' id='word_1_354' title='bbox 1169 2336 1473 2380; x_wconf 82' lang='lat' dir='ltr'>misericordiam,</span> <span class='ocrx_word' id='word_1_355' title='bbox 1513 2334 1646 2370; x_wconf 77' lang='lat' dir='ltr'>clarum</span> 
     </span>
     <span class='ocr_line' id='line_1_68' title="bbox 932 2383 1642 2427; baseline 0.004 -11"><span class='ocrx_word' id='word_1_356' title='bbox 932 2394 975 2416; x_wconf 87' lang='lat' dir='ltr'>ex</span> <span class='ocrx_word' id='word_1_357' title='bbox 1004 2394 1034 2416; x_wconf 90' lang='lat' dir='ltr'>c.</span> <span class='ocrx_word' id='word_1_358' title='bbox 1063 2383 1111 2418; x_wconf 87' lang='grc'>84</span> <span class='ocrx_word' id='word_1_359' title='bbox 1138 2389 1227 2418; x_wconf 87' lang='lat' dir='ltr'>extr.</span> <span class='ocrx_word' id='word_1_360' title='bbox 1354 2383 1428 2427; x_wconf 79' lang='lat' dir='ltr'>lilio</span> <span class='ocrx_word' id='word_1_361' title='bbox 1455 2386 1529 2420; x_wconf 74' lang='lat' dir='ltr'>eine</span> <span class='ocrx_word' id='word_1_362' title='bbox 1556 2383 1642 2419; x_wconf 74' lang='lat' dir='ltr'>Ger-</span> 
     </span>
     <span class='ocr_line' id='line_1_69' title="bbox 931 2431 1548 2474; baseline 0.005 -11"><span class='ocrx_word' id='word_1_363' title='bbox 931 2433 1098 2464; x_wconf 82' lang='lat' dir='ltr'>manico.-</span> <span class='ocrx_word' id='word_1_364' title='bbox 1128 2432 1173 2465; x_wconf 82' lang='lat' dir='ltr'>cf.</span> <span class='ocrx_word' id='word_1_365' title='bbox 1201 2433 1242 2466; x_wconf 90' lang='lat' dir='ltr'>H.</span> <span class='ocrx_word' id='word_1_366' title='bbox 1269 2431 1299 2465; x_wconf 92' lang='grc' dir='ltr'>ΙΙ</span> <span class='ocrx_word' id='word_1_367' title='bbox 1327 2432 1385 2474; x_wconf 83' lang='grc'>59,</span> <span class='ocrx_word' id='word_1_368' title='bbox 1416 2431 1464 2466; x_wconf 90' lang='lat' dir='ltr'>lv</span> <span class='ocrx_word' id='word_1_369' title='bbox 1489 2433 1548 2470; x_wconf 84' lang='grc'>80.</span> 
     </span>
    </p>

    <p class='ocr_par' dir='ltr' id='par_1_26' title="bbox 930 2479 1649 3011">
     <span class='ocr_line' id='line_1_70' title="bbox 1001 2479 1648 2515; baseline 0.006 -4"><span class='ocrx_word' id='word_1_370' title='bbox 1001 2479 1216 2512; x_wconf 83' lang='lat' dir='ltr'>aemulatore</span> <span class='ocrx_word' id='word_1_371' title='bbox 1253 2480 1476 2514; x_wconf 81' lang='lat' dir='ltr'>redituram:</span> <span class='ocrx_word' id='word_1_372' title='bbox 1521 2482 1556 2513; x_wconf 88' lang='lat' dir='ltr'>in</span> <span class='ocrx_word' id='word_1_373' title='bbox 1594 2479 1648 2515; x_wconf 67' lang='lat' dir='ltr'>Ma</span> 
     </span>
     <span class='ocr_line' id='line_1_71' title="bbox 931 2527 1649 2570; baseline 0.006 -11"><span class='ocrx_word' id='word_1_374' title='bbox 931 2527 1070 2570; x_wconf 80' lang='lat' dir='ltr'>syllaba</span> <span class='ocrx_word' id='word_1_375' title='bbox 1107 2539 1146 2560; x_wconf 92' lang='lat' dir='ltr'>re</span> <span class='ocrx_word' id='word_1_376' title='bbox 1177 2529 1309 2561; x_wconf 86' lang='lat' dir='ltr'>omissa</span> <span class='ocrx_word' id='word_1_377' title='bbox 1344 2532 1398 2561; x_wconf 88' lang='lat' dir='ltr'>est</span> <span class='ocrx_word' id='word_1_378' title='bbox 1438 2534 1521 2562; x_wconf 83' lang='lat' dir='ltr'>ante</span> <span class='ocrx_word' id='word_1_379' title='bbox 1554 2529 1649 2563; x_wconf 77' lang='lat' dir='ltr'>ditu-</span> 
     </span>
     <span class='ocr_line' id='line_1_72' title="bbox 931 2575 1648 2620; baseline 0.003 -12"><span class='ocrx_word' id='word_1_380' title='bbox 931 2586 1032 2616; x_wconf 84' lang='lat' dir='ltr'>ram,</span> <span class='ocrx_word' id='word_1_381' title='bbox 1078 2575 1172 2619; x_wconf 92' lang='lat' dir='ltr'>quod</span> <span class='ocrx_word' id='word_1_382' title='bbox 1212 2576 1337 2610; x_wconf 76' lang='lat' dir='ltr'>eadem</span> <span class='ocrx_word' id='word_1_383' title='bbox 1371 2576 1570 2620; x_wconf 82' lang='lat' dir='ltr'>antecedit,</span> <span class='ocrx_word' id='word_1_384' title='bbox 1609 2582 1648 2610; x_wconf 87' lang='lat' dir='ltr'>ut</span> 
     </span>
     <span class='ocr_line' id='line_1_73' title="bbox 932 2623 1648 2670; baseline 0.004 -14"><span class='ocrx_word' id='word_1_385' title='bbox 932 2623 1051 2657; x_wconf 76' lang='lat' dir='ltr'>xt150</span> <span class='ocrx_word' id='word_1_386' title='bbox 1078 2629 1230 2668; x_wconf 87' lang='lat' dir='ltr'>tempore</span> <span class='ocrx_word' id='word_1_387' title='bbox 1260 2624 1448 2659; x_wconf 75' lang='lat' dir='ltr'>bellaturos</span> <span class='ocrx_word' id='word_1_388' title='bbox 1476 2631 1648 2670; x_wconf 86' lang='lat' dir='ltr'>protem-</span> 
     </span>
     <span class='ocr_line' id='line_1_74' title="bbox 930 2671 1647 2717; baseline 0.006 -13"><span class='ocrx_word' id='word_1_389' title='bbox 930 2683 1014 2717; x_wconf 83' lang='lat' dir='ltr'>pore</span> <span class='ocrx_word' id='word_1_390' title='bbox 1041 2671 1273 2707; x_wconf 85' lang='lat' dir='ltr'>rebellaturos</span> <span class='ocrx_word' id='word_1_391' title='bbox 1300 2674 1335 2706; x_wconf 91' lang='lat' dir='ltr'>in</span> <span class='ocrx_word' id='word_1_392' title='bbox 1362 2674 1528 2708; x_wconf 83' lang='lat' dir='ltr'>omnibus</span> <span class='ocrx_word' id='word_1_393' title='bbox 1546 2673 1647 2708; x_wconf 81' lang='lat' dir='ltr'>libris</span> 
     </span>
     <span class='ocr_line' id='line_1_75' title="bbox 931 2721 1647 2767; baseline 0.006 -14"><span class='ocrx_word' id='word_1_394' title='bbox 931 2730 1114 2764; x_wconf 85' lang='lat' dir='ltr'>perperam</span> <span class='ocrx_word' id='word_1_395' title='bbox 1130 2721 1307 2755; x_wconf 89' lang='lat' dir='ltr'>scribitur.</span> <span class='ocrx_word' id='word_1_396' title='bbox 1336 2721 1479 2767; x_wconf 82' lang='lat' dir='ltr'>Lipsius</span> <span class='ocrx_word' id='word_1_397' title='bbox 1495 2734 1540 2757; x_wconf 86' lang='lat' dir='ltr'>ex</span> <span class='ocrx_word' id='word_1_398' title='bbox 1557 2732 1647 2756; x_wconf 86' lang='lat' dir='ltr'>eon-</span> 
     </span>
     <span class='ocr_line' id='line_1_76' title="bbox 931 2769 1646 2815; baseline 0.006 -14"><span class='ocrx_word' id='word_1_399' title='bbox 931 2770 1068 2802; x_wconf 79' lang='lat' dir='ltr'>iectura</span> <span class='ocrx_word' id='word_1_400' title='bbox 1102 2769 1199 2803; x_wconf 87' lang='lat' dir='ltr'>dedit</span> <span class='ocrx_word' id='word_1_401' title='bbox 1235 2770 1413 2804; x_wconf 72' lang='lat' dir='ltr'>aentulatu</span> <span class='ocrx_word' id='word_1_402' title='bbox 1437 2771 1646 2815; x_wconf 78' lang='lat' dir='ltr'>redituram,</span> 
     </span>
     <span class='ocr_line' id='line_1_77' title="bbox 932 2817 1646 2858; baseline 0.007 -9"><span class='ocrx_word' id='word_1_403' title='bbox 932 2817 995 2850; x_wconf 88' lang='lat' dir='ltr'>sed</span> <span class='ocrx_word' id='word_1_404' title='bbox 1021 2822 1093 2850; x_wconf 90' lang='lat' dir='ltr'>tum</span> <span class='ocrx_word' id='word_1_405' title='bbox 1121 2819 1315 2852; x_wconf 82' lang='lat' dir='ltr'>aemulatus</span> <span class='ocrx_word' id='word_1_406' title='bbox 1353 2829 1423 2852; x_wconf 91' lang='lat' dir='ltr'>non</span> <span class='ocrx_word' id='word_1_407' title='bbox 1450 2819 1503 2858; x_wconf 66' lang='lat' dir='ltr'>,ad</span> <span class='ocrx_word' id='word_1_408' title='bbox 1529 2819 1646 2854; x_wconf 86' lang='lat' dir='ltr'>Vitel-</span> 
     </span>
     <span class='ocr_line' id='line_1_78' title="bbox 931 2865 1648 2911; baseline 0.006 -12"><span class='ocrx_word' id='word_1_409' title='bbox 931 2865 1016 2899; x_wconf 91' lang='lat' dir='ltr'>lium</span> <span class='ocrx_word' id='word_1_410' title='bbox 1047 2870 1082 2898; x_wconf 89' lang='lat' dir='ltr'>et</span> <span class='ocrx_word' id='word_1_411' title='bbox 1111 2867 1394 2911; x_wconf 86' lang='lat' dir='ltr'>Vespasianum,</span> <span class='ocrx_word' id='word_1_412' title='bbox 1422 2868 1486 2902; x_wconf 90' lang='lat' dir='ltr'>sed</span> <span class='ocrx_word' id='word_1_413' title='bbox 1512 2868 1648 2902; x_wconf 69' lang='lat' dir='ltr'>adae-</span> 
     </span>
     <span class='ocr_line' id='line_1_79' title="bbox 931 2913 1649 2951; baseline 0.006 -5"><span class='ocrx_word' id='word_1_414' title='bbox 931 2913 1162 2948; x_wconf 90' lang='lat' dir='ltr'>mulationem</span> <span class='ocrx_word' id='word_1_415' title='bbox 1190 2916 1411 2949; x_wconf 86' lang='lat' dir='ltr'>exercituum</span> <span class='ocrx_word' id='word_1_416' title='bbox 1431 2917 1649 2951; x_wconf 87' lang='lat' dir='ltr'>amicorum-</span> 
     </span>
     <span class='ocr_line' id='line_1_80' title="bbox 932 2962 1648 3011; baseline 0.006 -16"><span class='ocrx_word' id='word_1_417' title='bbox 932 2972 1001 3009; x_wconf 91' lang='lat' dir='ltr'>que</span> <span class='ocrx_word' id='word_1_418' title='bbox 1039 2962 1178 2998; x_wconf 86' lang='lat' dir='ltr'>Vitellii</span> <span class='ocrx_word' id='word_1_419' title='bbox 1209 2974 1252 2998; x_wconf 85' lang='lat' dir='ltr'>ac</span> <span class='ocrx_word' id='word_1_420' title='bbox 1286 2964 1496 3009; x_wconf 83' lang='lat' dir='ltr'>Vespasiani</span> <span class='ocrx_word' id='word_1_421' title='bbox 1531 2965 1648 3011; x_wconf 79' lang='lat' dir='ltr'>perti-</span> 
     </span>
    </p>
   </div>
   <div class='ocr_carea' id='block_1_22' title="bbox 1439 209 1649 251">
    <p class='ocr_par' dir='ltr' id='par_1_27' title="bbox 1439 209 1649 251">
     <span class='ocr_line' id='line_1_81' title="bbox 1439 209 1649 251; baseline 0.01 -2"><span class='ocrx_word' id='word_1_422' title='bbox 1439 225 1471 249; x_wconf 90' lang='lat' dir='ltr'>a.</span> <span class='ocrx_word' id='word_1_423' title='bbox 1499 223 1535 248; x_wconf 79' lang='grc' dir='ltr'>ι.</span> <span class='ocrx_word' id='word_1_424' title='bbox 1559 209 1649 251; x_wconf 69' lang='grc'>822.</span> 
     </span>
    </p>
   </div>
   <div class='ocr_carea' id='block_1_23' title="bbox 1063 477 1717 529">
    <p class='ocr_par' dir='ltr' id='par_1_28' title="bbox 1063 477 1717 529">
     <span class='ocr_line' id='line_1_82' title="bbox 1063 477 1717 529; baseline -0.003 -9"><span class='ocrx_word' id='word_1_425' title='bbox 1063 478 1224 529; x_wconf 86' lang='lat' dir='ltr'>Quodsi</span> <span class='ocrx_word' id='word_1_426' title='bbox 1266 481 1348 520; x_wconf 80' lang='lat' dir='ltr'>tam</span> <span class='ocrx_word' id='word_1_427' title='bbox 1388 477 1514 521; x_wconf 82' lang='lat' dir='ltr'>facile</span> <span class='ocrx_word' id='word_1_428' title='bbox 1541 479 1717 520; x_wconf 83' lang='lat' dir='ltr'>suo-66</span> 
     </span>
    </p>
   </div>
   <div class='ocr_carea' id='block_1_24' title="bbox 1678 798 1768 856">
    <p class='ocr_par' dir='ltr' id='par_1_29' title="bbox 1678 798 1768 856">
     <span class='ocr_line' id='line_1_83' title="bbox 1678 798 1768 856; baseline 0 -1"><span class='ocrx_word' id='word_1_429' title='bbox 1678 798 1768 856; x_wconf 57' lang='grc' dir='ltr'>ω]</span> 
     </span>
    </p>
   </div>
   <div class='ocr_carea' id='block_1_25' title="bbox 1690 1021 1768 1133">
    <p class='ocr_par' dir='ltr' id='par_1_30' title="bbox 1690 1021 1768 1133">
     <span class='ocr_line' id='line_1_84' title="bbox 1690 1021 1768 1133; baseline 0 0"><span class='ocrx_word' id='word_1_430' title='bbox 1690 1021 1768 1133; x_wconf 59' lang='lat'>&#39;⁶³‘</span> 
     </span>
    </p>
   </div>
  </div>
 </body>
</html>
