1768 3216
9 519 14 531 ι

14 1307 32 1325 ·”
52 1304 103 1367 'ss
158 1318 200 1356 et
224 1315 287 1355 rei
317 1315 509 1369 publicae
541 1316 730 1371 egregia.

178 231 253 267 984

742 223 1054 262 HlsTomARvM

1460 236 1492 261 a.
1522 234 1559 262 ι’.
1584 226 1670 264 822.

179 348 306 390 Tanto
340 344 562 400 proclivius
591 346 653 384 est
683 342 860 384 iniuriae
889 355 1011 396 quam
1046 341 1251 383 beneficio
1281 342 1420 386 vicem
1453 344 1669 398 exolvere,

178 422 271 476 quia
303 419 433 474 gratia
466 417 598 469 oneri,
629 417 730 458 ultio
763 417 804 458 in
832 421 1006 471 quaestu
1037 417 1224 458 habetur.
1277 417 1436 460 Solatio
1469 418 1545 460 suit
1573 431 1671 462 ser-

175 506 252 535 vus
283 491 469 546 Verginii
498 491 734 545 Capitonis,
766 504 887 545 quem
919 491 1178 546 proditorem
1209 491 1571 535 Tarracinensium
1602 493 1672 538 di-

170 567 329 618 ximus,
362 566 544 620 patibulo
573 566 732 608 adfixus
764 566 806 608 in
834 566 966 609 isdem
998 566 1132 608 anulis
1171 579 1275 624 quos
1307 572 1507 626 acceptos
1537 581 1562 613 a
1591 568 1677 627 Vi:

139 640 281 699 stellio
309 640 512 696 gestabat.

301 715 356 758 At
383 715 540 757 Romae
570 720 739 758 senatus
772 721 922 759 cuncta
962 717 1220 772 principibus
1252 718 1373 760 solita
1406 718 1666 773 Vespasiano

166 790 378 842 decernit,
422 790 552 832 laetus
596 795 636 832 et
678 792 768 846 spei
811 796 971 834 certus:
1017 794 1166 847 quippe
1200 797 1361 848 sumpta
1403 806 1479 848 per
1510 793 1666 836 Gallias

165 865 466 920 Hispaniasque
499 865 638 907 civilia
669 879 808 919 arma,
858 868 981 909 motis
1012 868 1064 910 ad
1097 868 1248 928 bellum
1282 868 1527 922 Germanis,
1568 881 1667 912 mox

165 941 352 997 lllyrico,
390 944 607 994 postquam
648 942 886 997 Aegyptum

163 1091 264 1133 orbe
293 1091 454 1144 cepisse
486 1090 607 1132 finem
638 1091 901 1134 videbantur.

933 942 1129 985 Iudaeam
1168 943 1414 1027 Syrkrrrqpe
1446 947 1515 1017 etl
1524 945 1664 1014 Quis

113 1016 399 1070 improvincias
442 1016 735 1070 exercitusque
769 1017 1071 1070 lustraverant,
1115 1018 1227 1059 velut
1263 1031 1385 1080 Qua
1403 1023 1665 1074 ohterrarum

963 1093 1181 1135 Addidere
1213 1093 1470 1136 alacritatem
1502 1094 1665 1149 Vespa-

161 1166 267 1208 siani
310 1166 471 1207 litterae
521 1170 728 1220 tamquam
774 1172 968 1210 manente
1015 1168 1125 1209 bello
1171 1169 1367 1222 scriptae.
1428 1169 1664 1238 ELprQa

160 1240 300 1294 specie
333 1239 495 1282 forma:
544 1245 729 1282 ceterum
760 1245 804 1282 ut
833 1242 1028 1296 princeps
1060 1242 1332 1296 loquebatur,
1361 1243 1500 1285 civilia
1536 1243 1589 1286 de
1618 1256 1667 1287 se

160 1464 379 1518 imperium
427 1465 723 1507 decernuntur.

297 1625 331 1658 2.
363 1623 495 1658 solacio
525 1624 591 1659 Ma.

158 1672 415 1755 ῗίδιὶοῇιιξιίεναω
441 1672 505 1707 Ma.
574 1675 629 1710 14.
658 1675 691 1709 R.
721 1676 758 1709 Ρ.
786 1674 851 1710 Ma.

224 1881 306 1915 quos
330 1877 491 1917 acceptos
516 1883 539 1906 a
564 1871 723 1906 Vitellio:
751 1873 868 1908 Vitel-

150 1917 220 1952 lius
247 1919 306 1964 qui
334 1920 368 1953 h.
397 1920 420 1954 l.
449 1926 663 1955 memoratur
690 1926 743 1955 est
766 1923 868 1966 prin-

152 1977 248 2011 ceps,
276 1976 346 2000 non
374 1968 503 2002 Lucius
529 1969 710 2012 Vitellius,
740 1982 869 2016 quam-

151 2025 255 2059 quam
281 2016 380 2059 ipse,
425 2016 487 2050 sed
512 2019 657 2052 nomine
682 2020 868 2063 principis,

151 2063 302 2096 annulos
340 2069 374 2097 et
416 2064 628 2111 dignitatem
666 2072 868 2112 equestrem

151 2111 210 2145 isti
237 2121 342 2146 servo
373 2120 611 2148 concesserat.
640 2114 786 2148 Lucium
804 2116 868 2149 vi-

151 2159 289 2194 tellium
316 2160 457 2195 Tacitus
494 2172 564 2196 non
603 2163 682 2197 sine
712 2174 867 2208 praeno-

152 2209 248 2243 mine
275 2215 451 2245 vocasset.

221 2264 350 2291 cuncta
375 2260 593 2305 principibus
620 2260 748 2294 solita.-
775 2272 867 2306 quae

149 2303 234 2339 hino
268 2317 380 2352 usque
426 2307 467 2342 ad
506 2308 611 2342 finem
650 2311 776 2354 capitis
822 2311 866 2345 10

148 2353 353 2389 referuntur
389 2356 432 2391 de
473 2357 624 2401 imperio
655 2358 866 2403 Vespasiani

149 2411 169 2434 a
219 2404 376 2447 patribus
427 2405 573 2450 decreto
590 2432 598 2447 ,
652 2406 695 2440 de
748 2407 866 2440 hono-

147 2449 245 2484 ribus
297 2454 449 2496 principi
503 2459 538 2487 et
587 2454 669 2488 filiis
719 2457 864 2489 amicis-

147 2508 217 2543 que
247 2500 412 2542 collatis,
436 2501 479 2534 de
506 2503 728 2536 restituendo
756 2503 866 2547 Capi-

146 2547 249 2590 tolio,
277 2548 320 2582 de
346 2549 476 2594 legatis
495 2550 538 2583 ad
563 2552 760 2595 principem
780 2553 864 2585 mit-

145 2595 275 2639 tendis,
305 2596 349 2631 de
376 2597 518 2641 publica
549 2604 780 2643 paupertate,
821 2600 864 2633 de

145 2642 271 2678 Publio
299 2644 428 2679 Celere
454 2647 649 2690 puniendo,
680 2648 769 2681 haec
792 2658 862 2681 uno

145 2697 289 2727 senatus
324 2693 406 2736 die,
446 2699 482 2728 et
523 2695 667 2740 quidem
701 2697 862 2740 proximo

145 2746 225 2784 post
248 2742 371 2776 urbem
395 2743 644 2788 reciperatam,
673 2750 752 2778 acta
767 2750 860 2779 sunt.

144 2788 181 2821 ld
208 2801 285 2823 cum
314 2802 358 2824 ex
388 2793 464 2836 ipsa
479 2793 683 2826 narratione
711 2798 861 2836 constat,

144 2842 217 2870 turn
244 2849 287 2871 ex
315 2840 434 2873 verbis
463 2852 493 2874 c.
521 2842 563 2876 10
587 2842 767 2886 prooeimus
790 2842 862 2876 dies

146 2897 273 2919 causae
298 2887 493 2922 destinatur
518 2889 748 2935 intelligitur.
791 2891 862 2924 So..

146 2933 209 2966 lita
232 2935 448 2981 principibus
473 2943 554 2971 sunt
571 2939 765 2984 imperium,
794 2939 860 2972 tri-

146 2981 287 3016 bunicia
320 2990 498 3029 potestas,
548 2997 676 3021 nomen
714 2986 862 3034 Augusti

792 1316 880 1358 Nec
911 1321 1080 1359 senatus
1113 1317 1360 1372 obsequium
1383 1317 1548 1361 deerat:
1581 1319 1661 1374 ipsi

46 1410 49 1418 =
102 1399 140 1430 ¹5
159 1389 396 1431 consulatus
429 1401 521 1431 cum
546 1390 636 1432 Tito
681 1390 790 1444 filio,
840 1396 1035 1445 praetura
1076 1392 1313 1434 Domitiano
1356 1397 1397 1435 et
1440 1393 1663 1436 consulare

790 1465 962 1508 Miserat
1005 1471 1046 1507 et
1102 1467 1318 1509 Mucianus
1366 1468 1564 1522 epistulas
1610 1469 1707 1515 ad4

683 1627 717 1661 3.
743 1626 887 1671 vergilii
912 1626 978 1669 Ma,
1005 1627 1141 1673 uirqilii
1168 1628 1217 1662 G:
1251 1627 1404 1675 Virginis·
1429 1627 1659 1665 Puteolanus.

925 1677 980 1711 15.
1009 1676 1201 1711 consulare
1227 1675 1291 1711 Ma.
1373 1677 1429 1713 16.
1457 1677 1555 1725 epla:
1581 1689 1663 1714 cum

940 1879 1009 1909 cet.
1038 1874 1093 1910 cf.
1123 1875 1269 1919 H.147‚
1298 1876 1402 1911 1155.
1433 1875 1552 1922 ipsum
1568 1887 1658 1913 con-

939 1924 1072 1957 sultum
1096 1929 1241 1958 senatus
1267 1924 1325 1958 lex
1353 1930 1481 1960 vocata
1507 1931 1574 1969 est,
1602 1932 1662 1962 at..

939 1983 1008 2017 que
1035 1971 1129 2018 legis
1158 1978 1243 2006 tunc
1278 1973 1372 2007 latae
1408 1974 1661 2020 fragmentum,
1716 2017 1723 2025 .

938 2025 1118 2064 repertum
1158 2022 1193 2054 in
1222 2021 1344 2055 tabula
1383 2032 1498 2056 aenea
1524 2023 1659 2059 Romae
1693 2027 1715 2065 ,κ’

937 2069 974 2102 in
1004 2068 1161 2103 Basilica
1188 2069 1441 2113 Latet-anensi,
1481 2070 1615 2106 editum
1640 2083 1662 2107 a

939 2116 1088 2150 Grutero
1127 2128 1161 2162 p.
1190 2119 1262 2152 242
1299 2118 1477 2164 aliisque,
1518 2121 1554 2154 in
1589 2120 1662 2156 flue

940 2165 1044 2199 huius
1072 2167 1156 2199 tomi
1186 2177 1393 2211 expressum
1421 2172 1488 2202 est.

1007 2263 1130 2308 quippe
1172 2269 1308 2309 sumpta
1337 2275 1403 2310 per
1450 2264 1589 2299 Gallias
1614 2279 1661 2295 —⁴-

936 2310 1166 2356 Syriamque:
1192 2314 1316 2356 paucis
1336 2313 1456 2347 verbis
1483 2324 1576 2361 quae
1594 2325 1660 2350 ac-

936 2358 1097 2393 ciderant
1108 2359 1151 2393 ab
1167 2362 1337 2395 extremis
1350 2361 1542 2397 Neroniani
1557 2364 1664 2408 priu-r

936 2408 1074 2452 cipatus
1102 2409 1283 2443 mensibus
1298 2421 1411 2456 usque
1439 2410 1483 2445 ad
1505 2411 1658 2446 alterum

935 2457 1158 2501 reciperatae
1186 2458 1319 2492 Romae
1358 2458 1452 2493 diem
1491 2460 1677 2505 comple-v

935 2505 1065 2547 ctitur,
1101 2512 1237 2550 sumpta
1267 2517 1333 2551 per
1361 2507 1498 2541 Gallias
1522 2509 1652 2554 Hispa-

933 2553 1079 2597 uiasque
1106 2553 1227 2587 civilia
1254 2565 1358 2588 arma
1384 2555 1508 2589 dicens
1529 2557 1654 2591 vindi-

935 2601 986 2634 cis
1012 2601 1147 2635 bellum
1183 2607 1218 2635 et
1254 2602 1458 2637 affectatum
1495 2615 1515 2638 a
1544 2604 1654 2640 Galba

934 2650 1134 2693 imperium,
1161 2651 1261 2684 motis
1291 2651 1337 2685 ad
1363 2652 1488 2686 bellum
1504 2653 1654 2688 Germa-

932 2698 987 2730 nis
1026 2697 1164 2732 Vitellii
1203 2704 1351 2744 coepta,
1393 2711 1474 2734 mox
1508 2700 1654 2747 Illyrico

931 2746 1078 2780 Antonii
1116 2746 1221 2781 Pnirni
1258 2759 1316 2782 res
1354 2754 1476 2794 gestas
1510 2750 1654 2796 signifi-

933 2795 1045 2828 cando
1062 2822 1071 2837 ,
1106 2789 1255 2841 re‘liquis
1283 2797 1475 2843 Aegyptum
1512 2821 1557 2828 —
1583 2800 1654 2845 Sy..

931 2843 1088 2888 riamque
1118 2844 1181 2878 illa
1217 2846 1252 2878 in
1298 2845 1512 2881 memoriam*
1541 2857 1652 2882 revo-

932 2892 1044 2925 cando
1073 2903 1164 2937 quae
1190 2892 1352 2927 Tiberius
1379 2895 1585 2930 Alexander
1606 2900 1650 2930 ,et

933 2940 1175 2987 Vespasianus
1208 2952 1250 2976 ac
1278 2941 1462 2977 Mucianus
1499 2948 1651 2990 coepta-

929 2993 1065 3023 verant.
