1768 3216
766 258 1072 296 HISTORIARVM
1463 270 1496 295 a.
1522 269 1559 295 u.
1584 257 1668 296 823.

175 266 248 301 402

173 395 262 426 sum
293 380 483 423 diximus.
545 376 627 421 Sed
658 378 729 419 ubi
762 377 938 422 Cerialis
979 390 1073 420 cum
1116 375 1280 419 delecta
1322 375 1502 432 equitum
1544 388 1669 420 manu

170 455 375 508 subvenit,
411 467 534 497 versa
556 454 720 496 fortuna
738 453 990 508 praecipites
1009 453 1205 497 Germani
1225 454 1266 495 in
1290 466 1452 496 amnem
1477 457 1667 510 aguntur.

171 530 311 571 Civilis
344 530 437 571 dum
470 530 678 586 fugientes
710 532 905 582 retentat,
937 529 1102 584 agnitus
1132 530 1366 584 petitusque
1396 514 1489 571 telis
1519 529 1667 571 relicto

170 616 275 658 equo
307 604 541 647 tranatavit.
601 604 716 645 Idem
749 603 967 646 Germanis
999 602 1223 660 effugium:
1271 605 1464 646 Tutorem
1507 603 1668 646 Classi-

136 689 343 734 scumque
383 679 580 733 adpulsae
624 679 769 721 lintres
809 691 979 721 vexere.
1036 678 1099 720 Ne
1146 683 1230 721 tum
1271 678 1436 733 quidem
1478 678 1665 721 Romana

167 753 314 796 classis
345 766 511 809 pugnae
541 753 682 795 adsuit.
743 753 793 794 Et
823 754 980 795 iussum
1012 757 1125 807 erat,
1172 753 1247 796 sed
1280 752 1438 795 obstitit
1468 752 1663 806 formido,

167 831 206 870 et
235 828 418 883 remiges
449 841 525 882 per
555 828 635 870 alia
675 828 845 870 militiae
884 828 1021 869 munia
1066 828 1258 882 dispersi.
1339 827 1448 870 Sane
1489 827 1664 886 Cerialis

163 915 306 956 parum
338 903 536 957 temporis
569 902 619 944 ad
644 902 888 957 exequenda
910 902 1082 957 imperia
1110 902 1247 955 dabat,
1280 903 1439 944 subitus
1460 902 1663 955 consiliis,

164 977 239 1018 sed
272 982 423 1019 eventu
454 977 604 1019 clarus.
667 977 827 1019 Aderat
857 977 1021 1019 fortuna
1053 977 1176 1018 etiam
1197 977 1268 1018 ubi
1290 981 1400 1020 artes
1417 976 1663 1018 defuissent.

113 1051 269 1095 ioHinc
310 1052 387 1106 ipsi
436 1052 721 1107 exercituique
770 1052 907 1093 minor
955 1064 1054 1093 cura
1094 1051 1354 1106 disciplinae.
1414 1051 1464 1093 Et
1504 1062 1663 1106 paucos

162 1131 256 1180 post
275 1127 379 1180 dies,
413 1140 658 1182 quamquam
679 1127 908 1181 periculum
932 1127 1179 1181 captivitatis
1203 1127 1422 1179 evasisset,
1451 1126 1662 1168 infamiam

163 1214 246 1242 non
289 1202 444 1243 vitavit.
521 1202 737 1244 Profectus
779 1202 1033 1245 Novaesium
1077 1201 1344 1255 Bonnamque
1390 1201 1442 1243 ad
1486 1201 1732 1243 visenda22

163 1280 297 1318 castra
334 1288 438 1330 quae
469 1277 711 1319 hiematuris
754 1277 992 1332 legionibus
1032 1276 1326 1331 erigebantur,
1373 1275 1548 1318 navibus
1587 1287 1663 1318 re-

160 1351 349 1402 meabat,
383 1351 560 1393 disiecto
593 1352 789 1406 agmine,
824 1350 1047 1392 incuriosis
1080 1350 1251 1405 vigiliis.
1311 1350 1661 1393 Animadversum

108 1424 201 1466 isid
231 1425 472 1477 Germanis;
504 1430 545 1468 et
577 1426 752 1469 insidias
786 1437 1074 1480 composuere.
1123 1425 1266 1467 Electa
1296 1437 1381 1467 nox
1412 1429 1501 1468 atra
1532 1424 1660 1467 nubi-

305 1593 334 1626 1.
363 1591 522 1625 duaeimus
551 1590 622 1626 Ma:
652 1591 679 1625 G
699 1591 857 1625 diaev'mus.
922 1591 957 1626 4.
986 1596 1111 1624 mutan
1137 1600 1214 1624 cum
1242 1589 1305 1623 lin.
1332 1600 1440 1634 super
1466 1589 1534 1624 litt.
1561 1602 1596 1634 u,
1625 1594 1661 1624 et

159 1650 182 1672 a
208 1650 227 1673 a
253 1643 469 1683 recentiore,
499 1645 538 1673 ut
563 1640 727 1683 videtur,
762 1650 867 1673 manu
893 1649 1073 1683 superscr.
1101 1640 1194 1673 inter
1220 1639 1357 1672 litteras
1393 1644 1451 1672 ln.-
1488 1645 1661 1674 transna-

160 1689 248 1722 tauit
274 1688 313 1723 G.
388 1690 550 1734 germani
575 1688 640 1730 Ma,
666 1690 845 1734 yermanis
871 1688 924 1722 G:
953 1688 1022 1722 lac.
1052 1687 1253 1721 Gronovius
1288 1687 1443 1721 Ver-acis.
1528 1688 1564 1722 5.
1591 1688 1660 1721 ad-

155 1737 255 1782 pulse
281 1737 412 1782 lynlres
437 1736 502 1772 Ma.
579 1737 612 1772 6.
637 1749 753 1784 puqne
779 1736 845 1771 Ma.
929 1742 959 1770 et
987 1735 1093 1770 GMa:
1121 1742 1159 1770 ut
1184 1736 1361 1780 Spirensis
1387 1740 1423 1769 et
1448 1734 1659 1770 Beroaldus.

161 1786 194 1820 7.
219 1785 341 1820 militie
366 1785 432 1821 Ma.
494 1786 530 1820 8.
556 1786 630 1832 inp.
661 1785 727 1821 Ma.
804 1786 837 1821 9.
864 1790 915 1818 set
940 1783 1006 1819 Ma.
1072 1785 1127 1820 10.
1156 1784 1338 1830 discipline
1366 1783 1429 1818 Ma.
1496 1786 1551 1821 ¹2.
1580 1796 1660 1819 ’nu-

159 1835 247 1868 ιααίι
273 1833 348 1868 Ma:
377 1835 404 1869 G
428 1835 567 1869 uitauit.
666 1836 848 1869 nouesium
874 1833 913 1875 G,
940 1833 984 1867 de
1015 1832 1070 1867 Ma
1093 1843 1187 1867 nunc
1213 1832 1303 1867 nihil
1329 1832 1495 1867 refertur.
1596 1833 1659 1867 bo-

158 1893 307 1928 namque
332 1882 408 1918 Maz
436 1884 464 1918 G
492 1884 645 1918 bonnam
671 1895 744 1928 que.
826 1884 880 1918 13.
913 1894 976 1927 que
1001 1880 1066 1916 Ma.
1153 1882 1208 1917 15.
1235 1893 1336 1928 conp.
1363 1880 1430 1917 Ma.

229 2029 444 2074 praecipites
472 2029 640 2064 Germani
672 2031 711 2063 in
737 2041 874 2064 amnem

160 2082 334 2121 aguntur.-
363 2076 459 2111 hunc
484 2088 622 2112 amnem
650 2089 729 2112 esse
751 2078 872 2113 Vaha-

161 2124 255 2168 lem,
293 2126 329 2159 in
357 2135 427 2171 quo
462 2130 546 2160 tunc
579 2126 732 2171 plurima
756 2126 873 2161 Rheni

160 2183 264 2218 aqua,
292 2185 336 2208 ex
362 2174 417 2208 his
434 2179 470 2209 et
495 2174 797 2220 subsequentibus
826 2175 874 2210 li-

161 2226 257 2266 quet.
293 2221 333 2256 In
362 2224 462 2257 tenui
488 2224 595 2258 divisi
621 2223 738 2258 Rheni
768 2224 872 2258 alveo

159 2274 296 2304 tantum
323 2272 540 2306 discriminis
563 2283 681 2318 neque
709 2272 873 2307 Germani

159 2319 317 2354 ducesve
371 2321 469 2355 adire
512 2326 706 2366 potuerunt
754 2332 873 2367 neque

161 2367 285 2403 classis
312 2369 439 2404 adesse
476 2380 496 2403 a
523 2367 665 2404 Ceriale
689 2371 786 2404 iussa
812 2381 872 2405 es-

159 2420 226 2450 set.
312 2417 722 2454 Civilis-tranatavit:
750 2424 871 2453 trana-

161 2465 252 2498 tavit
295 2476 340 2499 ex
380 2466 485 2500 laeva
516 2467 661 2501 Vahalis
696 2469 794 2512 ripa,
837 2469 873 2501 in

161 2523 266 2558 quam
299 2513 343 2547 ad
377 2515 616 2560 oppugnanda
650 2521 765 2549 castra
807 2525 872 2549 co-

160 2560 316 2595 hortium
359 2567 395 2597 et
428 2563 563 2596 alarum
589 2563 873 2608 transcenderat,

158 2609 196 2643 in
223 2609 382 2644 dextram
408 2621 506 2645 oram
540 2616 575 2646 et
613 2612 765 2646 insulam
797 2611 871 2646 Ba-

157 2662 348 2693 tavorum:
397 2659 524 2694 eodem
561 2661 679 2695 Verax
701 2687 710 2704 ,
763 2661 870 2694 etiam

157 2706 265 2741 Tutor
304 2712 340 2742 et
373 2707 555 2743 Classicus
593 2719 632 2743 se
683 2719 869 2753 recepere.

156 2755 209 2788 lbi
238 2756 403 2797 omnibus
428 2757 535 2791 fidum
563 2758 759 2804 effugium,
788 2759 872 2804 quia

85 2845 90 2851 ι
155 2803 308 2838 Romani
336 2805 492 2839 nondum
532 2805 686 2852 ingressi
715 2811 751 2841 et
776 2816 871 2851 pon-

155 2855 210 2885 tes
236 2853 279 2887 ab
308 2854 352 2887 iis
388 2854 548 2889 inchoati
587 2855 743 2889 nondum
784 2866 870 2900 per-

156 2900 243 2934 fecti
269 2907 382 2938 erant.

227 2949 318 2984 idem
346 2951 531 2986 Germanis
570 2953 734 2999 effuyinm
776 2953 870 2997 fuit:

157 2994 332 3043 Germani,
362 2999 396 3034 h.
426 3011 458 3035 e.
486 2999 621 3036 milites
649 3000 777 3036 Civilis
795 3027 804 3045 ,
832 3000 870 3034 in

943 2040 1082 2064 amnem
1109 2031 1180 2064 acti
1205 2030 1350 2065 natandi
1393 2035 1470 2066 arte
1507 2041 1657 2066 conser-

943 2083 1074 2112 vantur
1109 2083 1145 2113 et
1181 2079 1218 2112 in
1262 2078 1414 2113 insulam
1454 2079 1656 2125 effugiunt:

944 2126 1052 2161 Tutor
1078 2131 1114 2162 et
1128 2126 1309 2162 Classicus
1322 2127 1566 2171 Trevirenses,
1586 2129 1657 2162 im-

943 2177 1050 2220 periti
1084 2175 1253 2219 natandi,
1296 2175 1454 2221 adpulsis
1489 2176 1656 2211 lintribus

943 2226 1139 2259 transvecti
1188 2229 1282 2259 sunt.
1348 2224 1418 2259 lac.
1458 2224 1658 2259 Gronovius

943 2272 1041 2307 dedit
1072 2273 1228 2316 Ver-acis,
1256 2273 1499 2308 coniecturam
1527 2284 1548 2308 a
1570 2273 1658 2308 sub-

944 2322 1177 2367 sequentibus
1213 2321 1410 2356 editoribus
1447 2326 1657 2367 acceptam:

944 2372 1115 2405 Veracem
1143 2370 1237 2405 enim
1274 2382 1304 2405 c.
1331 2372 1379 2407 20
1413 2381 1491 2405 cum
1527 2371 1658 2405 ceteris

943 2420 1070 2454 ducem
1094 2423 1327 2453 memoratum
1348 2429 1440 2454 esse.
1469 2419 1562 2454 Sane
1578 2429 1658 2454 me-

942 2473 1099 2501 moratus
1126 2467 1176 2500 ibi
1203 2471 1268 2510 est,
1296 2467 1360 2501 sed
1386 2478 1484 2501 suam
1506 2467 1658 2513 quisque

942 2526 1084 2549 manum
1111 2515 1262 2549 traxisse
1299 2515 1448 2558 dicitur,
1492 2521 1531 2548 ut
1565 2515 1657 2549 nihil

944 2563 1115 2608 impediat
1141 2572 1211 2608 quo
1241 2563 1358 2597 minus
1385 2563 1501 2598 Verax
1515 2563 1656 2598 Arena-

943 2622 1022 2646 cum
1050 2617 1110 2646 aut
1150 2611 1415 2646 Batavodurum
1449 2611 1657 2646 invadenti-

941 2660 1007 2695 bus
1033 2660 1233 2705 praefuisse
1261 2660 1436 2695 credatur.
1638 2668 1643 2676 “

1015 2720 1061 2743 ne
1086 2715 1156 2744 tum
1182 2709 1317 2754 quidem
1343 2710 1509 2744 Romana
1533 2707 1657 2743 classis

937 2769 1080 2803 pugnae
1116 2758 1258 2801 adsuit:
1300 2757 1390 2792 haec
1428 2767 1474 2791 ex
1503 2757 1656 2803 regione

944 2806 1114 2840 Veterum
1142 2810 1178 2840 et
1190 2805 1316 2841 Rheno
1342 2806 1497 2840 indiviso
1522 2806 1560 2839 in
1581 2805 1656 2840 Va-

943 2853 1062 2889 halem
1088 2857 1272 2890 incurrere
1298 2855 1395 2889 iussa
1422 2858 1509 2897 erat,
1536 2858 1575 2887 ut
1596 2854 1655 2887 vi·-

941 2902 1055 2938 detur.
1179 2909 1212 2938 et
1248 2903 1377 2937 iussum
1417 2908 1519 2937 erat:
1559 2902 1656 2936 etin

942 2952 1122 2996 principio
1159 2951 1333 2987 enuntiati
1374 2952 1529 2996 positum
1557 2949 1656 2984 valet

941 3005 975 3035 et
997 3012 1109 3045 sane‚·
1139 3000 1186 3036 cf.
1215 3004 1335 3036 annot.
1351 2999 1396 3035 ad
1421 3011 1452 3035 c.
1471 2999 1529 3037 22.
1556 2996 1655 3033 Gon-
