<?xml version="1.0" encoding="UTF-8"?>
<!DOCTYPE html PUBLIC "-//W3C//DTD XHTML 1.0 Transitional//EN"
    "http://www.w3.org/TR/xhtml1/DTD/xhtml1-transitional.dtd">
<html xmlns="http://www.w3.org/1999/xhtml" xml:lang="en" lang="en">
 <head>
  <title>
</title>
<meta http-equiv="Content-Type" content="text/html;charset=utf-8" />
  <meta name='ocr-system' content='tesseract 3.04.00' />
  <meta name='ocr-capabilities' content='ocr_page ocr_carea ocr_par ocr_line ocrx_word'/>
</head>
<body>
  <div class='ocr_page' id='page_1' title='image "./operaadcodicesan03taciuoft/operaadcodicesan03taciuoft_0096.png"; bbox 0 0 1768 3216; ppageno 0'>
   <div class='ocr_carea' id='block_1_1' title="bbox 134 232 1013 283">
    <p class='ocr_par' dir='ltr' id='par_1_1' title="bbox 134 232 1013 283">
     <span class='ocr_line' id='line_1_1' title="bbox 134 232 1013 283; baseline -0.007 -10"><span class='ocrx_word' id='word_1_1' title='bbox 134 250 183 283; x_wconf 71' lang='lat' dir='ltr'>3ss</span> <span class='ocrx_word' id='word_1_2' title='bbox 715 232 1013 272; x_wconf 80' lang='lat' dir='ltr'>HISTORIARVM</span> 
     </span>
    </p>
   </div>
   <div class='ocr_carea' id='block_1_2' title="bbox 1416 226 1623 281">
    <p class='ocr_par' dir='ltr' id='par_1_2' title="bbox 1416 226 1623 281">
     <span class='ocr_line' id='line_1_2' title="bbox 1416 226 1623 281; baseline 0 -17"><span class='ocrx_word' id='word_1_3' title='bbox 1416 239 1448 264; x_wconf 83' lang='lat' dir='ltr'>a.</span> <span class='ocrx_word' id='word_1_4' title='bbox 1475 236 1511 281; x_wconf 58' lang='lat' dir='ltr'>u.</span> <span class='ocrx_word' id='word_1_5' title='bbox 1538 226 1623 264; x_wconf 80' lang='lat'>822.</span> 
     </span>
    </p>
   </div>
   <div class='ocr_carea' id='block_1_3' title="bbox 137 342 1624 490">
    <p class='ocr_par' dir='ltr' id='par_1_3' title="bbox 137 342 1624 490">
     <span class='ocr_line' id='line_1_3' title="bbox 138 342 1624 411; baseline -0.015 -5"><span class='ocrx_word' id='word_1_6' title='bbox 138 364 180 405; x_wconf 92' lang='lat' dir='ltr'>in</span> <span class='ocrx_word' id='word_1_7' title='bbox 211 375 256 405; x_wconf 88' lang='lat' dir='ltr'>se</span> <span class='ocrx_word' id='word_1_8' title='bbox 287 361 499 411; x_wconf 78' lang='lat' dir='ltr'>trahente,</span> <span class='ocrx_word' id='word_1_9' title='bbox 532 361 735 409; x_wconf 77' lang='lat' dir='ltr'>tamquam</span> <span class='ocrx_word' id='word_1_10' title='bbox 768 357 808 394; x_wconf 91' lang='lat' dir='ltr'>et</span> <span class='ocrx_word' id='word_1_11' title='bbox 838 352 926 406; x_wconf 86' lang='lat' dir='ltr'>ipse</span> <span class='ocrx_word' id='word_1_12' title='bbox 959 351 1059 392; x_wconf 81' lang='lat' dir='ltr'>felix</span> <span class='ocrx_word' id='word_1_13' title='bbox 1088 348 1223 399; x_wconf 87' lang='lat' dir='ltr'>bello,</span> <span class='ocrx_word' id='word_1_14' title='bbox 1257 350 1298 388; x_wconf 92' lang='lat' dir='ltr'>et</span> <span class='ocrx_word' id='word_1_15' title='bbox 1329 344 1417 388; x_wconf 90' lang='lat' dir='ltr'>suis</span> <span class='ocrx_word' id='word_1_16' title='bbox 1449 342 1624 386; x_wconf 87' lang='lat' dir='ltr'>ducibus</span> 
     </span>
     <span class='ocr_line' id='line_1_4' title="bbox 137 425 1167 490; baseline -0.016 -10"><span class='ocrx_word' id='word_1_17' title='bbox 137 438 301 490; x_wconf 89' lang='lat' dir='ltr'>suisque</span> <span class='ocrx_word' id='word_1_18' title='bbox 331 432 582 476; x_wconf 84' lang='lat' dir='ltr'><strong>exercitibus</strong></span> <span class='ocrx_word' id='word_1_19' title='bbox 613 443 699 471; x_wconf 89' lang='lat' dir='ltr'>rem</span> <span class='ocrx_word' id='word_1_20' title='bbox 730 427 936 483; x_wconf 84' lang='lat' dir='ltr'>publicam</span> <span class='ocrx_word' id='word_1_21' title='bbox 969 425 1167 467; x_wconf 75' lang='lat' dir='ltr'>auxisset.</span> 
     </span>
    </p>
   </div>
   <div class='ocr_carea' id='block_1_4' title="bbox 267 492 1696 628">
    <p class='ocr_par' dir='ltr' id='par_1_4' title="bbox 267 492 1696 628">
     <span class='ocr_line' id='line_1_5' title="bbox 267 492 1696 555; baseline -0.011 -6"><span class='ocrx_word' id='word_1_22' title='bbox 267 509 395 550; x_wconf 85' lang='lat' dir='ltr'>Parvo</span> <span class='ocrx_word' id='word_1_23' title='bbox 427 506 589 555; x_wconf 83' lang='lat' dir='ltr'><strong>interim</strong></span> <span class='ocrx_word' id='word_1_24' title='bbox 621 503 761 555; x_wconf 91' lang='lat' dir='ltr'>initio,</span> <span class='ocrx_word' id='word_1_25' title='bbox 793 501 903 543; x_wconf 91' lang='lat' dir='ltr'>unde</span> <span class='ocrx_word' id='word_1_26' title='bbox 934 499 1034 541; x_wconf 90' lang='lat' dir='ltr'>nihil</span> <span class='ocrx_word' id='word_1_27' title='bbox 1065 496 1307 547; x_wconf 72' lang='lat' dir='ltr'>timebatur,</span> <span class='ocrx_word' id='word_1_28' title='bbox 1351 497 1442 536; x_wconf 85' lang='lat' dir='ltr'>orta</span> <span class='ocrx_word' id='word_1_29' title='bbox 1472 492 1696 536; x_wconf 79' lang='lat' dir='ltr'>seditioso</span> 
     </span>
     <span class='ocr_line' id='line_1_6' title="bbox 789 567 1626 628; baseline -0.011 -11"><span class='ocrx_word' id='word_1_30' title='bbox 789 576 1022 628; x_wconf 84' lang='lat' dir='ltr'>Septumam</span> <span class='ocrx_word' id='word_1_31' title='bbox 1066 572 1283 614; x_wconf 81' lang='lat' dir='ltr'>decumam</span> <span class='ocrx_word' id='word_1_32' title='bbox 1335 567 1554 610; x_wconf 88' lang='lat' dir='ltr'>cohortem</span> <span class='ocrx_word' id='word_1_33' title='bbox 1602 579 1626 608; x_wconf 90' lang='lat' dir='ltr'>e</span> 
     </span>
    </p>
   </div>
   <div class='ocr_carea' id='block_1_5' title="bbox 134 578 726 638">
    <p class='ocr_par' dir='ltr' id='par_1_5' title="bbox 134 578 726 638">
     <span class='ocr_line' id='line_1_7' title="bbox 134 578 726 638; baseline -0.012 -14"><span class='ocrx_word' id='word_1_34' title='bbox 134 594 260 638; x_wconf 88' lang='lat' dir='ltr'>prope</span> <span class='ocrx_word' id='word_1_35' title='bbox 303 581 394 621; x_wconf 92' lang='lat' dir='ltr'>urbi</span> <span class='ocrx_word' id='word_1_36' title='bbox 434 579 598 620; x_wconf 89' lang='lat' dir='ltr'>excidio</span> <span class='ocrx_word' id='word_1_37' title='bbox 639 578 726 619; x_wconf 86' lang='lat' dir='ltr'>fuit.</span> 
     </span>
    </p>
   </div>
   <div class='ocr_carea' id='block_1_6' title="bbox 93 641 1629 1085">
    <p class='ocr_par' dir='ltr' id='par_1_6' title="bbox 93 641 1629 1085">
     <span class='ocr_line' id='line_1_8' title="bbox 105 641 1627 702; baseline -0.009 -3"><span class='ocrx_word' id='word_1_38' title='bbox 105 655 298 702; x_wconf 74' lang='lat' dir='ltr'>scolonia</span> <span class='ocrx_word' id='word_1_39' title='bbox 349 654 529 696; x_wconf 88' lang='lat' dir='ltr'>Ostiensi</span> <span class='ocrx_word' id='word_1_40' title='bbox 569 654 610 693; x_wconf 94' lang='lat' dir='ltr'>in</span> <span class='ocrx_word' id='word_1_41' title='bbox 650 652 794 693; x_wconf 90' lang='lat' dir='ltr'>urbem</span> <span class='ocrx_word' id='word_1_42' title='bbox 840 649 968 691; x_wconf 89' lang='lat' dir='ltr'>acciri</span> <span class='ocrx_word' id='word_1_43' title='bbox 1011 647 1117 689; x_wconf 85' lang='lat' dir='ltr'><strong>Otho</strong></span> <span class='ocrx_word' id='word_1_44' title='bbox 1162 647 1358 695; x_wconf 83' lang='lat' dir='ltr'>iusserat3</span> <span class='ocrx_word' id='word_1_45' title='bbox 1401 641 1627 686; x_wconf 80' lang='lat' dir='ltr'>armandae</span> 
     </span>
     <span class='ocr_line' id='line_1_9' title="bbox 137 717 1626 780; baseline -0.009 -8"><span class='ocrx_word' id='word_1_46' title='bbox 137 731 224 773; x_wconf 92' lang='lat' dir='ltr'>eius</span> <span class='ocrx_word' id='word_1_47' title='bbox 255 742 352 771; x_wconf 87' lang='lat' dir='ltr'>cura</span> <span class='ocrx_word' id='word_1_48' title='bbox 382 728 507 769; x_wconf 88' lang='lat' dir='ltr'>Vario</span> <span class='ocrx_word' id='word_1_49' title='bbox 540 726 728 780; x_wconf 86' lang='lat' dir='ltr'>Crispino</span> <span class='ocrx_word' id='word_1_50' title='bbox 760 724 924 766; x_wconf 92' lang='lat' dir='ltr'>tribuno</span> <span class='ocrx_word' id='word_1_51' title='bbox 957 736 979 764; x_wconf 92' lang='lat' dir='ltr'>e</span> <span class='ocrx_word' id='word_1_52' title='bbox 1010 720 1288 776; x_wconf 87' lang='lat' dir='ltr'>praetorianis</span> <span class='ocrx_word' id='word_1_53' title='bbox 1321 718 1431 761; x_wconf 88' lang='lat' dir='ltr'>data.</span> <span class='ocrx_word' id='word_1_54' title='bbox 1472 717 1512 760; x_wconf 85' lang='lat' dir='ltr'>Is</span> <span class='ocrx_word' id='word_1_55' title='bbox 1543 728 1626 772; x_wconf 83' lang='lat' dir='ltr'>quo</span> 
     </span>
     <span class='ocr_line' id='line_1_10' title="bbox 138 792 1628 859; baseline -0.009 -13"><span class='ocrx_word' id='word_1_56' title='bbox 138 805 269 859; x_wconf 84' lang='lat' dir='ltr'>magis</span> <span class='ocrx_word' id='word_1_57' title='bbox 299 814 455 845; x_wconf 87' lang='lat' dir='ltr'>vacuus</span> <span class='ocrx_word' id='word_1_58' title='bbox 486 801 634 856; x_wconf 89' lang='lat' dir='ltr'>quietis</span> <span class='ocrx_word' id='word_1_59' title='bbox 666 799 814 841; x_wconf 85' lang='lat' dir='ltr'>castris</span> <span class='ocrx_word' id='word_1_60' title='bbox 846 799 957 839; x_wconf 91' lang='lat' dir='ltr'>iussa</span> <span class='ocrx_word' id='word_1_61' title='bbox 990 799 1289 850; x_wconf 76' lang='lat' dir='ltr'>exequeretur,</span> <span class='ocrx_word' id='word_1_62' title='bbox 1321 792 1517 835; x_wconf 82' lang='lat' dir='ltr'>vehicula</span> <span class='ocrx_word' id='word_1_63' title='bbox 1547 803 1628 834; x_wconf 89' lang='lat' dir='ltr'>co-</span> 
     </span>
     <span class='ocr_line' id='line_1_11' title="bbox 138 867 1626 931; baseline -0.008 -11"><span class='ocrx_word' id='word_1_64' title='bbox 138 879 267 920; x_wconf 85' lang='lat' dir='ltr'>hortis</span> <span class='ocrx_word' id='word_1_65' title='bbox 298 877 519 931; x_wconf 84' lang='lat' dir='ltr'>incipiente</span> <span class='ocrx_word' id='word_1_66' title='bbox 549 879 673 916; x_wconf 87' lang='lat' dir='ltr'>nocte</span> <span class='ocrx_word' id='word_1_67' title='bbox 704 873 890 924; x_wconf 87' lang='lat' dir='ltr'>onerari,</span> <span class='ocrx_word' id='word_1_68' title='bbox 933 874 1075 925; x_wconf 86' lang='lat' dir='ltr'>aperto</span> <span class='ocrx_word' id='word_1_69' title='bbox 1108 868 1456 921; x_wconf 88' lang='lat' dir='ltr'>armamentario,</span> <span class='ocrx_word' id='word_1_70' title='bbox 1498 867 1626 910; x_wconf 80' lang='lat' dir='ltr'>iubet.</span> 
     </span>
     <span class='ocr_line' id='line_1_12' title="bbox 139 942 1628 1007; baseline -0.007 -12"><span class='ocrx_word' id='word_1_71' title='bbox 139 954 311 1007; x_wconf 89' lang='lat' dir='ltr'>Tempus</span> <span class='ocrx_word' id='word_1_72' title='bbox 343 953 384 992; x_wconf 94' lang='lat' dir='ltr'>in</span> <span class='ocrx_word' id='word_1_73' title='bbox 413 951 714 1005; x_wconf 86' lang='lat' dir='ltr'>suspicionem,</span> <span class='ocrx_word' id='word_1_74' title='bbox 757 960 881 990; x_wconf 89' lang='lat' dir='ltr'>causa</span> <span class='ocrx_word' id='word_1_75' title='bbox 914 948 953 988; x_wconf 94' lang='lat' dir='ltr'>in</span> <span class='ocrx_word' id='word_1_76' title='bbox 986 947 1167 997; x_wconf 88' lang='lat' dir='ltr'>crimen,</span> <span class='ocrx_word' id='word_1_77' title='bbox 1212 944 1438 987; x_wconf 78' lang='lat' dir='ltr'>adfectatio</span> <span class='ocrx_word' id='word_1_78' title='bbox 1478 942 1628 997; x_wconf 83' lang='lat' dir='ltr'>quietis</span> 
     </span>
     <span class='ocr_line' id='line_1_13' title="bbox 93 1008 1629 1085; baseline -0.007 -16"><span class='ocrx_word' id='word_1_79' title='bbox 93 1029 183 1070; x_wconf 68' lang='lat' dir='ltr'>:oin</span> <span class='ocrx_word' id='word_1_80' title='bbox 212 1027 422 1069; x_wconf 87' lang='lat' dir='ltr'>tumultum</span> <span class='ocrx_word' id='word_1_81' title='bbox 452 1026 623 1075; x_wconf 82' lang='lat' dir='ltr'>evaluit3</span> <span class='ocrx_word' id='word_1_82' title='bbox 655 1029 693 1065; x_wconf 90' lang='lat' dir='ltr'>et</span> <span class='ocrx_word' id='word_1_83' title='bbox 720 1024 947 1085; x_wconf 19' lang='lat' dir='ltr'>visakinter</span> <span class='ocrx_word' id='word_1_84' title='bbox 977 1021 1226 1063; x_wconf 86' lang='lat' dir='ltr'>temulentos</span> <span class='ocrx_word' id='word_1_85' title='bbox 1258 1008 1373 1061; x_wconf 86' lang='lat' dir='ltr'>arma</span> <span class='ocrx_word' id='word_1_86' title='bbox 1391 1017 1629 1080; x_wconf 73' lang='lat' dir='ltr'>cupidinem</span> 
     </span>
    </p>
   </div>
   <div class='ocr_carea' id='block_1_7' title="bbox 143 1103 416 1144">
    <p class='ocr_par' dir='ltr' id='par_1_7' title="bbox 143 1103 416 1144">
     <span class='ocr_line' id='line_1_14' title="bbox 143 1103 416 1144; baseline -0.011 0"><span class='ocrx_word' id='word_1_87' title='bbox 143 1103 206 1144; x_wconf 91' lang='lat' dir='ltr'>sui</span> <span class='ocrx_word' id='word_1_88' title='bbox 235 1113 416 1143; x_wconf 88' lang='lat' dir='ltr'>movere.</span> 
     </span>
    </p>
   </div>
   <div class='ocr_carea' id='block_1_8' title="bbox 476 1095 1632 1150">
    <p class='ocr_par' dir='ltr' id='par_1_8' title="bbox 476 1095 1632 1150">
     <span class='ocr_line' id='line_1_15' title="bbox 476 1095 1632 1150; baseline -0.006 -9"><span class='ocrx_word' id='word_1_89' title='bbox 476 1100 627 1141; x_wconf 87' lang='lat' dir='ltr'>Fremit</span> <span class='ocrx_word' id='word_1_90' title='bbox 666 1099 805 1150; x_wconf 91' lang='lat' dir='ltr'>miles,</span> <span class='ocrx_word' id='word_1_91' title='bbox 847 1102 886 1139; x_wconf 89' lang='lat' dir='ltr'>et</span> <span class='ocrx_word' id='word_1_92' title='bbox 916 1097 1103 1138; x_wconf 88' lang='lat' dir='ltr'>tribunos</span> <span class='ocrx_word' id='word_1_93' title='bbox 1136 1095 1488 1148; x_wconf 83' lang='lat' dir='ltr'>centurionesque</span> <span class='ocrx_word' id='word_1_94' title='bbox 1521 1104 1632 1148; x_wconf 85' lang='lat' dir='ltr'>pro-</span> 
     </span>
    </p>
   </div>
   <div class='ocr_carea' id='block_1_9' title="bbox 142 1161 1633 1376">
    <p class='ocr_par' dir='ltr' id='par_1_9' title="bbox 142 1161 1633 1376">
     <span class='ocr_line' id='line_1_16' title="bbox 145 1161 1631 1228; baseline -0.005 -12"><span class='ocrx_word' id='word_1_95' title='bbox 145 1161 310 1217; x_wconf 86' lang='lat' dir='ltr'>ditionis</span> <span class='ocrx_word' id='word_1_96' title='bbox 363 1175 519 1228; x_wconf 83' lang='lat' dir='ltr'>arguit,</span> <span class='ocrx_word' id='word_1_97' title='bbox 566 1178 769 1226; x_wconf 85' lang='lat' dir='ltr'>tamquam</span> <span class='ocrx_word' id='word_1_98' title='bbox 811 1171 992 1214; x_wconf 87' lang='lat' dir='ltr'>familiae</span> <span class='ocrx_word' id='word_1_99' title='bbox 1023 1174 1265 1213; x_wconf 88' lang='lat' dir='ltr'>senatorum</span> <span class='ocrx_word' id='word_1_100' title='bbox 1315 1168 1366 1210; x_wconf 90' lang='lat' dir='ltr'>ad</span> <span class='ocrx_word' id='word_1_101' title='bbox 1397 1167 1631 1223; x_wconf 86' lang='lat' dir='ltr'>perniciem</span> 
     </span>
     <span class='ocr_line' id='line_1_17' title="bbox 144 1241 1631 1300; baseline -0.005 -10"><span class='ocrx_word' id='word_1_102' title='bbox 144 1249 316 1290; x_wconf 89' lang='lat' dir='ltr'>Othonis</span> <span class='ocrx_word' id='word_1_103' title='bbox 355 1252 636 1298; x_wconf 89' lang='lat' dir='ltr'>armarentur,</span> <span class='ocrx_word' id='word_1_104' title='bbox 678 1259 771 1300; x_wconf 90' lang='lat' dir='ltr'>pars</span> <span class='ocrx_word' id='word_1_105' title='bbox 811 1245 946 1300; x_wconf 77' lang='lat' dir='ltr'>ignari</span> <span class='ocrx_word' id='word_1_106' title='bbox 990 1248 1030 1286; x_wconf 90' lang='lat' dir='ltr'>et</span> <span class='ocrx_word' id='word_1_107' title='bbox 1060 1244 1158 1285; x_wconf 91' lang='lat' dir='ltr'>vino</span> <span class='ocrx_word' id='word_1_108' title='bbox 1200 1255 1379 1298; x_wconf 84' lang='lat' dir='ltr'>graves,</span> <span class='ocrx_word' id='word_1_109' title='bbox 1424 1241 1631 1297; x_wconf 88' lang='lat' dir='ltr'>pessimus</span> 
     </span>
     <span class='ocr_line' id='line_1_18' title="bbox 142 1316 1633 1376; baseline -0.003 -14"><span class='ocrx_word' id='word_1_110' title='bbox 142 1322 312 1376; x_wconf 90' lang='lat' dir='ltr'>quisque</span> <span class='ocrx_word' id='word_1_111' title='bbox 342 1321 383 1362; x_wconf 91' lang='lat' dir='ltr'>in</span> <span class='ocrx_word' id='word_1_112' title='bbox 405 1321 669 1363; x_wconf 86' lang='lat' dir='ltr'>occasionem</span> <span class='ocrx_word' id='word_1_113' title='bbox 690 1319 952 1374; x_wconf 88' lang='lat' dir='ltr'>praedarum,</span> <span class='ocrx_word' id='word_1_114' title='bbox 986 1317 1149 1372; x_wconf 81' lang='lat' dir='ltr'>vulgus,</span> <span class='ocrx_word' id='word_1_115' title='bbox 1182 1321 1226 1358; x_wconf 90' lang='lat' dir='ltr'>ut</span> <span class='ocrx_word' id='word_1_116' title='bbox 1257 1329 1346 1359; x_wconf 89' lang='lat' dir='ltr'>mos</span> <span class='ocrx_word' id='word_1_117' title='bbox 1379 1320 1456 1369; x_wconf 86' lang='lat' dir='ltr'>est,</span> <span class='ocrx_word' id='word_1_118' title='bbox 1487 1316 1633 1358; x_wconf 89' lang='lat' dir='ltr'>cuius-—</span> 
     </span>
    </p>
   </div>
   <div class='ocr_carea' id='block_1_10' title="bbox 94 1394 870 1450">
    <p class='ocr_par' dir='ltr' id='par_1_10' title="bbox 94 1394 870 1450">
     <span class='ocr_line' id='line_1_19' title="bbox 94 1394 870 1450; baseline -0.004 -12"><span class='ocrx_word' id='word_1_119' title='bbox 94 1402 129 1430; x_wconf 88' lang='lat'>¹⁵</span> <span class='ocrx_word' id='word_1_120' title='bbox 144 1408 314 1450; x_wconf 89' lang='lat' dir='ltr'>cumque</span> <span class='ocrx_word' id='word_1_121' title='bbox 355 1400 487 1437; x_wconf 91' lang='lat' dir='ltr'>motus</span> <span class='ocrx_word' id='word_1_122' title='bbox 531 1395 626 1436; x_wconf 92' lang='lat' dir='ltr'>novi</span> <span class='ocrx_word' id='word_1_123' title='bbox 666 1394 870 1448; x_wconf 88' lang='lat' dir='ltr'>cupidum.</span> 
     </span>
    </p>
   </div>
   <div class='ocr_carea' id='block_1_11' title="bbox 932 1391 1634 1447">
    <p class='ocr_par' dir='ltr' id='par_1_11' title="bbox 932 1391 1634 1447">
     <span class='ocr_line' id='line_1_20' title="bbox 932 1391 1634 1447; baseline -0.004 -12"><span class='ocrx_word' id='word_1_124' title='bbox 932 1392 1233 1447; x_wconf 14' lang='lat' dir='ltr'>Ethobsequia</span> <span class='ocrx_word' id='word_1_125' title='bbox 1280 1391 1499 1433; x_wconf 89' lang='lat' dir='ltr'>meliorum</span> <span class='ocrx_word' id='word_1_126' title='bbox 1547 1399 1634 1432; x_wconf 84' lang='lat' dir='ltr'>nox</span> 
     </span>
    </p>
   </div>
   <div class='ocr_carea' id='block_1_12' title="bbox 143 1454 1632 1513">
    <p class='ocr_par' dir='ltr' id='par_1_12' title="bbox 143 1454 1632 1513">
     <span class='ocr_line' id='line_1_21' title="bbox 143 1454 1632 1513; baseline -0.004 0"><span class='ocrx_word' id='word_1_127' title='bbox 143 1470 375 1513; x_wconf 85' lang='lat' dir='ltr'>abstulerat.</span> <span class='ocrx_word' id='word_1_128' title='bbox 433 1470 705 1512; x_wconf 86' lang='lat' dir='ltr'>Resistentem</span> <span class='ocrx_word' id='word_1_129' title='bbox 753 1468 950 1511; x_wconf 90' lang='lat' dir='ltr'>seditioni</span> <span class='ocrx_word' id='word_1_130' title='bbox 1000 1454 1206 1509; x_wconf 70' lang='lat' dir='ltr'>tribunum</span> <span class='ocrx_word' id='word_1_131' title='bbox 1249 1471 1289 1508; x_wconf 91' lang='lat' dir='ltr'>et</span> <span class='ocrx_word' id='word_1_132' title='bbox 1339 1466 1632 1509; x_wconf 88' lang='lat' dir='ltr'>severissimos</span> 
     </span>
    </p>
   </div>
   <div class='ocr_carea' id='block_1_13' title="bbox 144 1546 722 1587">
    <p class='ocr_par' dir='ltr' id='par_1_13' title="bbox 144 1546 722 1587">
     <span class='ocr_line' id='line_1_22' title="bbox 144 1546 722 1587; baseline -0.002 0"><span class='ocrx_word' id='word_1_133' title='bbox 144 1546 426 1587; x_wconf 88' lang='lat' dir='ltr'>centurionum</span> <span class='ocrx_word' id='word_1_134' title='bbox 466 1546 722 1586; x_wconf 89' lang='lat' dir='ltr'>obtruncant.</span> 
     </span>
    </p>
   </div>
   <div class='ocr_carea' id='block_1_14' title="bbox 141 1663 529 1747">
    <p class='ocr_par' dir='ltr' id='par_1_14' title="bbox 141 1663 529 1747">
     <span class='ocr_line' id='line_1_23' title="bbox 260 1663 529 1710; baseline 0 -10"><span class='ocrx_word' id='word_1_135' title='bbox 260 1666 292 1700; x_wconf 85' lang='lat'>2.</span> <span class='ocrx_word' id='word_1_136' title='bbox 319 1676 437 1710; x_wconf 72' lang='lat' dir='ltr'>remp.</span> <span class='ocrx_word' id='word_1_137' title='bbox 464 1663 529 1700; x_wconf 72' lang='lat' dir='ltr'>Ma.</span> 
     </span>
     <span class='ocr_line' id='line_1_24' title="bbox 141 1712 460 1747; baseline 0 0"><span class='ocrx_word' id='word_1_138' title='bbox 141 1713 175 1747; x_wconf 88' lang='grc'>8.</span> <span class='ocrx_word' id='word_1_139' title='bbox 204 1714 372 1747; x_wconf 83' lang='lat' dir='ltr'>oneraria</span> <span class='ocrx_word' id='word_1_140' title='bbox 396 1712 460 1747; x_wconf 73' lang='lat' dir='ltr'>Ma.</span> 
     </span>
    </p>
   </div>
   <div class='ocr_carea' id='block_1_15' title="bbox 143 1799 827 1855">
    <p class='ocr_par' dir='ltr' id='par_1_15' title="bbox 143 1799 827 1855">
     <span class='ocr_line' id='line_1_25' title="bbox 143 1799 827 1855; baseline 0.001 -13"><span class='ocrx_word' id='word_1_141' title='bbox 143 1807 207 1843; x_wconf 75' lang='lat' dir='ltr'>Ma.</span> <span class='ocrx_word' id='word_1_142' title='bbox 284 1810 337 1844; x_wconf 86' lang='lat'>15.</span> <span class='ocrx_word' id='word_1_143' title='bbox 366 1809 507 1855; x_wconf 56' lang='lat' dir='ltr'>cupidis</span> <span class='ocrx_word' id='word_1_144' title='bbox 536 1799 614 1843; x_wconf 56' lang='lat' dir='ltr'>Mas</span> <span class='ocrx_word' id='word_1_145' title='bbox 637 1811 764 1855; x_wconf 67' lang='lat' dir='ltr'>cupida</span> <span class='ocrx_word' id='word_1_146' title='bbox 788 1809 827 1843; x_wconf 91' lang='lat' dir='ltr'>G.</span> 
     </span>
    </p>
   </div>
   <div class='ocr_carea' id='block_1_16' title="bbox 148 1922 856 2404">
    <p class='ocr_par' dir='ltr' id='par_1_16' title="bbox 148 1922 856 2404">
     <span class='ocr_line' id='line_1_26' title="bbox 149 1922 851 1971; baseline 0.004 -15"><span class='ocrx_word' id='word_1_147' title='bbox 149 1922 183 1969; x_wconf 92' lang='lat' dir='ltr'>(c</span> <span class='ocrx_word' id='word_1_148' title='bbox 207 1939 249 1952; x_wconf 83' lang='lat'>==</span> <span class='ocrx_word' id='word_1_149' title='bbox 279 1925 325 1968; x_wconf 85' lang='lat' dir='ltr'>e),</span> <span class='ocrx_word' id='word_1_150' title='bbox 352 1928 383 1956; x_wconf 87' lang='lat' dir='ltr'>et</span> <span class='ocrx_word' id='word_1_151' title='bbox 406 1933 469 1967; x_wconf 88' lang='lat' dir='ltr'>pro</span> <span class='ocrx_word' id='word_1_152' title='bbox 497 1935 547 1967; x_wconf 85' lang='lat' dir='ltr'>er,</span> <span class='ocrx_word' id='word_1_153' title='bbox 571 1925 605 1958; x_wconf 76' lang='lat' dir='ltr'>vi</span> <span class='ocrx_word' id='word_1_154' title='bbox 629 1927 694 1971; x_wconf 80' lang='lat' dir='ltr'>(ut)</span> <span class='ocrx_word' id='word_1_155' title='bbox 720 1935 784 1968; x_wconf 84' lang='lat' dir='ltr'>pro</span> <span class='ocrx_word' id='word_1_156' title='bbox 813 1927 851 1959; x_wconf 85' lang='lat' dir='ltr'>ia</span> 
     </span>
     <span class='ocr_line' id='line_1_27' title="bbox 148 1970 852 2016; baseline 0.003 -12"><span class='ocrx_word' id='word_1_157' title='bbox 148 1970 387 2005; x_wconf 89' lang='lat' dir='ltr'>substitueret.</span> <span class='ocrx_word' id='word_1_158' title='bbox 427 1971 549 2016; x_wconf 85' lang='lat' dir='ltr'>Itaque</span> <span class='ocrx_word' id='word_1_159' title='bbox 575 1982 645 2005; x_wconf 92' lang='lat' dir='ltr'>non</span> <span class='ocrx_word' id='word_1_160' title='bbox 672 1984 756 2007; x_wconf 88' lang='lat' dir='ltr'>vere</span> <span class='ocrx_word' id='word_1_161' title='bbox 783 1973 852 2006; x_wconf 86' lang='lat' dir='ltr'>Er-</span> 
     </span>
     <span class='ocr_line' id='line_1_28' title="bbox 149 2019 852 2064; baseline 0.006 -13"><span class='ocrx_word' id='word_1_162' title='bbox 149 2019 284 2052; x_wconf 91' lang='lat' dir='ltr'>nestius</span> <span class='ocrx_word' id='word_1_163' title='bbox 312 2023 346 2052; x_wconf 89' lang='lat' dir='ltr'>et</span> <span class='ocrx_word' id='word_1_164' title='bbox 362 2020 562 2053; x_wconf 83' lang='lat' dir='ltr'>Waltherus</span> <span class='ocrx_word' id='word_1_165' title='bbox 583 2023 852 2064; x_wconf 82' lang='lat' dir='ltr'>pronuntiarunt</span> 
     </span>
     <span class='ocr_line' id='line_1_29' title="bbox 149 2067 853 2112; baseline 0.007 -11"><span class='ocrx_word' id='word_1_166' title='bbox 149 2067 322 2101; x_wconf 83' lang='lat' dir='ltr'>Muretum</span> <span class='ocrx_word' id='word_1_167' title='bbox 346 2077 416 2100; x_wconf 92' lang='lat' dir='ltr'>non</span> <span class='ocrx_word' id='word_1_168' title='bbox 439 2069 524 2102; x_wconf 89' lang='lat' dir='ltr'>satis</span> <span class='ocrx_word' id='word_1_169' title='bbox 553 2071 724 2112; x_wconf 85' lang='lat' dir='ltr'>pressisse</span> <span class='ocrx_word' id='word_1_170' title='bbox 747 2075 853 2105; x_wconf 85' lang='lat' dir='ltr'>vete-</span> 
     </span>
     <span class='ocr_line' id='line_1_30' title="bbox 149 2115 854 2163; baseline 0.01 -17"><span class='ocrx_word' id='word_1_171' title='bbox 149 2125 225 2147; x_wconf 87' lang='lat' dir='ltr'>rum</span> <span class='ocrx_word' id='word_1_172' title='bbox 252 2115 420 2148; x_wconf 85' lang='lat' dir='ltr'>librorum</span> <span class='ocrx_word' id='word_1_173' title='bbox 449 2117 615 2162; x_wconf 85' lang='lat' dir='ltr'>vestigia.</span> <span class='ocrx_word' id='word_1_174' title='bbox 666 2118 746 2151; x_wconf 84' lang='lat' dir='ltr'>Alia</span> <span class='ocrx_word' id='word_1_175' title='bbox 773 2119 854 2163; x_wconf 83' lang='lat' dir='ltr'>pla-</span> 
     </span>
     <span class='ocr_line' id='line_1_31' title="bbox 151 2162 853 2202; baseline 0.009 -6"><span class='ocrx_word' id='word_1_176' title='bbox 151 2167 298 2196; x_wconf 83' lang='lat' dir='ltr'>cuerunt</span> <span class='ocrx_word' id='word_1_177' title='bbox 312 2162 350 2197; x_wconf 86' lang='lat' dir='ltr'>C.</span> <span class='ocrx_word' id='word_1_178' title='bbox 369 2163 586 2199; x_wconf 83' lang='lat' dir='ltr'>Sclineidero</span> <span class='ocrx_word' id='word_1_179' title='bbox 613 2167 655 2200; x_wconf 86' lang='lat' dir='ltr'>ad</span> <span class='ocrx_word' id='word_1_180' title='bbox 676 2167 853 2202; x_wconf 84' lang='lat' dir='ltr'>Petrurch.</span> 
     </span>
     <span class='ocr_line' id='line_1_32' title="bbox 152 2210 856 2262; baseline 0.009 -19"><span class='ocrx_word' id='word_1_181' title='bbox 152 2210 195 2244; x_wconf 92' lang='lat' dir='ltr'>de</span> <span class='ocrx_word' id='word_1_182' title='bbox 222 2212 306 2245; x_wconf 84' lang='lat' dir='ltr'>viris</span> <span class='ocrx_word' id='word_1_183' title='bbox 331 2211 384 2245; x_wconf 88' lang='lat' dir='ltr'>ill.</span> <span class='ocrx_word' id='word_1_184' title='bbox 412 2218 500 2256; x_wconf 84' lang='lat' dir='ltr'>part.</span> <span class='ocrx_word' id='word_1_185' title='bbox 526 2214 569 2248; x_wconf 87' lang='lat' dir='ltr'>lv</span> <span class='ocrx_word' id='word_1_186' title='bbox 598 2216 692 2259; x_wconf 84' lang='lat' dir='ltr'>p.29</span> <span class='ocrx_word' id='word_1_187' title='bbox 719 2215 856 2262; x_wconf 76' lang='lat' dir='ltr'>(hiemis</span> 
     </span>
     <span class='ocr_line' id='line_1_33' title="bbox 151 2259 855 2311; baseline 0.011 -20"><span class='ocrx_word' id='word_1_188' title='bbox 151 2261 237 2303; x_wconf 82' lang='lat' dir='ltr'>aut),</span> <span class='ocrx_word' id='word_1_189' title='bbox 266 2259 646 2304; x_wconf 80' lang='lat' dir='ltr'>Doede1·linio(hiemis</span> <span class='ocrx_word' id='word_1_190' title='bbox 663 2266 735 2311; x_wconf 83' lang='lat' dir='ltr'>ac).</span> <span class='ocrx_word' id='word_1_191' title='bbox 762 2266 855 2298; x_wconf 87' lang='lat' dir='ltr'>Sae-</span> 
     </span>
     <span class='ocr_line' id='line_1_34' title="bbox 148 2308 854 2358; baseline 0.013 -19"><span class='ocrx_word' id='word_1_192' title='bbox 148 2308 234 2340; x_wconf 78' lang='lat' dir='ltr'>vitia</span> <span class='ocrx_word' id='word_1_193' title='bbox 258 2308 437 2343; x_wconf 80' lang='lat' dir='ltr'>vulnerum</span> <span class='ocrx_word' id='word_1_194' title='bbox 468 2310 585 2345; x_wconf 86' lang='lat' dir='ltr'>forent</span> <span class='ocrx_word' id='word_1_195' title='bbox 620 2323 729 2347; x_wconf 89' lang='lat' dir='ltr'>saeva</span> <span class='ocrx_word' id='word_1_196' title='bbox 763 2324 854 2358; x_wconf 85' lang='lat' dir='ltr'>quae</span> 
     </span>
     <span class='ocr_line' id='line_1_35' title="bbox 149 2354 854 2404; baseline 0.013 -17"><span class='ocrx_word' id='word_1_197' title='bbox 149 2354 355 2401; x_wconf 85' lang='lat' dir='ltr'>infliguntur</span> <span class='ocrx_word' id='word_1_198' title='bbox 379 2358 437 2392; x_wconf 88' lang='lat' dir='ltr'>vel</span> <span class='ocrx_word' id='word_1_199' title='bbox 453 2360 675 2404; x_wconf 87' lang='lat' dir='ltr'>accipiuntur</span> <span class='ocrx_word' id='word_1_200' title='bbox 691 2361 854 2397; x_wconf 89' lang='lat' dir='ltr'>vulnera.</span> 
     </span>
    </p>
   </div>
   <div class='ocr_carea' id='block_1_17' title="bbox 151 2425 854 2568">
    <p class='ocr_par' dir='ltr' id='par_1_17' title="bbox 151 2425 854 2568">
     <span class='ocr_line' id='line_1_36' title="bbox 224 2425 853 2471; baseline 0.011 -12"><span class='ocrx_word' id='word_1_201' title='bbox 224 2425 307 2471; x_wconf 89' lang='lat' dir='ltr'>Cap.</span> <span class='ocrx_word' id='word_1_202' title='bbox 336 2427 393 2463; x_wconf 89' lang='lat'>80.</span> <span class='ocrx_word' id='word_1_203' title='bbox 420 2435 497 2463; x_wconf 83' lang='lat' dir='ltr'>orta</span> <span class='ocrx_word' id='word_1_204' title='bbox 522 2430 668 2464; x_wconf 80' lang='lat' dir='ltr'>seditio:</span> <span class='ocrx_word' id='word_1_205' title='bbox 706 2432 853 2466; x_wconf 89' lang='lat' dir='ltr'>eandem</span> 
     </span>
     <span class='ocr_line' id='line_1_37' title="bbox 151 2477 854 2523; baseline 0.014 -18"><span class='ocrx_word' id='word_1_206' title='bbox 151 2483 223 2506; x_wconf 88' lang='lat' dir='ltr'>rem</span> <span class='ocrx_word' id='word_1_207' title='bbox 250 2482 388 2509; x_wconf 87' lang='lat' dir='ltr'>enarrat</span> <span class='ocrx_word' id='word_1_208' title='bbox 407 2477 597 2512; x_wconf 88' lang='lat' dir='ltr'>Suetonius</span> <span class='ocrx_word' id='word_1_209' title='bbox 609 2479 688 2514; x_wconf 83' lang='lat' dir='ltr'>oth.</span> <span class='ocrx_word' id='word_1_210' title='bbox 704 2480 739 2523; x_wconf 86' lang='lat'>8,</span> <span class='ocrx_word' id='word_1_211' title='bbox 754 2481 854 2514; x_wconf 85' lang='lat' dir='ltr'>Plut-</span> 
     </span>
     <span class='ocr_line' id='line_1_38' title="bbox 151 2521 695 2568; baseline 0.017 -15"><span class='ocrx_word' id='word_1_212' title='bbox 151 2521 277 2556; x_wconf 86' lang='lat' dir='ltr'>archus</span> <span class='ocrx_word' id='word_1_213' title='bbox 301 2523 348 2557; x_wconf 85' lang='lat' dir='ltr'>ib.</span> <span class='ocrx_word' id='word_1_214' title='bbox 376 2526 410 2568; x_wconf 85' lang='lat'>3,</span> <span class='ocrx_word' id='word_1_215' title='bbox 440 2525 506 2559; x_wconf 90' lang='lat' dir='ltr'>Dio</span> <span class='ocrx_word' id='word_1_216' title='bbox 532 2526 634 2561; x_wconf 83' lang='lat' dir='ltr'>Lxlv</span> <span class='ocrx_word' id='word_1_217' title='bbox 662 2528 695 2563; x_wconf 88' lang='lat'>9.</span> 
     </span>
    </p>
   </div>
   <div class='ocr_carea' id='block_1_18' title="bbox 152 2594 857 2976">
    <p class='ocr_par' dir='ltr' id='par_1_18' title="bbox 152 2594 857 2976">
     <span class='ocr_line' id='line_1_39' title="bbox 244 2594 856 2634; baseline 0.015 -9"><span class='ocrx_word' id='word_1_218' title='bbox 244 2594 334 2626; x_wconf 82' lang='lat' dir='ltr'>unde</span> <span class='ocrx_word' id='word_1_219' title='bbox 374 2596 464 2629; x_wconf 72' lang='lat' dir='ltr'>nihil</span> <span class='ocrx_word' id='word_1_220' title='bbox 506 2598 715 2632; x_wconf 80' lang='lat' dir='ltr'>timebatur.-</span> <span class='ocrx_word' id='word_1_221' title='bbox 764 2601 856 2634; x_wconf 84' lang='lat' dir='ltr'>‘orta</span> 
     </span>
     <span class='ocr_line' id='line_1_40' title="bbox 152 2639 855 2691; baseline 0.016 -20"><span class='ocrx_word' id='word_1_222' title='bbox 152 2639 278 2674; x_wconf 85' lang='lat' dir='ltr'>seditio</span> <span class='ocrx_word' id='word_1_223' title='bbox 312 2647 364 2676; x_wconf 85' lang='lat' dir='ltr'>est</span> <span class='ocrx_word' id='word_1_224' title='bbox 399 2644 441 2677; x_wconf 85' lang='lat' dir='ltr'>ab</span> <span class='ocrx_word' id='word_1_225' title='bbox 476 2646 519 2678; x_wconf 84' lang='lat' dir='ltr'>iis</span> <span class='ocrx_word' id='word_1_226' title='bbox 550 2647 729 2691; x_wconf 81' lang='lat' dir='ltr'>partibus,</span> <span class='ocrx_word' id='word_1_227' title='bbox 763 2649 855 2683; x_wconf 88' lang='lat' dir='ltr'>unde</span> 
     </span>
     <span class='ocr_line' id='line_1_41' title="bbox 152 2687 855 2739; baseline 0.018 -20"><span class='ocrx_word' id='word_1_228' title='bbox 152 2687 240 2721; x_wconf 88' lang='lat' dir='ltr'>nihil</span> <span class='ocrx_word' id='word_1_229' title='bbox 269 2690 350 2723; x_wconf 87' lang='lat' dir='ltr'>mali</span> <span class='ocrx_word' id='word_1_230' title='bbox 380 2692 564 2727; x_wconf 89' lang='lat' dir='ltr'>imminere</span> <span class='ocrx_word' id='word_1_231' title='bbox 584 2695 782 2739; x_wconf 81' lang='lat' dir='ltr'>videbatur,</span> <span class='ocrx_word' id='word_1_232' title='bbox 811 2697 855 2731; x_wconf 84' lang='lat' dir='ltr'>ab</span> 
     </span>
     <span class='ocr_line' id='line_1_42' title="bbox 153 2735 856 2787; baseline 0.016 -20"><span class='ocrx_word' id='word_1_233' title='bbox 153 2735 238 2778; x_wconf 85' lang='lat' dir='ltr'>ipsis</span> <span class='ocrx_word' id='word_1_234' title='bbox 275 2737 551 2775; x_wconf 82' lang='lat' dir='ltr'>Othonianorum</span> <span class='ocrx_word' id='word_1_235' title='bbox 590 2743 797 2787; x_wconf 77' lang='lat' dir='ltr'>fidissimis,</span> <span class='ocrx_word' id='word_1_236' title='bbox 837 2756 856 2778; x_wconf 84' lang='lat' dir='ltr'>a</span> 
     </span>
     <span class='ocr_line' id='line_1_43' title="bbox 154 2786 857 2827; baseline 0.02 -14"><span class='ocrx_word' id='word_1_237' title='bbox 154 2786 383 2823; x_wconf 85' lang='lat' dir='ltr'>praetorianis</span> <span class='ocrx_word' id='word_1_238' title='bbox 405 2793 479 2822; x_wconf 81' lang='lat' dir='ltr'>orta</span> <span class='ocrx_word' id='word_1_239' title='bbox 506 2790 656 2825; x_wconf 85' lang='lat' dir='ltr'>seditio&#39;.</span> <span class='ocrx_word' id='word_1_240' title='bbox 685 2791 857 2827; x_wconf 65' lang='lat' dir='ltr'>Donusa..</span> 
     </span>
     <span class='ocr_line' id='line_1_44' title="bbox 156 2834 855 2884; baseline 0.019 -22"><span class='ocrx_word' id='word_1_241' title='bbox 156 2839 287 2865; x_wconf 69' lang='lat' dir='ltr'>nimus.</span> <span class='ocrx_word' id='word_1_242' title='bbox 340 2834 413 2868; x_wconf 90' lang='lat' dir='ltr'>Hoc</span> <span class='ocrx_word' id='word_1_243' title='bbox 447 2838 475 2870; x_wconf 89' lang='lat' dir='ltr'>si</span> <span class='ocrx_word' id='word_1_244' title='bbox 511 2838 683 2873; x_wconf 85' lang='lat' dir='ltr'>voluisset</span> <span class='ocrx_word' id='word_1_245' title='bbox 704 2840 855 2884; x_wconf 78' lang='lat' dir='ltr'>Tacitus,</span> 
     </span>
     <span class='ocr_line' id='line_1_45' title="bbox 157 2882 856 2934; baseline 0.023 -26"><span class='ocrx_word' id='word_1_246' title='bbox 157 2884 251 2911; x_wconf 85' lang='lat' dir='ltr'>certe</span> <span class='ocrx_word' id='word_1_247' title='bbox 272 2886 303 2912; x_wconf 86' lang='lat' dir='ltr'>et</span> <span class='ocrx_word' id='word_1_248' title='bbox 316 2882 406 2915; x_wconf 89' lang='lat' dir='ltr'>unde</span> <span class='ocrx_word' id='word_1_249' title='bbox 425 2886 617 2929; x_wconf 85' lang='lat' dir='ltr'>scripturus</span> <span class='ocrx_word' id='word_1_250' title='bbox 637 2894 722 2922; x_wconf 83' lang='lat' dir='ltr'>erat.</span> <span class='ocrx_word' id='word_1_251' title='bbox 743 2889 856 2934; x_wconf 84' lang='lat' dir='ltr'>Equi-</span> 
     </span>
     <span class='ocr_line' id='line_1_46' title="bbox 158 2922 855 2976; baseline 0.024 -21"><span class='ocrx_word' id='word_1_252' title='bbox 158 2922 234 2957; x_wconf 85' lang='lat' dir='ltr'>dem</span> <span class='ocrx_word' id='word_1_253' title='bbox 259 2927 349 2960; x_wconf 82' lang='lat' dir='ltr'>unde</span> <span class='ocrx_word' id='word_1_254' title='bbox 382 2930 489 2976; x_wconf 86' lang='lat' dir='ltr'>iungo</span> <span class='ocrx_word' id='word_1_255' title='bbox 523 2944 599 2968; x_wconf 87' lang='lat' dir='ltr'>cum</span> <span class='ocrx_word' id='word_1_256' title='bbox 636 2947 714 2971; x_wconf 88' lang='lat' dir='ltr'>voc.</span> <span class='ocrx_word' id='word_1_257' title='bbox 741 2939 855 2972; x_wconf 79' lang='lat' dir='ltr'>initio.</span> 
     </span>
    </p>
   </div>
   <div class='ocr_carea' id='block_1_19' title="bbox 157 2968 857 3020">
    <p class='ocr_par' dir='ltr' id='par_1_19' title="bbox 157 2968 857 3020">
     <span class='ocr_line' id='line_1_47' title="bbox 157 2968 857 3020; baseline 0.027 -17"><span class='ocrx_word' id='word_1_258' title='bbox 157 2968 188 3003; x_wconf 83' lang='lat' dir='ltr'><strong>A</strong></span> <span class='ocrx_word' id='word_1_259' title='bbox 212 2974 443 3015; x_wconf 85' lang='lat' dir='ltr'>praetorianis</span> <span class='ocrx_word' id='word_1_260' title='bbox 469 2978 598 3016; x_wconf 88' lang='lat' dir='ltr'>Othoni</span> <span class='ocrx_word' id='word_1_261' title='bbox 634 2982 764 3019; x_wconf 84' lang='lat' dir='ltr'>fautori</span> <span class='ocrx_word' id='word_1_262' title='bbox 798 2986 857 3020; x_wconf 84' lang='lat' dir='ltr'>ni-</span> 
     </span>
    </p>
   </div>
   <div class='ocr_carea' id='block_1_20' title="bbox 785 1541 1461 1597">
    <p class='ocr_par' dir='ltr' id='par_1_20' title="bbox 785 1541 1461 1597">
     <span class='ocr_line' id='line_1_48' title="bbox 785 1541 1461 1597; baseline -0.006 -11"><span class='ocrx_word' id='word_1_263' title='bbox 785 1544 915 1597; x_wconf 81' lang='lat' dir='ltr'>Rapta</span> <span class='ocrx_word' id='word_1_264' title='bbox 956 1555 1090 1595; x_wconf 87' lang='lat' dir='ltr'>arma,</span> <span class='ocrx_word' id='word_1_265' title='bbox 1133 1541 1275 1583; x_wconf 86' lang='lat' dir='ltr'>nudati</span> <span class='ocrx_word' id='word_1_266' title='bbox 1316 1541 1461 1597; x_wconf 84' lang='lat' dir='ltr'>gladii.</span> 
     </span>
    </p>
   </div>
   <div class='ocr_carea' id='block_1_21' title="bbox 142 1660 1634 1843">
    <p class='ocr_par' dir='ltr' id='par_1_21' title="bbox 142 1660 1634 1843">
     <span class='ocr_line' id='line_1_49' title="bbox 616 1660 1331 1710; baseline -0.006 -10"><span class='ocrx_word' id='word_1_267' title='bbox 616 1666 649 1700; x_wconf 84' lang='lat'>3.</span> <span class='ocrx_word' id='word_1_268' title='bbox 674 1675 785 1710; x_wconf 79' lang='lat' dir='ltr'>parvo</span> <span class='ocrx_word' id='word_1_269' title='bbox 812 1665 952 1698; x_wconf 79' lang='lat' dir='ltr'>interim</span> <span class='ocrx_word' id='word_1_270' title='bbox 975 1663 1118 1697; x_wconf 78' lang='lat' dir='ltr'>interim</span> <span class='ocrx_word' id='word_1_271' title='bbox 1144 1663 1246 1696; x_wconf 76' lang='lat' dir='ltr'>initio</span> <span class='ocrx_word' id='word_1_272' title='bbox 1266 1660 1331 1696; x_wconf 60' lang='grc' dir='ltr'>ΜΒ.</span> 
     </span>
     <span class='ocr_line' id='line_1_50' title="bbox 534 1709 1634 1758; baseline -0.003 -10"><span class='ocrx_word' id='word_1_273' title='bbox 534 1714 568 1749; x_wconf 86' lang='grc'>9.</span> <span class='ocrx_word' id='word_1_274' title='bbox 597 1719 613 1747; x_wconf 65' lang='lat' dir='ltr'><strong>f</strong></span> <span class='ocrx_word' id='word_1_275' title='bbox 638 1713 882 1758; x_wconf 80' lang='lat' dir='ltr'>suspictionem</span> <span class='ocrx_word' id='word_1_276' title='bbox 910 1711 949 1754; x_wconf 90' lang='lat' dir='ltr'>G,</span> <span class='ocrx_word' id='word_1_277' title='bbox 975 1711 1206 1757; x_wconf 84' lang='lat' dir='ltr'>inspicionem</span> <span class='ocrx_word' id='word_1_278' title='bbox 1232 1710 1296 1744; x_wconf 64' lang='lat' dir='ltr'>Ma.</span> <span class='ocrx_word' id='word_1_279' title='bbox 1350 1710 1411 1756; x_wconf 79' lang='lat' dir='ltr'>aff.</span> <span class='ocrx_word' id='word_1_280' title='bbox 1439 1709 1497 1745; x_wconf 86' lang='lat' dir='ltr'>Or.</span> <span class='ocrx_word' id='word_1_281' title='bbox 1577 1711 1634 1746; x_wconf 82' lang='lat'>11.</span> 
     </span>
     <span class='ocr_line' id='line_1_51' title="bbox 142 1761 981 1806; baseline 0 -12"><span class='ocrx_word' id='word_1_282' title='bbox 142 1767 173 1794; x_wconf 86' lang='lat' dir='ltr'>et</span> <span class='ocrx_word' id='word_1_283' title='bbox 200 1763 481 1806; x_wconf 72' lang='lat' dir='ltr'>centurionesque</span> <span class='ocrx_word' id='word_1_284' title='bbox 504 1761 579 1796; x_wconf 74' lang='lat' dir='ltr'>Ma:</span> <span class='ocrx_word' id='word_1_285' title='bbox 607 1762 633 1796; x_wconf 91' lang='lat' dir='ltr'><strong>G</strong></span> <span class='ocrx_word' id='word_1_286' title='bbox 661 1762 881 1795; x_wconf 80' lang='lat' dir='ltr'>centuriones</span> <span class='ocrx_word' id='word_1_287' title='bbox 907 1771 981 1805; x_wconf 86' lang='lat' dir='ltr'>que.</span> 
     </span>
     <span class='ocr_line' id='line_1_52' title="bbox 907 1806 1524 1843; baseline 0 0"><span class='ocrx_word' id='word_1_288' title='bbox 907 1809 962 1843; x_wconf 87' lang='lat'>16.</span> <span class='ocrx_word' id='word_1_289' title='bbox 991 1808 1160 1842; x_wconf 71' lang='lat' dir='ltr'>seditione</span> <span class='ocrx_word' id='word_1_290' title='bbox 1190 1806 1266 1842; x_wconf 67' lang='lat' dir='ltr'>Ma:</span> <span class='ocrx_word' id='word_1_291' title='bbox 1295 1807 1323 1843; x_wconf 90' lang='lat' dir='ltr'>G</span> <span class='ocrx_word' id='word_1_292' title='bbox 1349 1807 1524 1843; x_wconf 77' lang='lat' dir='ltr'>seditioni.</span> 
     </span>
    </p>
   </div>
   <div class='ocr_carea' id='block_1_22' title="bbox 1522 1541 1634 1583">
    <p class='ocr_par' dir='ltr' id='par_1_22' title="bbox 1522 1541 1634 1583">
     <span class='ocr_line' id='line_1_53' title="bbox 1522 1541 1634 1583; baseline 0 -1"><span class='ocrx_word' id='word_1_293' title='bbox 1522 1541 1634 1583; x_wconf 90' lang='lat' dir='ltr'>lnsi-</span> 
     </span>
    </p>
   </div>
   <div class='ocr_carea' id='block_1_23' title="bbox 1430 1660 1632 1696">
    <p class='ocr_par' dir='ltr' id='par_1_23' title="bbox 1430 1660 1632 1696">
     <span class='ocr_line' id='line_1_54' title="bbox 1430 1660 1632 1696; baseline 0.005 -1"><span class='ocrx_word' id='word_1_294' title='bbox 1430 1660 1544 1695; x_wconf 74' lang='lat' dir='ltr'>nichil</span> <span class='ocrx_word' id='word_1_295' title='bbox 1567 1660 1632 1696; x_wconf 61' lang='lat' dir='ltr'>Ma.</span> 
     </span>
    </p>
   </div>
   <div class='ocr_carea' id='block_1_24' title="bbox 1078 1759 1636 1805">
    <p class='ocr_par' dir='ltr' id='par_1_24' title="bbox 1078 1759 1636 1805">
     <span class='ocr_line' id='line_1_55' title="bbox 1078 1759 1636 1805; baseline 0 -12"><span class='ocrx_word' id='word_1_296' title='bbox 1078 1761 1131 1795; x_wconf 80' lang='lat'>14.</span> <span class='ocrx_word' id='word_1_297' title='bbox 1164 1759 1255 1805; x_wconf 67' lang='lat' dir='ltr'>woly.</span> <span class='ocrx_word' id='word_1_298' title='bbox 1285 1759 1346 1794; x_wconf 84' lang='lat' dir='ltr'>Or.</span> <span class='ocrx_word' id='word_1_299' title='bbox 1424 1759 1636 1805; x_wconf 71' lang='lat' dir='ltr'>cuiusctique</span> 
     </span>
    </p>
   </div>
   <div class='ocr_carea' id='block_1_25' title="bbox 920 1923 1642 3036">
    <p class='ocr_par' dir='ltr' id='par_1_25' title="bbox 920 1923 1637 2007">
     <span class='ocr_line' id='line_1_56' title="bbox 920 1923 1637 1970; baseline 0.004 -13"><span class='ocrx_word' id='word_1_300' title='bbox 920 1923 992 1967; x_wconf 93' lang='lat' dir='ltr'>hil,</span> <span class='ocrx_word' id='word_1_301' title='bbox 1035 1925 1098 1958; x_wconf 89' lang='lat' dir='ltr'>sed</span> <span class='ocrx_word' id='word_1_302' title='bbox 1140 1923 1217 1957; x_wconf 91' lang='lat' dir='ltr'>urbi</span> <span class='ocrx_word' id='word_1_303' title='bbox 1259 1923 1474 1970; x_wconf 77' lang='lat' dir='ltr'>civibusque</span> <span class='ocrx_word' id='word_1_304' title='bbox 1517 1925 1637 1960; x_wconf 75' lang='lat' dir='ltr'>omnia</span> 
     </span>
     <span class='ocr_line' id='line_1_57' title="bbox 920 1972 1216 2007; baseline 0.007 -3"><span class='ocrx_word' id='word_1_305' title='bbox 920 1972 1078 2006; x_wconf 87' lang='lat' dir='ltr'>timenda</span> <span class='ocrx_word' id='word_1_306' title='bbox 1105 1978 1216 2007; x_wconf 86' lang='lat' dir='ltr'>erant.</span> 
     </span>
    </p>

    <p class='ocr_par' dir='ltr' id='par_1_26' title="bbox 923 2019 1640 2361">
     <span class='ocr_line' id='line_1_58' title="bbox 994 2019 1635 2056; baseline 0.002 -3"><span class='ocrx_word' id='word_1_307' title='bbox 994 2032 1010 2053; x_wconf 89' lang='lat' dir='ltr'>e</span> <span class='ocrx_word' id='word_1_308' title='bbox 1039 2019 1178 2054; x_wconf 83' lang='lat' dir='ltr'>colonia</span> <span class='ocrx_word' id='word_1_309' title='bbox 1205 2021 1381 2055; x_wconf 83' lang='lat' dir='ltr'>Ostiensi:</span> <span class='ocrx_word' id='word_1_310' title='bbox 1412 2021 1458 2056; x_wconf 78' lang='lat' dir='ltr'>cf.</span> <span class='ocrx_word' id='word_1_311' title='bbox 1487 2021 1635 2056; x_wconf 79' lang='lat' dir='ltr'>Sueten.</span> 
     </span>
     <span class='ocr_line' id='line_1_59' title="bbox 924 2068 1639 2105; baseline 0.001 -3"><span class='ocrx_word' id='word_1_312' title='bbox 924 2068 1047 2102; x_wconf 84' lang='lat' dir='ltr'>Claud.</span> <span class='ocrx_word' id='word_1_313' title='bbox 1074 2070 1146 2104; x_wconf 80' lang='lat'>25:</span> <span class='ocrx_word' id='word_1_314' title='bbox 1182 2069 1332 2104; x_wconf 81' lang='lat' dir='ltr'>Puteolis</span> <span class='ocrx_word' id='word_1_315' title='bbox 1359 2075 1391 2104; x_wconf 86' lang='lat' dir='ltr'>et</span> <span class='ocrx_word' id='word_1_316' title='bbox 1417 2069 1536 2105; x_wconf 77' lang='lat' dir='ltr'>Ostiae</span> <span class='ocrx_word' id='word_1_317' title='bbox 1559 2069 1639 2104; x_wconf 73' lang='lat' dir='ltr'>sin-</span> 
     </span>
     <span class='ocr_line' id='line_1_60' title="bbox 923 2116 1639 2162; baseline 0.004 -12"><span class='ocrx_word' id='word_1_318' title='bbox 923 2116 1026 2162; x_wconf 67' lang='lat' dir='ltr'>gulas</span> <span class='ocrx_word' id='word_1_319' title='bbox 1053 2117 1211 2152; x_wconf 84' lang='lat' dir='ltr'>cohortes</span> <span class='ocrx_word' id='word_1_320' title='bbox 1239 2119 1285 2152; x_wconf 85' lang='lat' dir='ltr'>ad</span> <span class='ocrx_word' id='word_1_321' title='bbox 1311 2118 1485 2153; x_wconf 74' lang='lat' dir='ltr'>arcendos</span> <span class='ocrx_word' id='word_1_322' title='bbox 1509 2119 1639 2153; x_wconf 74' lang='lat' dir='ltr'>incon·-</span> 
     </span>
     <span class='ocr_line' id='line_1_61' title="bbox 925 2166 1639 2202; baseline 0.006 -3"><span class='ocrx_word' id='word_1_323' title='bbox 925 2166 1060 2200; x_wconf 83' lang='lat' dir='ltr'>diorum</span> <span class='ocrx_word' id='word_1_324' title='bbox 1087 2178 1188 2201; x_wconf 84' lang='lat' dir='ltr'>casus</span> <span class='ocrx_word' id='word_1_325' title='bbox 1215 2167 1413 2202; x_wconf 81' lang='lat' dir='ltr'>collocavit.</span> <span class='ocrx_word' id='word_1_326' title='bbox 1470 2166 1546 2202; x_wconf 75' lang='lat' dir='ltr'>Eae</span> <span class='ocrx_word' id='word_1_327' title='bbox 1573 2176 1639 2202; x_wconf 85' lang='lat' dir='ltr'>co-</span> 
     </span>
     <span class='ocr_line' id='line_1_62' title="bbox 924 2214 1640 2259; baseline 0.001 -11"><span class='ocrx_word' id='word_1_328' title='bbox 924 2214 1045 2248; x_wconf 86' lang='lat' dir='ltr'>hortes</span> <span class='ocrx_word' id='word_1_329' title='bbox 1094 2216 1362 2250; x_wconf 86' lang='lat' dir='ltr'>auxiliariorum</span> <span class='ocrx_word' id='word_1_330' title='bbox 1398 2220 1520 2259; x_wconf 80' lang='lat' dir='ltr'>erant,</span> <span class='ocrx_word' id='word_1_331' title='bbox 1567 2225 1640 2249; x_wconf 84' lang='lat' dir='ltr'>non</span> 
     </span>
     <span class='ocr_line' id='line_1_63' title="bbox 924 2262 1639 2309; baseline 0.003 -14"><span class='ocrx_word' id='word_1_332' title='bbox 924 2262 1169 2308; x_wconf 88' lang='lat' dir='ltr'>legionariae,</span> <span class='ocrx_word' id='word_1_333' title='bbox 1197 2269 1235 2298; x_wconf 83' lang='lat' dir='ltr'>ut</span> <span class='ocrx_word' id='word_1_334' title='bbox 1260 2269 1359 2309; x_wconf 85' lang='lat' dir='ltr'>patet</span> <span class='ocrx_word' id='word_1_335' title='bbox 1383 2275 1428 2299; x_wconf 86' lang='lat' dir='ltr'>ex</span> <span class='ocrx_word' id='word_1_336' title='bbox 1454 2263 1639 2308; x_wconf 71' lang='lat' dir='ltr'>praefecto</span> 
     </span>
     <span class='ocr_line' id='line_1_64' title="bbox 924 2311 1547 2361; baseline 0.003 -16"><span class='ocrx_word' id='word_1_337' title='bbox 924 2311 1029 2355; x_wconf 84' lang='lat' dir='ltr'>paulo</span> <span class='ocrx_word' id='word_1_338' title='bbox 1057 2317 1137 2356; x_wconf 86' lang='lat' dir='ltr'>post</span> <span class='ocrx_word' id='word_1_339' title='bbox 1166 2315 1217 2358; x_wconf 88' lang='lat' dir='ltr'>(c.</span> <span class='ocrx_word' id='word_1_340' title='bbox 1243 2313 1310 2361; x_wconf 84' lang='lat'>82)</span> <span class='ocrx_word' id='word_1_341' title='bbox 1338 2317 1547 2348; x_wconf 80' lang='lat' dir='ltr'>memorato.</span> 
     </span>
    </p>

    <p class='ocr_par' dir='ltr' id='par_1_27' title="bbox 923 2362 1642 2603">
     <span class='ocr_line' id='line_1_65' title="bbox 995 2362 1642 2397; baseline 0.003 -3"><span class='ocrx_word' id='word_1_342' title='bbox 995 2367 1026 2394; x_wconf 89' lang='lat' dir='ltr'>et</span> <span class='ocrx_word' id='word_1_343' title='bbox 1058 2362 1134 2394; x_wconf 81' lang='lat' dir='ltr'>visa</span> <span class='ocrx_word' id='word_1_344' title='bbox 1163 2362 1257 2395; x_wconf 84' lang='lat' dir='ltr'>inter</span> <span class='ocrx_word' id='word_1_345' title='bbox 1296 2363 1499 2397; x_wconf 73' lang='lat' dir='ltr'>temulentos</span> <span class='ocrx_word' id='word_1_346' title='bbox 1538 2371 1642 2396; x_wconf 71' lang='lat' dir='ltr'>ama</span> 
     </span>
     <span class='ocr_line' id='line_1_66' title="bbox 923 2409 1641 2455; baseline 0.003 -14"><span class='ocrx_word' id='word_1_347' title='bbox 923 2410 1119 2453; x_wconf 85' lang='lat' dir='ltr'>cupidinem</span> <span class='ocrx_word' id='word_1_348' title='bbox 1136 2411 1192 2443; x_wconf 89' lang='lat' dir='ltr'>sui</span> <span class='ocrx_word' id='word_1_349' title='bbox 1217 2422 1377 2445; x_wconf 81' lang='lat' dir='ltr'>movere.-</span> <span class='ocrx_word' id='word_1_350' title='bbox 1405 2415 1488 2455; x_wconf 82' lang='lat' dir='ltr'>apte</span> <span class='ocrx_word' id='word_1_351' title='bbox 1498 2409 1641 2455; x_wconf 76' lang='lat' dir='ltr'>Lipsius</span> 
     </span>
     <span class='ocr_line' id='line_1_67' title="bbox 925 2457 1641 2503; baseline 0.004 -14"><span class='ocrx_word' id='word_1_352' title='bbox 925 2457 1361 2502; x_wconf 73' lang='lat' dir='ltr'>comparavit&#39;l&#39;elemachi</span> <span class='ocrx_word' id='word_1_353' title='bbox 1387 2459 1520 2494; x_wconf 83' lang='lat' dir='ltr'>dictum</span> <span class='ocrx_word' id='word_1_354' title='bbox 1544 2457 1641 2503; x_wconf 79' lang='lat' dir='ltr'>apud</span> 
     </span>
     <span class='ocr_line' id='line_1_68' title="bbox 923 2503 1630 2554; baseline 0.011 -16"><span class='ocrx_word' id='word_1_355' title='bbox 923 2505 1113 2539; x_wconf 87' lang='lat' dir='ltr'>Homerum</span> <span class='ocrx_word' id='word_1_356' title='bbox 1127 2506 1270 2553; x_wconf 88' lang='lat' dir='ltr'>(Od.II</span> <span class='ocrx_word' id='word_1_357' title='bbox 1292 2507 1379 2550; x_wconf 78' lang='lat'><strong>294)</strong></span> <span class='ocrx_word' id='word_1_358' title='bbox 1410 2503 1520 2545; x_wconf 73' lang='grc' dir='ltr'><strong><em>αὐτὸς</em></strong></span> <span class='ocrx_word' id='word_1_359' title='bbox 1551 2503 1630 2554; x_wconf 63' lang='grc' dir='ltr'>γὰρ</span> 
     </span>
     <span class='ocr_line' id='line_1_69' title="bbox 924 2555 1471 2603; baseline 0.004 -14"><span class='ocrx_word' id='word_1_360' title='bbox 924 2555 1122 2600; x_wconf 76' lang='grc' dir='ltr'><strong><em>ἐφέλκεται</em></strong></span> <span class='ocrx_word' id='word_1_361' title='bbox 1148 2556 1272 2603; x_wconf 77' lang='grc' dir='ltr'><em>ἄνδρα</em></span> <span class='ocrx_word' id='word_1_362' title='bbox 1302 2557 1471 2603; x_wconf 77' lang='grc' dir='ltr'>σίδηρος.</span> 
     </span>
    </p>

    <p class='ocr_par' dir='ltr' id='par_1_28' title="bbox 923 2603 1641 2878">
     <span class='ocr_line' id='line_1_70' title="bbox 995 2603 1638 2650; baseline 0.003 -14"><span class='ocrx_word' id='word_1_363' title='bbox 995 2603 1184 2638; x_wconf 83' lang='lat' dir='ltr'>insidentes</span> <span class='ocrx_word' id='word_1_364' title='bbox 1211 2606 1305 2649; x_wconf 80' lang='lat' dir='ltr'>equis</span> <span class='ocrx_word' id='word_1_365' title='bbox 1325 2626 1369 2632; x_wconf 87' lang='lat'>--</span> <span class='ocrx_word' id='word_1_366' title='bbox 1394 2608 1541 2650; x_wconf 69' lang='lat' dir='ltr'>petunt:</span> <span class='ocrx_word' id='word_1_367' title='bbox 1566 2614 1638 2638; x_wconf 87' lang='lat' dir='ltr'>non</span> 
     </span>
     <span class='ocr_line' id='line_1_71' title="bbox 924 2649 1641 2699; baseline 0.006 -16"><span class='ocrx_word' id='word_1_368' title='bbox 924 2649 967 2683; x_wconf 91' lang='lat' dir='ltr'>de</span> <span class='ocrx_word' id='word_1_369' title='bbox 994 2651 1222 2687; x_wconf 86' lang='lat' dir='ltr'>multitudine</span> <span class='ocrx_word' id='word_1_370' title='bbox 1243 2654 1550 2699; x_wconf 54' lang='lat' dir='ltr'>praetorianorum</span> <span class='ocrx_word' id='word_1_371' title='bbox 1571 2651 1641 2687; x_wconf 87' lang='lat' dir='ltr'>hoc</span> 
     </span>
     <span class='ocr_line' id='line_1_72' title="bbox 923 2700 1640 2745; baseline 0.004 -14"><span class='ocrx_word' id='word_1_372' title='bbox 923 2700 1170 2743; x_wconf 85' lang='lat' dir='ltr'>accipiendum</span> <span class='ocrx_word' id='word_1_373' title='bbox 1207 2706 1279 2745; x_wconf 86' lang='lat' dir='ltr'>est,</span> <span class='ocrx_word' id='word_1_374' title='bbox 1319 2701 1383 2736; x_wconf 85' lang='lat' dir='ltr'>sed</span> <span class='ocrx_word' id='word_1_375' title='bbox 1420 2701 1527 2735; x_wconf 74' lang='lat' dir='ltr'>tradit</span> <span class='ocrx_word' id='word_1_376' title='bbox 1554 2711 1640 2736; x_wconf 76' lang='lat' dir='ltr'>nar-</span> 
     </span>
     <span class='ocr_line' id='line_1_73' title="bbox 926 2748 1640 2795; baseline 0.008 -17"><span class='ocrx_word' id='word_1_377' title='bbox 926 2751 1021 2780; x_wconf 84' lang='lat' dir='ltr'>rator</span> <span class='ocrx_word' id='word_1_378' title='bbox 1050 2749 1168 2792; x_wconf 88' lang='lat' dir='ltr'>plures</span> <span class='ocrx_word' id='word_1_379' title='bbox 1199 2751 1407 2784; x_wconf 80' lang='lat' dir='ltr'>conscensis</span> <span class='ocrx_word' id='word_1_380' title='bbox 1436 2750 1538 2795; x_wconf 86' lang='lat' dir='ltr'>equis</span> <span class='ocrx_word' id='word_1_381' title='bbox 1568 2748 1640 2784; x_wconf 81' lang='lat' dir='ltr'>Pa-</span> 
     </span>
     <span class='ocr_line' id='line_1_74' title="bbox 926 2794 1639 2841; baseline 0.008 -15"><span class='ocrx_word' id='word_1_382' title='bbox 926 2794 1047 2829; x_wconf 88' lang='lat' dir='ltr'>latium</span> <span class='ocrx_word' id='word_1_383' title='bbox 1093 2799 1267 2841; x_wconf 86' lang='lat' dir='ltr'>petivisse</span> <span class='ocrx_word' id='word_1_384' title='bbox 1301 2798 1464 2831; x_wconf 85' lang='lat' dir='ltr'>nuntium</span> <span class='ocrx_word' id='word_1_385' title='bbox 1505 2797 1639 2832; x_wconf 85' lang='lat' dir='ltr'>Othoni</span> 
     </span>
     <span class='ocr_line' id='line_1_75' title="bbox 927 2841 1073 2878; baseline 0.021 -3"><span class='ocrx_word' id='word_1_386' title='bbox 927 2841 1073 2878; x_wconf 73' lang='lat' dir='ltr'>laturos.</span> 
     </span>
    </p>

    <p class='ocr_par' dir='ltr' id='par_1_29' title="bbox 926 2892 1640 3036">
     <span class='ocr_line' id='line_1_76' title="bbox 1021 2892 1640 2938; baseline 0.008 -13"><span class='ocrx_word' id='word_1_387' title='bbox 1021 2892 1104 2936; x_wconf 80' lang='lat' dir='ltr'>Cap.</span> <span class='ocrx_word' id='word_1_388' title='bbox 1132 2894 1192 2929; x_wconf 88' lang='grc'>81.</span> <span class='ocrx_word' id='word_1_389' title='bbox 1245 2905 1322 2927; x_wconf 80' lang='lat' dir='ltr'>cum</span> <span class='ocrx_word' id='word_1_390' title='bbox 1357 2894 1491 2928; x_wconf 82' lang='lat' dir='ltr'>timeret</span> <span class='ocrx_word' id='word_1_391' title='bbox 1529 2893 1640 2938; x_wconf 74' lang='lat' dir='ltr'>otho,</span> 
     </span>
     <span class='ocr_line' id='line_1_77' title="bbox 927 2939 1640 2986; baseline 0.008 -14"><span class='ocrx_word' id='word_1_392' title='bbox 927 2939 1109 2975; x_wconf 78' lang='lat' dir='ltr'>timebatur</span> <span class='ocrx_word' id='word_1_393' title='bbox 1131 2953 1142 2974; x_wconf 85' lang='lat'>.-</span> <span class='ocrx_word' id='word_1_394' title='bbox 1195 2942 1420 2986; x_wconf 85' lang='lat' dir='ltr'>imperatoris</span> <span class='ocrx_word' id='word_1_395' title='bbox 1476 2944 1640 2978; x_wconf 80' lang='lat' dir='ltr'>timorem</span> 
     </span>
     <span class='ocr_line' id='line_1_78' title="bbox 926 2989 1639 3036; baseline 0.007 -15"><span class='ocrx_word' id='word_1_396' title='bbox 926 2993 1132 3032; x_wconf 82' lang='lat' dir='ltr'>praesentes</span> <span class='ocrx_word' id='word_1_397' title='bbox 1191 2989 1240 3024; x_wconf 80' lang='lat' dir='ltr'>ita</span> <span class='ocrx_word' id='word_1_398' title='bbox 1289 2990 1639 3036; x_wconf 77' lang='lat' dir='ltr'>interpretabantur,</span> 
     </span>
    </p>
   </div>
  </div>
 </body>
</html>
