1768 3216
169 268 243 304 244
723 259 785 295 DE
813 257 1098 295 ORATORtBVS

167 388 230 425 ter
259 392 384 424 sanos
427 378 629 420 medicus.
710 376 928 427 Quomodo
974 375 1188 417 minimum
1232 383 1332 416 usus
1370 371 1666 426 minimumque

166 456 378 511 profectus
408 466 476 496 ars
508 452 714 494 medentis
744 452 868 494 habet
900 451 941 492 in
971 451 1022 492 iis
1054 449 1263 505 gentibus,
1297 460 1402 502 quae
1432 445 1666 489 firmissima

165 529 392 571 valitudine
420 541 470 570 ac
499 527 785 570 saluberrimis
819 526 1065 580 corporibus
1096 528 1275 577 utuntur,
1309 523 1371 565 sic
1401 521 1539 564 minor
1566 533 1668 563 ora-

166 609 302 646 torum
336 604 639 657 obscuriorque
671 602 807 658 gloria
844 605 907 643 est
937 601 1046 642 inter
1077 600 1211 641 bonos
1241 610 1381 640 mores
1406 601 1446 640 et
1470 597 1513 638 in
1532 596 1673 639 obse-1

136 679 304 733 squium
336 678 521 733 regentis
554 681 735 731 paratos.
785 675 891 726 Quid
925 675 1034 717 enim
1067 686 1169 728 opus
1201 677 1264 714 est
1293 672 1432 727 longis
1459 671 1502 712 in
1522 673 1670 713 senatu

166 754 398 806 sententiis,
433 765 524 794 eum
556 752 698 806 optimi
730 751 812 792 cito
848 748 1146 792 consentiant?
1175 747 1272 802 quid
1306 746 1440 788 multis
1461 745 1567 800 apud
1586 756 1668 800 po-

165 829 304 883 pulum
339 828 629 879 contionibus,
680 838 772 868 cum
807 826 858 868 de
888 838 935 867 re
965 824 1129 878 publica
1162 835 1245 865 non
1273 821 1452 877 imperiti
1484 825 1524 863 et
1552 819 1668 863 multi

167 904 415 957 deliberent,
449 903 525 945 sed
554 901 883 957 sapientissimus
907 904 947 943 et
976 899 1116 942 unus?
1148 897 1245 953 quid
1267 896 1512 940 voluntariis
1537 907 1670 937 aceu-

167 979 413 1032 sationibus,
445 991 536 1019 cum
572 981 653 1018 tam
686 988 784 1019 raro
818 980 858 1017 et
888 979 970 1017 tam
1000 987 1128 1028 parce
1158 971 1390 1027 peccetur?
1431 969 1529 1026 quid
1557 969 1671 1011 invi-

116 1053 301 1095 tediosis
328 1058 368 1095 et
400 1052 697 1095 excedentibus
730 1050 897 1092 modum
932 1048 1273 1100 defensionibus,
1322 1058 1415 1088 cum
1448 1043 1669 1087 clementia

172 1127 469 1183 cognoscentis
502 1127 667 1168 obviam
697 1124 1026 1180 periclitantibus
1058 1123 1160 1165 eat‘?
1223 1121 1415 1174 Credite,
1448 1119 1590 1174 optimi
1630 1122 1671 1159 et

169 1203 210 1244 in
244 1206 437 1255 quantum
472 1213 573 1254 opus
606 1204 669 1242 est
700 1199 964 1241 disertissimi
1003 1197 1110 1250 viri,
1153 1196 1189 1238 si
1229 1199 1299 1236 aut
1342 1206 1419 1237 vos
1461 1192 1670 1248 prioribus

166 1276 320 1319 seculis
349 1280 416 1317 aut
447 1275 514 1316 isti
545 1286 648 1328 quos
680 1274 878 1315 miramur
907 1272 971 1314 his
1002 1271 1087 1313 nati
1120 1274 1276 1322 essent,
1312 1281 1362 1312 ac
1395 1268 1497 1311 deus
1522 1267 1670 1322 aliquis

270 1452 300 1485 1.
328 1449 494 1495 quomodo
523 1448 658 1483 editor:
687 1448 853 1493 quomodo
887 1447 969 1481 inde
1004 1457 1084 1481 cum
1111 1446 1241 1480 ceteris
1269 1444 1315 1478 P:
1360 1444 1527 1490 quomodo
1555 1450 1672 1479 tamen

171 1503 315 1534 veteres
342 1499 518 1533 editiones
546 1502 581 1531 et
608 1497 731 1543 vulgo.
783 1498 818 1532 2.
845 1497 889 1530 iis
916 1495 982 1537 FP,
1010 1505 1080 1529 non
1107 1494 1172 1529 his.
1224 1495 1259 1529 3.
1277 1493 1377 1528 valit.
1405 1492 1442 1536 P,
1468 1503 1540 1527 non
1564 1492 1670 1527 valet.

175 1553 356 1582 oratorum
379 1548 503 1581 horum
529 1545 603 1580 FP:
636 1546 759 1579 horum
785 1546 893 1579 tacite
921 1544 1057 1579 delevit
1079 1543 1284 1578 Rhenanus.
1406 1543 1442 1577 4.
1469 1542 1672 1576 obscurior-

178 1608 241 1640 que
266 1596 311 1629 P:
338 1596 364 1630 F
394 1595 580 1631 Schrautio
610 1595 790 1628 referente
817 1594 1008 1628 obscurior.
1101 1593 1135 1627 6.
1161 1592 1290 1637 optima
1315 1590 1339 1625 P
1366 1594 1402 1624 et
1428 1591 1563 1625 ceteri:
1589 1599 1672 1624 cor-

169 1646 262 1678 rexit
287 1645 492 1679 Rhenanus.
590 1644 623 1678 7.
655 1654 753 1677 conc.
786 1643 822 1676 P.
921 1642 1020 1676 multi
1046 1641 1093 1674 P:
1122 1639 1149 1673 F
1178 1639 1331 1674 multum.
1447 1640 1503 1675 10.
1532 1638 1672 1674 ordibus

171 1694 429 1738 defensionibus
458 1693 506 1736 P,
532 1692 596 1727 sed
623 1692 720 1727 linea
746 1691 920 1726 subducta
947 1690 1173 1737 significatur
1199 1689 1296 1733 prius
1322 1697 1454 1723 nomen
1481 1687 1671 1723 delendum

171 1752 264 1777 esse.

169 1882 236 1916 26:
276 1881 496 1915 vetustissimi
524 1879 745 1922 mortalium,
785 1879 886 1914 nulla

170 1929 286 1964 adhuc
318 1930 415 1964 mala
445 1929 610 1970 libidine,
646 1930 722 1962 sine
754 1928 882 1974 probro

169 1979 313 2021 scelere,
341 1989 445 2022 eoque
471 1978 546 2011 sine
570 1988 687 2023 poena
708 1981 884 2011 antever-

955 1881 1020 1913 vit.
1077 1878 1172 1912 idem
1197 1886 1283 1912 vero
1305 1887 1384 1910 cum
1410 1875 1580 1910 adversus
1613 1879 1671 1920 ty-

951 1937 1081 1962 rannos
1107 1925 1363 1961 declamaverit
1387 1924 1543 1970 ideoque
1560 1923 1671 1959 aDo-

953 1977 1099 2010 mitiano
1146 1975 1359 2009 interfectus
1411 1974 1459 2007 sit
1514 1974 1569 2018 (v.
1602 1971 1671 2007 Dio

171 2027 393 2060 citationibus
419 2026 580 2071 agebant.

242 2074 407 2118 quomodo
443 2074 621 2107 minimum
654 2085 768 2107 usus:
804 2073 885 2107 inde

172 2122 267 2167 quod
295 2123 331 2155 in
373 2121 473 2155 libris
509 2122 649 2165 scriptis
685 2126 766 2165 post
799 2132 885 2165 quo-

170 2170 270 2204 modo
297 2170 431 2212 aditur,
471 2169 505 2204 id
543 2169 634 2203 nihil
664 2171 734 2202 nisi
761 2169 887 2205 διττο-

170 2223 325 2266 γραφία
349 2218 564 2262 syllabarum
591 2217 689 2251 modo
715 2217 802 2251 mihi
829 2219 888 2251 vi-

172 2267 275 2301 detur
307 2277 411 2301 esse:
448 2266 590 2301 scilicet
617 2277 696 2300 cum
728 2267 764 2299 in
791 2267 887 2300 anti-

171 2326 241 2361 quo
272 2315 363 2349 libro
390 2316 433 2358 r'n‘,
463 2316 497 2349 h.
528 2326 559 2349 e.
590 2314 709 2357 modo,
737 2325 888 2358 expres-

171 2375 248 2398 sum
283 2368 396 2406 esset,
433 2365 467 2397 in
497 2373 539 2397 eo
566 2363 631 2406 m‘,
671 2362 705 2397 h.
734 2374 765 2396 e.
793 2363 887 2406 inde,

171 2414 353 2457 proximus
378 2413 495 2446 scriba
523 2423 561 2445 se
588 2421 787 2457 agnoscere
821 2422 888 2455 po-

171 2467 262 2495 terat
285 2462 435 2504 opinari.
503 2460 605 2501 Quod
631 2461 660 2493 si
690 2461 746 2493 cui
773 2461 888 2493 minus

174 2509 347 2544 credibile
375 2509 557 2551 videatur,
602 2510 632 2541 is
661 2508 751 2541 illud
775 2509 819 2541 τιῖ
846 2519 890 2542 ex

173 2558 391 2602 repetitione
445 2556 696 2601 subsequentis
747 2557 888 2590 litterae

173 2607 382 2653 (minimum)
411 2605 572 2649 prodisse
600 2609 741 2637 statuat.

258 2655 297 2689 in
334 2654 530 2697 obsequium
572 2653 725 2698 regentis
773 2664 888 2698 para-

175 2710 247 2738 tos:
287 2704 457 2736 universe
490 2702 647 2747 loquitur
681 2705 716 2734 et
755 2703 890 2746 cogitat

174 2762 295 2798 regem
314 2751 373 2786 vel
387 2752 583 2795 principem
602 2760 737 2783 summa
753 2750 889 2782 iustitia

175 2805 349 2842 ornatum,
375 2799 544 2844 populum
574 2798 723 2844 egregia
753 2807 889 2831 morum

174 2850 382 2894 integritate
409 2854 444 2882 et
470 2858 548 2881 rara
573 2846 748 2880 modestia
781 2857 889 2890 prae-

176 2897 298 2931 ditum.
327 2896 444 2930 Talem
465 2897 542 2930 fere
567 2896 723 2930 civitatis
740 2895 889 2928 formam

175 2956 254 2980 esse
295 2945 360 2979 sub
392 2946 554 2989 principe
594 2944 814 2988 Vespasiano
853 2944 889 2977 in

174 2994 474 3041 subsequentibus
502 2994 679 3029 Maternus
705 2992 890 3040 significa-

952 2024 1078 2059 vall
1109 2024 1183 2070 12),
1212 2022 1301 2057 haec
1330 2031 1401 2056 non
1425 2022 1521 2057 serio
1544 2020 1608 2055 sed
1621 2021 1673 2055 ir..

952 2073 1096 2106 risionis
1123 2082 1230 2105 causa
1256 2071 1389 2105 dixisse
1424 2070 1579 2105 creditus
1605 2074 1671 2104 est.

954 2121 1051 2166 Lege
1064 2117 1304 2154 Strodtbeckii
1317 2118 1672 2152 commentationem:

955 2168 1148 2203 ostenditur
1176 2167 1403 2201 Materninae
1433 2176 1608 2212 personae
1634 2167 1673 2199 in

955 2216 1106 2262 Dialoyo
1148 2215 1189 2249 de
1226 2215 1425 2249 oratoribus
1448 2213 1562 2249 vultus
1594 2214 1673 2248 iro-

955 2266 1066 2300 nicus.
1123 2263 1342 2298 Heilbronae
1371 2263 1475 2298 1831.
1558 2261 1672 2296 Huius

955 2314 1169 2348 sententiam
1193 2311 1392 2356 probavere
1408 2310 1614 2345 Waltherus
1631 2321 1674 2346 ac

955 2361 1222 2396 Doederlinius.
1259 2360 1327 2395 Sed
1353 2360 1412 2405 qui
1438 2364 1609 2404 tyrannos
1638 2363 1674 2394 et

956 2410 1119 2444 dominos
1158 2409 1314 2444 Orientis
1340 2413 1546 2451 aversatur,
1592 2418 1673 2442 eum

957 2458 999 2493 ab
1031 2459 1182 2503 imperio
1206 2458 1291 2491 boni
1319 2461 1354 2491 et
1378 2456 1552 2491 moderati
1579 2454 1675 2490 Gae-

956 2508 1044 2541 saris
1081 2506 1274 2540 abhorrere
1310 2510 1345 2539 et
1379 2505 1562 2549 praeferre
1596 2509 1675 2538 tur-

956 2555 1060 2589 bidae
1087 2556 1139 2589 rei
1167 2554 1334 2599 publicae
1360 2558 1490 2587 statum
1527 2558 1563 2587 et
1597 2552 1675 2587 sol-

956 2604 1080 2637 licitae
1106 2604 1203 2637 vitae
1230 2601 1439 2648 quotidiana
1469 2600 1675 2636 discrimina

956 2653 1103 2686 minime
1138 2650 1222 2685 inde
1256 2650 1498 2696 consequitur.
1564 2649 1674 2684 immo

956 2701 1135 2735 Maternus
1162 2705 1200 2733 ut
1225 2704 1334 2744 poeta
1359 2700 1470 2732 otium
1499 2702 1535 2732 et
1569 2699 1675 2743 quie-

957 2754 1027 2782 tem
1058 2754 1200 2793 praeter
1224 2754 1344 2783 cetera
1358 2747 1516 2792 optavit:
1546 2747 1591 2780 iis
1607 2756 1675 2780 au-

956 2802 1026 2831 tem
1056 2808 1134 2831 cum
1166 2802 1326 2842 tempora
1352 2796 1489 2830 liberae
1519 2795 1675 2829 civitatis

957 2846 1160 2888 Romanae,
1205 2845 1333 2891 quibus
1379 2843 1675 2888 praestantissimi

958 2899 1117 2929 oratores
1145 2894 1412 2936 excelluerunt,
1439 2901 1583 2937 prorsus
1611 2902 1675 2926 ea-

958 2948 1090 2986 rerent,
1118 2942 1208 2977 haec
1227 2941 1462 2986 improbabat,
1489 2940 1580 2975 haec
1604 2941 1675 2974 mi-

960 2993 1057 3028 nime
1086 2993 1243 3028 omnium
1274 2989 1511 3030 desiderabat.
1549 2988 1675 3036 Itaque
