1768 3216
135 176 223 220 io.
249 182 309 220 69.

613 182 750 219 LIBER
774 182 820 219 ll.
875 183 964 221 Cu.
990 184 1149 221 89—91.

1570 186 1642 221 181

136 304 259 356 atque
302 299 361 342 ibi
411 305 584 343 matrem
632 300 875 355 complexus
897 301 1143 356 -Augustae
1186 300 1357 344 nomine
1401 301 1640 344 honoravit.

65 375 306 420 90Postera
349 376 442 428 die,
489 380 697 431 tamquam
728 376 833 430 apud
866 376 1036 418 alterius
1074 377 1255 418 civitatis
1286 381 1475 419 senatum
1504 387 1643 432 popu-

135 450 317 505 lamque,
349 450 613 506 magnificam
644 438 1125 493 orationemssssffiemet
1154 451 1245 505 ipso
1262 451 1480 506 prompsit,
1514 451 1643 493 indu·
1696 441 1706 456 ¹

135 525 281 568 striam
310 526 706 580 temperantiamque
735 538 852 568 suam
882 525 1074 568 laudibus
1106 525 1315 578 attollens,
1349 526 1536 568 consciis
1562 526 1644 568 fla-

135 601 334 656 gitiorum
374 600 476 655 ipsis
518 600 588 654 qui
627 600 803 642 aderant
845 600 1040 654 omnique
1083 600 1200 642 Italia
1231 613 1307 654 per
1338 612 1460 654 quam
1491 612 1675 645 somnos

136 679 179 718 et
206 673 306 717 luxu
342 674 560 730 pudendus
602 675 847 717 incesserat.
907 675 1066 730 Vulgus
1116 679 1253 717 tamen
1293 687 1471 717 vacuum
1514 675 1641 728 curis,

136 750 299 793 et2sine
329 750 425 792 falsi
454 750 628 804 verique
660 750 904 792 discrimine
934 750 1079 792 solitas
1123 749 1387 792 adulationes
1430 750 1640 802 edoctum,

136 824 324 868 clamore
353 829 396 866 et
423 825 601 866 vocibus
633 825 900 878 adstrepebat
910 837 922 875 ;
964 824 1247 878 abnuentique
1279 835 1431 865 nomen
1462 796 1716 883 Augustiſsfl¹
1742 842 1763 871 μ,

65 905 120 945 91
135 905 384 955 expressere
408 903 453 941 ut
484 900 737 952 adsumeret,
770 903 853 961 tam
871 899 1486 961 >frustrarrrquamrecusaverat.
1519 890 1734 952 Apudffiu.
1751 911 1768 936 c

137 975 347 1017 civitatem
380 979 527 1016 cuncta
560 961 898 1029 interpretantem
930 974 1085 1016 funesti
1116 974 1267 1016 ominis
1298 962 1395 1015 loco
1427 966 1715 1027 acceptumib‘*
1747 954 1768 982 ι’

135 1053 222 1103 est,
255 1050 366 1104 quod
398 1050 619 1091 maximum
649 1049 932 1104 pontificatum
963 1050 1135 1103 adeptus
1176 1048 1365 1090 Vitellius
1408 1047 1460 1090 de
1482 1048 1645 1091 caeri-

136 1125 288 1167 moniis
315 1124 492 1179 publicis
524 1124 918 1178 quintumdecimum
949 1123 1151 1165 kalendas
1177 1123 1390 1178 Augustas
1425 1121 1643 1174 edixisset,
1667 1106 1715 1161 ’Ἴ

270 1247 307 1280 4.
334 1245 405 1278 adt.
436 1244 498 1279 ΜΒ.

132 1294 168 1328 8.
195 1298 282 1327 asir.
310 1291 375 1328 Ma.

134 1352 214 1376 cnm
240 1341 304 1377 lin.
332 1341 430 1377 GMa.
513 1353 572 1387 aq.
603 1352 680 1376 cum
709 1341 772 1376 liu.
800 1339 866 1376 Ma.

134 1448 172 1478 et
207 1443 394 1488 superiore
428 1443 590 1476 exercitu
625 1441 848 1485 Germanico,

133 1492 227 1527 alter
251 1492 289 1525 in
319 1491 501 1534 Valentis,
538 1491 631 1525 alter
656 1492 693 1525 in
720 1489 851 1525 Caeci-

133 1551 202 1580 nae
228 1541 414 1583 exercitu3
450 1540 594 1574 tertium
624 1539 717 1573 haud
743 1539 851 1573 dubie

136 1589 306 1624 Vitellius
331 1588 552 1631 adduxerat3
594 1594 739 1633 quartus
774 1589 850 1622 for-

134 1643 230 1673 tasse
256 1649 336 1672 eum
361 1637 509 1684 legione
534 1637 659 1671 Italica
691 1647 736 1671 ex
753 1636 850 1682 Lug-

134 1687 285 1721 dunensi
309 1687 497 1730 provincia
533 1685 686 1719 abducta
724 1696 852 1719 acces-

134 1739 242 1770 serat.
307 1735 350 1768 Hi
379 1745 458 1768 cum
483 1733 636 1767 tribunis
664 1738 700 1768 et
729 1735 851 1778 primis

135 1784 385 1819 centurionum
401 1788 485 1817 ante
511 1782 650 1827 aquilas
663 1783 751 1825 iere,
780 1792 851 1815 non

135 1838 218 1868 ante
240 1831 416 1880 {aquilam
469 1831 556 1866 Nam
588 1831 643 1865 illi
678 1831 853 1876 praefecti

134 1892 207 1916 non
245 1885 346 1916 erant
390 1880 613 1927 singularum
654 1879 851 1926 legionum,

135 1931 200 1965 sed
223 1929 447 1976 singulorum
473 1934 682 1963 castrorum.
726 1927 852 1973 ltaque

135 1989 208 2014 non
218 1983 317 2013 reete
330 1979 587 2022 interpretatur
599 1977 741 2022 Lipsius
755 1977 852 2011 ‘ante

136 2039 236 2062 suam
252 2028 405 2081 quisque
419 2025 599 2072 aqussam',
627 2031 662 2060 et
677 2027 731 2060 sic
740 2037 853 2072 prae-

135 2079 260 2123 fectus,
286 2087 359 2110 non
382 2076 571 2122 praefecti,
597 2076 853 2120 requireretur.

211 2147 297 2192 Cap.
324 2147 384 2183 90.
439 2153 614 2192 tamquam
639 2146 734 2192 apud
761 2146 854 2180 ulte-

139 2197 213 2232 rius
237 2196 389 2231 civitatis
413 2202 574 2230 senatum
595 2195 826 2241 populumque
842 2207 853 2228 .·

139 2245 255 2290 pridje
285 2250 444 2279 senatum
476 2245 706 2289 populumque
749 2245 855 2277 incu-

140 2294 236 2327 riose
262 2298 298 2327 et
324 2294 555 2336 contemptim
579 2297 663 2326 ante
698 2302 738 2326 se
765 2303 856 2338 ege-

142 2346 216 2376 rat:
244 2353 275 2376 c.
304 2342 365 2376 89.
416 2341 583 2375 Senatum
613 2340 783 2374 Vitellius
820 2341 856 2373 in

143 2389 263 2433 curia,
302 2390 473 2434 populum
503 2399 566 2434 pro
593 2389 732 2423 Rostris
759 2388 856 2422 allo-

145 2444 248 2474 cutus
276 2444 341 2472 est.

198 2510 349 2544 consciis
360 2510 574 2555 flagitiorum
589 2510 674 2554 ipsis
691 2509 751 2553 qm·
769 2507 858 2541 ade-

142 2565 227 2593 runt
250 2559 409 2602 omnique
434 2557 567 2599 Italia.-
595 2561 858 2602 componuntur

143 2608 204 2652 qui
231 2618 326 2642 nunc
351 2608 467 2651 ipsum
495 2605 643 2639 audiunt
671 2605 857 2639 Vitellium

144 2656 243 2701 (ipsis
271 2656 331 2700 qui
354 2655 519 2700 aderant)
547 2658 583 2687 et
607 2653 858 2691 totiusltaliae

144 2714 164 2737 a
204 2702 353 2736 Vitellio
388 2707 599 2747 peragratae
639 2702 858 2736 habitatores

143 2761 215 2785 non
244 2756 450 2796 praesentes
475 2751 650 2795 (omnique
662 2749 771 2784 Italia
794 2762 861 2796 per·

145 2809 248 2844 quom
267 2819 308 2826 —-
329 2801 551 2841 incesserat).
579 2798 637 2831 Sic
662 2808 858 2842 pronomen

144 2849 230 2894 ipsis
257 2847 429 2881 vindicari
458 2847 599 2880 videtur
623 2855 742 2890 posse.
790 2846 860 2880 Sed

145 2896 362 2942 relinquitur
386 2895 531 2942 aliquid·
548 2894 705 2940 ambigui
721 2921 732 2937 ‚
758 2896 859 2940 qnasi

145 2945 208 2992 qui
252 2944 400 2980 aderant
452 2953 597 2980 suorum
644 2941 860 2990 flagitiorum

561 1244 594 1279 5.
622 1244 775 1278 fortasse
802 1244 870 1278 tuit
895 1244 1015 1288 ipsius.

479 1294 533 1328 10.
562 1293 648 1327 omis
674 1304 753 1327 cum
780 1293 844 1327 lin.
872 1291 938 1328 Ma.

1090 1242 1199 1277 italia
1224 1241 1288 1277 Ma.

1033 1294 1088 1327 11.
1114 1303 1185 1326 cer.
1214 1291 1281 1326 Ma.

1364 1242 1400 1277 6.
1429 1241 1552 1285 vulqus
1579 1240 1641 1276 Or.

1388 1292 1445 1325 12.
1474 1289 1553 1324 XV.
1582 1289 1643 1324 Kc.

921 1442 1057 1476 conscii
1099 1440 1280 1474 fuissent:
1325 1438 1361 1472 id
1402 1437 1571 1479 tollitur,
1615 1437 1645 1470 si

917 1491 1026 1536 ipsius
1063 1499 1126 1534 pro
1172 1489 1256 1534 ipsis
1292 1486 1379 1520 olim
1421 1486 1535 1520 fuisse
1568 1489 1646 1519 sta-

920 1545 1073 1572 luamus.

991 1608 1114 1643 solitas
1139 1607 1387 1641 adulationes.-
1414 1605 1640 1639 adulationes

919 1662 1002 1691 sunt
1033 1667 1143 1691 voces
1180 1655 1348 1690 adulandi
1381 1653 1642 1700 (Sckmeicltel-

919 1707 1057 1751 reden).
1112 1704 1250 1750 Vulgus
1298 1709 1352 1738 est
1397 1702 1521 1747 populi
1561 1711 1642 1746 pars

920 1766 991 1789 non
1019 1756 1160 1800 integra
1186 1758 1222 1787 et
1250 1753 1407 1797 privatas
1433 1761 1536 1785 curas
1559 1751 1642 1795 agi-

921 1810 1011 1838 tans.

994 1881 1065 1909 tam
1089 1877 1227 1920 frustra
1260 1884 1363 1918 quam
1388 1876 1616 1906 recusaverat
1632 1881 1644 1902 .-

921 1925 1080 1960 breviter
1115 1925 1286 1968 scriptum
1325 1931 1390 1966 pro
1426 1920 1528 1965 idque
1574 1925 1646 1953 tam

919 1976 1055 2020 frustra
1086 1972 1277 2017 adsumpsit
1313 1981 1416 2015 quam
1451 1979 1645 2003 recusave-

920 2029 990 2066 rat,
1019 2022 1055 2056 h.
1074 2032 1107 2055 e.
1135 2031 1254 2066 neque
1280 2020 1317 2053 in
1342 2017 1544 2053 recusando
1571 2026 1643 2050 no-

921 2073 1017 2106 mine
1043 2070 1198 2116 Augusti
1236 2073 1352 2103 certas
1380 2077 1505 2101 causas
1535 2076 1645 2100 secu-

921 2126 978 2154 tus
1004 2124 1070 2161 est,
1096 2126 1215 2164 neque
1245 2121 1427 2161 assumpto
1455 2115 1562 2149 aliter
1588 2119 1646 2148 at-

922 2181 992 2215 que
1019 2171 1125 2202 antea
1153 2166 1240 2213 egit.

996 2263 1082 2308 Cap.
1110 2264 1169 2298 91.
1222 2262 1549 2307 quintumdecimum
1575 2260 1644 2293 ka-

923 2312 1047 2347 lendas
1072 2312 1270 2358 Augustas:
1297 2310 1373 2343 Liv.
1398 2309 1445 2343 Vl
1467 2310 1506 2343 1:
1534 2308 1647 2341 diem-

924 2373 987 2406 que
1022 2372 1058 2394 a.
1086 2360 1119 2394 d.
1156 2359 1484 2405 quintumdecimum
1519 2356 1647 2390 kalen-

924 2410 987 2443 das
1012 2408 1153 2444 sextiles
1179 2407 1311 2454 duplici
1339 2407 1440 2441 clade
1460 2406 1645 2451 insignem,

924 2470 988 2504 quo
1016 2458 1071 2492 die
1097 2457 1144 2491 ad
1171 2457 1375 2490 Cremeram
1402 2455 1505 2490 Fabii
1538 2454 1645 2496 caesi,

925 2519 989 2552 quo
1026 2506 1150 2541 deinde
1186 2505 1233 2539 nd
1258 2504 1393 2539 Alliam
1432 2516 1508 2538 eum
1536 2503 1645 2536 exitio

923 2556 1020 2590 urbis
1043 2555 1145 2601 foede
1169 2559 1374 2600 pugnatum,
1405 2563 1427 2586 a
1450 2552 1646 2598 posteriore

926 2604 1026 2639 clade
1051 2603 1244 2638 Alliensem
1269 2601 1516 2648 appellarunt,
1556 2598 1647 2630 insi-

924 2664 1093 2700 gnemque
1126 2653 1182 2686 rei
1218 2650 1308 2684 nulli
1341 2649 1480 2695 publice
1520 2646 1647 2691 priva-

926 2704 1051 2746 timque
1092 2699 1252 2745 agendae
1301 2700 1473 2741 fecerunt.
1542 2692 1645 2728 Conf.

926 2751 1074 2784 Sueton.
1106 2749 1176 2781 Vit.
1198 2748 1253 2780 11.
1298 2745 1463 2778 Editores
1490 2746 1550 2776 aut
1577 2752 1648 2775 nu-

928 2798 1015 2831 meri
1044 2802 1160 2829 notam
1173 2794 1236 2828 XV
1261 2794 1417 2827 retinent
1444 2795 1504 2824 aut
1528 2791 1648 2835 quinto

929 2846 1059 2878 decimo
1087 2842 1269 2877 exhibent.
1326 2840 1405 2887 Ego
1440 2849 1503 2873 cur
1542 2839 1648 2883 quin-

928 2892 1170 2927 lumdecimum
1195 2890 1376 2934 posuerim
1410 2898 1456 2924 ex
1493 2891 1647 2922 annota-

928 2942 1028 2978 tione
1054 2939 1099 2975 ad
1128 2937 1174 2974 VI
1198 2938 1248 2975 50
1272 2937 1421 2984 patebit.

1652 1024 1702 1061 (ἓν

1730 1000 1768 1049 A

1664 1088 1676 1095 ⁹
1714 1082 1730 1112 s

1716 1106 1768 1133 su..
