1768 3216
781 242 1088 281 HISTORIARVM
1469 259 1501 284 a.
1527 257 1565 283 u.
1590 244 1676 284 823.

178 245 252 288 854

183 369 260 410 lius
291 367 404 409 Felix
444 377 534 407 cum
575 363 804 406 auxiliariis
844 363 1086 406 cohortibus
1124 376 1199 418 per
1238 364 1424 407 Raetiam
1465 365 1674 419 inrupere.

182 444 375 486 Accessit
405 442 467 484 ala
497 440 796 501 singularium,
844 441 979 482 exeita
1023 440 1120 481 olim
1150 453 1171 481 a
1201 439 1395 492 Vitellio,
1441 439 1594 481 deinde
1633 440 1676 480 in

182 522 319 571 partes
360 496 636 570 Vespasiani-¹
654 499 933 570 transgressa.
1009 515 1205 557 Praeerat
1246 515 1372 556 Iulius
1415 513 1678 570 Briganticus

182 603 330 633 sorore
364 590 506 632 C1vilis
536 591 725 645 genitus,
768 594 812 630 ut
843 591 972 632 ferme
1021 590 1225 631 acerrima
1262 588 1549 643 proximorum
1581 587 1679 630 odia

152 670 290 717 asunt,
323 666 480 706 invisus
513 665 718 707 avunculo
750 665 1033 719 infensusque.
1081 665 1206 706 'l'utor
1236 664 1501 706 Trevirorum
1521 663 1678 717 copias,

182 740 341 781 recenti
371 740 633 794 Vangionum
665 739 952 782 Caeracatium
990 739 1262 781 Tribocorum
1309 738 1475 780 delectu
1521 740 1679 790 auctas,

181 818 382 856 veterano
413 814 552 868 pedite
586 818 708 869 atque
738 815 876 868 equite
908 814 1098 866 firmavit,
1136 814 1344 868 corruptis
1371 825 1444 868 spe
1473 817 1541 855 aut-
1569 816 1702 854 metu·

182 890 365 931 subactis
396 889 671 944 legionariis;
705 890 774 943 qui
804 889 937 943 primo
972 889 1188 930 cohortem
1216 889 1487 943 praemissam
1518 900 1541 930 a
1573 888 1682 931 Sex-

181 964 269 1004 tilio
299 964 438 1005 Felice
469 963 734 1017 interficiunt,
768 976 866 1005 mox
896 964 965 1005 ubi
998 964 1126 1006 (luces
1158 964 1450 1018 exercitusque
1471 964 1681 1007 Romanus

131 1038 531 1092 iopropinquabant,
574 1038 751 1080 honesto
793 1039 1027 1093 transfugio
1059 1039 1256 1091 rediere,
1298 1038 1454 1081 secutis
1492 1037 1681 1079 Tribocis

180 1113 552 1167 Vangionibusque
585 1117 624 1170 et
656 1113 964 1155 Caeracatibus.
1011 1114 1137 1155 Tutor
1157 1113 1340 1154 Treviris
1372 1112 1678 1164 comitantibus,

179 1188 308 1228 vitato
333 1187 616 1242 Mogontiaco,
647 1187 840 1242 Bingium
876 1187 1103 1239 concessit,
1135 1186 1266 1228 fidens
1298 1186 1410 1239 loco,
1443 1186 1538 1240 quia
1568 1198 1679 1240 pon-

179 1264 258 1302 tem
290 1261 431 1321 Navae
462 1261 642 1303 fluminis
677 1262 912 1315 abruperat.
991 1261 1072 1304 Sed
1106 1261 1275 1302 incursu
1312 1260 1543 1302 cohortium
1576 1273 1677 1315 quus

179 1322 374 1377 Sextilius
417 1336 619 1388 ducebat,
667 1340 707 1377 et
751 1340 920 1390 reperto
963 1336 1073 1378 vado
1111 1335 1299 1390 proditus
1337 1336 1548 1391 fususque.
1617 1336 1677 1378 Ea

127 1416 166 1444 ¹⁵
185 1409 307 1452 clade
346 1410 529 1464 perculsi
562 1410 746 1463 Treviri,
795 1414 835 1451 et
877 1410 1021 1464 plebes
1063 1411 1229 1452 omissis
1273 1411 1398 1453 armis
1436 1423 1512 1466 per
1549 1422 1676 1467 agros

317 1541 350 1576 5.
379 1552 502 1575 avone.
531 1540 594 1576 ma.
669 1541 704 1576 6.
742 1542 963 1576 cai-acatium
988 1542 1027 1576 G.
1117 1542 1246 1579 diter-hi
1271 1541 1336 1585 Ma,
1366 1542 1458 1577 lectu
1486 1542 1514 1578 G
1538 1546 1574 1576 et
1599 1541 1674 1576 alii.

178 1588 210 1623 7.
234 1589 367 1634 pedites
396 1588 474 1624 Ma:
501 1589 528 1624 G
551 1589 677 1635 pedite.
787 1596 895 1624 melus
921 1589 998 1625 Ma:
1027 1589 1055 1624 G
1086 1597 1187 1625 metu.
1292 1591 1346 1626 10.
1373 1592 1462 1625 sicut
1492 1592 1523 1625 is
1548 1589 1621 1625 Ma:
1648 1590 1677 1625 G

177 1638 338 1681 sequutis.
444 1639 497 1673 11.
531 1638 688 1672 Treveris
715 1648 809 1672 nunc
836 1637 901 1672 Ma.
1009 1638 1123 1675 c6mie.
1153 1638 1217 1674 Ma.
1320 1641 1374 1674 12.
1413 1639 1569 1684 Mogont.
1598 1637 1675 1673 Ma:

177 1697 337 1731 maqonc.
369 1686 407 1720 G.
456 1693 572 1732 potem
596 1686 663 1721 Ma.
719 1688 774 1722 13.
792 1698 907 1721 nanas
931 1686 984 1721 Ma
1011 1692 1046 1721 et
1073 1699 1114 1733 pr
1139 1688 1179 1732 G,
1206 1699 1316 1722 naues
1343 1698 1423 1722 corr
1449 1687 1494 1723 G:
1520 1688 1676 1723 correxit

177 1734 382 1769 Rhenanus.
462 1736 516 1771 15.
541 1734 710 1781 perculsit
736 1735 814 1769 Ma:
842 1735 869 1770 G
892 1736 1059 1782 perculsi.

178 1873 309 1907 Raetos
334 1871 556 1918 Noricosque
583 1873 755 1908 interfluit
780 1875 891 1917 stetit,

179 1921 260 1954 dum
294 1921 437 1955 fortuna
479 1923 629 1965 partium
667 1922 802 1956 Vitellii
850 1934 892 1956 ac

180 1970 391 2013 Vespasiani
418 1971 453 2003 iu
469 1970 571 2004 ltalia
596 1972 805 2016 transigitur
830 1972 889 2015 (ll.

179 2016 228 2051 111
259 2019 324 2060 5):
368 2018 450 2051 inde
484 2019 592 2063 igitur
620 2020 657 2052 in
686 2019 891 2053 Germanias

179 2076 274 2098 nunc
301 2067 453 2110 erumpit
494 2076 573 2099 cum
608 2070 690 2101 octo
713 2094 721 2109 ,
763 2067 891 2112 quibus

179 2113 347 2158 praefuit,
376 2113 608 2148 auxiliaribus
635 2115 852 2149 cohortibus.

270 2161 332 2195 ala
376 2163 607 2208 singularium
634 2171 655 2196 :⁶
689 2164 890 2210 singulares

181 2211 320 2254 equites
366 2210 425 2245 vel
472 2211 659 2257 singular-ii
697 2211 890 2246 Caesarum

179 2258 399 2302 temporibus
426 2260 462 2292 in
494 2261 617 2294 castris
644 2261 687 2295 ad
713 2261 889 2294 sinistram

179 2305 280 2340 ducis
318 2312 353 2341 et
387 2309 557 2352 praetorii
597 2309 812 2352 tendebant,
853 2311 888 2343 in

179 2354 321 2389 diversa
350 2362 449 2400 parte
476 2359 692 2401 praetoriani
732 2359 790 2402 qui
820 2368 889 2391 vo-

179 2403 361 2438 cabantur.
389 2405 427 2438 ln
458 2406 582 2439 castris
612 2405 796 2450 aPolybio
824 2406 890 2440 de-

178 2452 319 2495 scriptis
346 2463 417 2486 non
438 2460 689 2488 memorantur.
726 2455 888 2500 Hyginus

178 2499 399 2534 Gromaticus
439 2501 531 2545 apud
568 2502 748 2536 Schelium
785 2513 818 2546 p.
845 2505 890 2537 4:

178 2548 308 2591 equites
347 2550 573 2594 praetoriani
615 2550 725 2584 latere
768 2552 888 2583 ‹Ieoetro

171 2597 371 2641 praetorii,
423 2597 622 2643 singulares
667 2599 890 2643 imperatoris

176 2643 287 2678 latere
317 2646 487 2688 sinistro;
533 2657 614 2692 pag.
643 2646 685 2681 8:
721 2646 889 2680 lateribus

172 2694 348 2738 praetorii
382 2695 540 2727 cohortes
574 2695 800 2740 praetoriae,
843 2695 890 2728 acl

176 2741 242 2775 hoc
291 2743 419 2786 equites
456 2744 709 2788 praetoriani,
759 2743 887 2787 equites

175 2789 375 2834 singulares
406 2792 641 2836 imperatoris.
679 2791 887 2837 Singulares

175 2837 342 2871 videntur
368 2840 540 2873 nominati
578 2850 677 2883 esse,
723 2840 818 2885 quod
844 2851 888 2874 ex

177 2888 336 2929 equitatu
378 2888 503 2921 sociali
539 2893 717 2933 tamquam
764 2889 886 2922 eximii

175 2933 218 2965 ad
262 2935 457 2969 custodiam
491 2936 591 2971 ducis
640 2936 748 2971 electi
790 2941 883 2971 sunt.

176 2980 281 3016 Tituli
315 2985 352 3017 in
380 2984 507 3029 quibus
533 2985 738 3020 referuntur
763 2985 884 3031 plures

963 1872 1111 1907 indicati
1140 1874 1176 1906 in
1202 1872 1413 1908 Forcellinii
1438 1872 1557 1908 lexico
1583 1883 1611 1908 s.
1637 1883 1673 1908 v.

963 1921 1200 1967 Sinqularius.

1042 1970 1271 2015 Vanyionum,
1302 1970 1564 2014 Caeracatium,
1597 1969 1675 2004 Tri-

963 2018 1126 2052 boeot-um
1160 2018 1315 2052 delectu.-
1352 2019 1395 2052 de
1424 2018 1673 2065 Vangionibus

963 2071 998 2100 et
1022 2066 1181 2100 Tribocis
1203 2066 1319 2100 Rheni
1343 2067 1478 2101 accolis
1504 2077 1538 2101 v.
1557 2067 1672 2101 Germ.

961 2114 1020 2150 28.
1052 2115 1267 2149 Caeracates
1293 2116 1407 2160 ignoti
1433 2120 1527 2158 sunt,
1557 2120 1593 2149 et
1611 2116 1673 2149 vix

962 2162 1107 2197 dubium
1152 2168 1205 2197 est
1248 2163 1332 2208 quin
1385 2163 1498 2197 subsit
1538 2163 1674 2209 aliquid

962 2212 1053 2245 vitii.
1110 2212 1354 2245 Tabernatium
1381 2211 1407 2246 1.
1439 2212 1495 2246 Fr,
1533 2211 1674 2246 Grono-

960 2261 1040 2294 vius
1069 2262 1234 2294 coniecit.

1033 2309 1263 2353 leyionariis:
1292 2308 1393 2342 fuere
1421 2319 1440 2342 e
1467 2307 1673 2354 legionibus

962 2358 1157 2402 superioris
1183 2357 1404 2401 provinciae,
1432 2367 1476 2390 ex
1502 2358 1547 2390 iis
1573 2356 1672 2390 mili-

961 2406 1055 2439 tibus
1090 2407 1151 2450 qui
1179 2407 1215 2439 in
1243 2406 1366 2439 castris
1392 2404 1611 2450 Mogontiaci
1637 2409 1673 2438 et

960 2454 996 2486 in
1012 2455 1141 2487 vicinis
1158 2453 1377 2487 locis'l‘utori
1392 2453 1554 2487 obstricti
1571 2458 1672 2487 erant

962 2503 1012 2545 (c.
1042 2501 1106 2546 59)
1138 2502 1268 2535 occisis
1312 2501 1462 2534 tribunis
1497 2507 1533 2535 et
1565 2500 1670 2545 pulso

961 2554 1152 2582 castrorum
1181 2550 1378 2593 praefecte.
1446 2549 1500 2583 Dc
1525 2550 1671 2594 legione

959 2599 1071 2641 prima
1115 2602 1150 2631 et
1188 2602 1288 2632 sexta
1334 2598 1473 2632 decima
1507 2597 1671 2631 Treviros

959 2646 1129 2679 traductis
1174 2648 1224 2691 (e.
1258 2647 1321 2690 62)
1368 2645 1442 2679 noli
1487 2646 1669 2692 cogitare:

958 2698 1036 2727 nam
1066 2694 1110 2728 de
1137 2694 1191 2728 his
1219 2694 1325 2738 paulo
1352 2698 1433 2738 post
1455 2695 1620 2729 refertur.

1037 2743 1197 2788 Binyium
1238 2765 1283 2769 —
1319 2743 1540 2788 abruperat:
1583 2753 1667 2776 num

956 2789 1124 2836 Bingium
1159 2793 1193 2825 in
1236 2792 1379 2825 sinistra
1411 2791 1531 2826 Navae
1569 2791 1666 2835 ripa,

956 2844 994 2872 ut
1030 2839 1137 2872 Tutor
1173 2840 1330 2883 abruptis
1365 2839 1533 2884 pontibus
1570 2844 1666 2873 tutus

958 2892 1052 2921 esset
1078 2888 1121 2921 ab
1150 2890 1309 2922 exercitu
1339 2889 1531 2933 ingruente
1550 2899 1569 2922 a
1588 2888 1666 2922 Mo-

956 2938 1124 2982 gontiaco
1151 2937 1321 2981 iuxtaque
1340 2936 1501 2970 Rhenum
1529 2935 1572 2970 ad
1592 2936 1666 2971 Na-

955 2995 1035 3019 vam
1070 2985 1322 3031 proficiscente
1345 2985 1364 3020 ‘2
1431 2985 1490 3021 Sic
1524 2985 1665 3030 accepit
