1768 3216
177 252 225 288 46·
483 268 489 274 *
791 248 1059 285 GERMANIAE

175 371 284 413 niam
315 370 366 410 ab
385 367 480 410 Osis
513 367 811 409 Germanorum
844 368 972 419 natio,
1004 379 1055 409 an
1088 366 1159 409 Osi
1188 366 1240 408 ab
1261 364 1541 412 Araviscisln
1561 366 1670 408 Ger-

174 445 351 486 maniam
384 443 765 497 commigraverint,
800 454 892 483 cum
925 442 1074 483 eodem
1095 441 1229 483 adhuc
1247 451 1441 483 sermone
1471 439 1668 482 institutis

174 518 356 560 moribus
383 522 561 570 utantur,
594 518 796 560 incertum
829 522 906 570 est,
937 517 1034 571 quia
1065 517 1155 570 pari
1181 515 1280 557 olim
1314 515 1455 569 inopia
1471 513 1671 557 acliber-

172 597 256 635 tate
286 592 432 634 eadem
462 592 677 646 utriusque
707 593 824 646 ripae
853 591 963 633 bona
1004 591 1193 644 malaque
1235 594 1366 632 erant.
1426 589 1590 631 Treviri
1631 593 1672 631 et

143 667 315 711 sNervii
345 667 458 709 circa
489 666 812 709 adfectationem
844 666 1117 709 Germanicae
1137 665 1313 720 originis
1333 665 1440 707 ultro
1463 663 1672 707 ambitiosi

175 747 298 796 sunt,
329 747 535 796 tamquam
566 754 642 796 per
673 742 780 783 hanc
811 741 990 795 gloriam
1024 740 1241 795 sanguinis
1273 753 1295 782 a
1332 740 1674 798 similitudineet

175 817 324 858 inertia
357 816 567 859 Gallorum
599 819 856 870 separentur.

176 890 476 934 Germanorum
517 891 657 946 populi
700 890 863 942 colunt,

318 1059 349 1093 1.
378 1068 401 1092 a
427 1057 525 1101 boiis,
553 1056 627 1092 sed.
655 1057 692 1090 in
721 1067 790 1102 mg.
824 1056 912 1090 Osis.

178 1106 334 1140 natione.
385 1107 419 1141 3.
448 1107 506 1150 qm·
531 1116 708 1150 superscr.
738 1105 781 1138 ab
807 1104 852 1138 al.
881 1115 927 1138 m.
956 1104 1038 1147 quia
1062 1102 1100 1137 Ρ.
1150 1105 1185 1138 4.
1217 1102 1360 1138 Treueri
1380 1102 1419 1137 P.

179 1154 322 1189 litterae
347 1166 371 1188 n
398 1164 574 1212 superscr.
602 1155 625 1188 h
650 1153 697 1187 P:
726 1152 930 1187 emendavit
956 1151 1148 1185 Rhenanus
1174 1162 1205 1184 a.
1237 1151 1340 1186 1519.

181 1213 250 1238 scr.
279 1203 321 1236 ab
349 1203 394 1237 al.
421 1214 466 1237 m.
496 1205 596 1237 circa
622 1207 657 1236 et
683 1202 750 1236 litt.
782 1207 826 1235 tr.
854 1200 995 1257 punctis
1020 1199 1160 1235 subnot.
1190 1198 1226 1232 P.

918 815 1049 868 Ipsam
1082 814 1215 857 Rheni
1245 814 1375 868 ripam
1406 814 1515 856 haud
1549 812 1672 855 dubie

910 889 1176 944 Vangiones,
1221 889 1418 943 Triboci,

1461 889 1671 931 Nemetes.

1012 1055 1109 1088 natio
1140 1054 1281 1088 editor:
1325 1053 1469 1088 codices
1497 1058 1533 1088 et
1562 1051 1673 1099 vulgo

1495 1103 1530 1137 5.
1558 1101 1676 1136 nemu

1428 1152 1519 1184 citra
1546 1160 1675 1194 super-

1484 1209 1675 1244 germanae

1292 1198 1420 1244 amr.

179 1251 225 1285 P:
254 1252 364 1285 ceteri
389 1253 595 1297 qermaniae
621 1255 682 1285 aut
710 1250 937 1296 qermanicae
962 1248 1207 1294 (germanice).

181 1392 218 1425 in
230 1391 420 1426 Germania
445 1393 662 1437 paraverint.
693 1391 791 1434 Quae
809 1401 896 1425 sen-

182 1441 295 1475 tentia
321 1441 415 1475 iusta
440 1436 589 1475 et’sana
614 1445 652 1473 ut
680 1440 896 1481 efficeretur,

183 1491 281 1523 natio
321 1499 385 1533 pro
412 1491 556 1523 nacione
583 1489 789 1534 reponenda
821 1493 897 1522 erat

185 1543 220 1571 et
246 1548 383 1572 comma
409 1543 490 1582 post
509 1538 585 1572 Osis
613 1537 832 1572 delendum·
853 1537 897 1571 Ut

184 1587 295 1632 vulgo
325 1586 457 1633 legitur
483 1587 526 1621 ab
554 1587 654 1630 Osis,
684 1587 896 1630 ‚Germano-

185 1647 262 1669 rmn
278 1636 433 1678 natione,
459 1635 549 1669 haec
569 1636 720 1680 turpiter
735 1640 897 1680 pugnant

186 1695 264 1718 cum
301 1684 422 1718 vei-bis
464 1695 495 1718 c.
522 1685 590 1719 43:
633 1684 717 1718 Osos
752 1683 898 1717 Panno„

184 1733 269 1766 nica
294 1732 417 1779 linqua
431 1733 591 1778 coarguit
616 1743 689 1765 non
716 1744 789 1766 esse
807 1732 898 1766 Ger-

185 1792 319 1815 manos.
384 1780 549 1815 Ceterum
589 1781 739 1815 adiectis
777 1780 898 1814 verbis

189 1831 445 1864 Germanorum
472 1830 570 1863 natio
580 1829 722 1864 Tacitus
749 1839 821 1863 non
841 1829 898 1866 af-

188 1878 340 1912 firmavit
379 1879 571 1912 Araviscos
616 1889 655 1912 re
694 1889 781 1912 vera
819 1888 898 1912 esse

188 1927 401 1969 Germanos,
443 1927 506 1961 sed
542 1926 632 1961 haec
663 1938 741 1961 cum
770 1928 899 1960 ceteris

187 1975 391 2008 referuntur
417 1975 460 2008 ad
485 1976 659 2009 incertum
686 1981 745 2017 est..
779 1974 899 2009 Theo-

188 2023 286 2057 disce
314 2028 515 2056 converto:
544 2023 584 2056 ob
610 2024 900 2058 atem-Araviscer

187 2073 226 2104 in
262 2071 470 2105 Pannonien
505 2082 572 2104 von
608 2072 674 2104 den
700 2073 814 2106 Osern
847 2071 901 2104 als

193 2120 249 2153 ein
284 2119 368 2154 Velle
394 2120 457 2153 der
480 2120 707 2163 Germanen,
735 2121 821 2153 oder
846 2120 901 2153 die

191 2168 278 2202 Oser
303 2179 370 2201 von
396 2168 463 2202 den
488 2168 704 2202 Araviscern
730 2180 793 2202 aus
830 2168 901 2212 (als

189 2216 458 2250 Pannonischer
491 2216 640 2263 Stamm)
676 2217 716 2250 in
751 2217 901 2252 Germa-

189 2266 273 2298 nien
308 2265 568 2310 einyewandert
604 2266 727 2308 scien,
774 2287 819 2291 —
859 2266 903 2299 ist

188 2315 372 2359 unqewz'ss.

262 2385 380 2418 eodem
414 2385 530 2419 adhuc
562 2396 722 2418 sermone
760 2386 901 2418 institu-

189 2433 232 2466 tis
249 2433 421 2467 moribus.-
450 2433 652 2467 Pannonica
677 2433 767 2467 haec
788 2433 901 2467 fuisse

188 2480 329 2515 Tacitus
356 2481 442 2515 dicit
470 2493 500 2516 c.
527 2482 586 2517 43.

266 2552 400 2586 Treviri
425 2558 455 2585 et
483 2553 625 2586 Nervii:
655 2553 790 2587 cf.1nd.
817 2552 899 2586 hist.

188 2600 311 2635 Nervii
341 2600 495 2634 Treviris
533 2602 644 2634 vicini
682 2612 725 2634 ex
751 2602 900 2635 Germa-

189 2649 249 2682 nia
294 2650 330 2682 in
366 2649 514 2683 Galliam
557 2648 742 2694 Belgicam
782 2654 901 2682 trans-

191 2698 303 2743 gressi
333 2697 376 2731 ad
403 2697 521 2732 Sabim
549 2697 727 2743 (Sambi-e)
754 2697 900 2730 fluvium

189 2756 303 2791 usque
329 2745 372 2779 ad
398 2757 494 2779 mare
520 2745 694 2780 Gallicum
728 2746 901 2778 occiden-

189 2799 260 2827 tem
298 2805 424 2828 ’versus
463 2794 567 2828 sedes
609 2799 900 2838 occupaverant,

189 2841 250 2875 ubi
275 2853 369 2876 nunc
395 2842 513 2888 Belgii
543 2844 730 2887 provincia
760 2842 901 2876 Henne-

189 2902 271 2935 9au.
314 2891 366 2924 Cf.
400 2891 533 2925 Caesar
558 2892 597 2924 B.
627 2891 665 2925 G.
695 2890 724 2924 11
751 2893 773 2925 4
801 2895 834 2924 et
861 2891 900 2924 17

192 2943 226 2972 et
256 2938 298 2972 18
325 2943 360 2973 et
385 2939 452 2982 28,
491 2940 520 2972 V
547 2940 595 2975 39
621 2945 656 2973 et
682 2941 754 2981 42,
794 2939 900 2973 V13.

192 2986 316 3022 Strabo
343 2987 391 3023 lv
419 2988 441 3023 3
466 2990 490 3023 4
515 2998 549 3034 p.
581 2987 658 3024 194.
690 2987 834 3038 Plinius
858 2987 904 3022 {v

966 1390 1024 1425 31.
1064 1387 1290 1423 Ptolemaeus
1316 1386 1348 1422 ss
1379 1387 1403 1424 9
1428 1389 1561 1431 5.113
1600 1385 1672 1426 ὑπὸ

968 1439 1006 1474 δὲ
1033 1434 1078 1473 τὰ
1107 1440 1288 1487 εἰρημένα
1316 1438 1408 1482 ἔθνη
1435 1436 1613 1483 (Tungros
1640 1442 1677 1478 et

965 1487 1166 1530 Menapios)
1210 1485 1451 1532 παοὴκουσιν
1487 1499 1675 1546 ιιρκτικω-

964 1547 1065 1581 τεροι
1104 1536 1198 1594 μὲν
1214 1533 1425 1581 Νερούιοι,
1474 1535 1529 1571 ὡν
1568 1533 1679 1576 πόλις

964 1585 1151 1631 Βάγανον
1180 1582 1198 1628 ἢ
1226 1583 1409 1631 Βάγακον
1437 1583 1602 1630 (Bacay).

1047 1680 1245 1726 Vanyiones
1260 1706 1270 1723 ,
1302 1679 1460 1723 Triboci,
1497 1680 1676 1715 Nemetes:

966 1734 1208 1764 memorantur
1243 1729 1278 1762 in
1316 1729 1678 1770 exercituAriovisti

967 1790 987 1812 a
1025 1777 1179 1813 Caesare
1217 1776 1257 1811 B.
1296 1777 1335 1811 G.
1363 1777 1472 1812 151:
1513 1778 1681 1812 Germani

967 1838 1048 1861 suas
1078 1827 1197 1872 copias
1232 1825 1427 1859 eduxerunt
1463 1826 1679 1871 yeneratim-

969 1887 1031 1920 que
1060 1876 1313 1909 constituerunt
1334 1873 1547 1920 paribusque
1563 1875 1677 1908 inter-

967 1923 1072 1958 vallis
1100 1923 1274 1966 Harudes,
1303 1922 1565 1966 Marcomanos,
1598 1921 1678 1957 Tri-

970 1972 1112 2015 boccos,
1146 1971 1345 2016 Vangiones
1362 1998 1372 2014 ‚
1400 1972 1584 2013 Nemetes,
1612 1971 1680 2004 Se-

970 2021 1106 2063 dusios,
1146 2021 1297 2063 Suevos3
1338 2019 1387 2053 IV
1429 2020 1496 2055 19:
1538 2019 1680 2056 Rhenus

965 2080 1031 2114 per
1054 2070 1142 2112 fines
1161 2068 1404 2110 Nantuatium,
1432 2068 1681 2109 Helvetiorum,

970 2118 1240 2161 Sequanorum,
1314 2115 1660 2150 mediomatricorum
1671 2141 1680 2158 ,

978 2165 1243 2206 Triboccornm,
1288 2164 1510 2198 Trevirorum
1556 2164 1683 2198 citatus

970 2215 1095 2258 few-‚tur
1146 2213 1271 2247 Strabo
1302 2213 1347 2246 1v
1374 2213 1396 2248 3
1435 2214 1472 2255 5.
1499 2213 1545 2248 43
1582 2211 1682 2261 μετὰ

973 2262 1013 2298 δὲ
1056 2259 1143 2300 τούς
1190 2260 1427 2303 Ἔλουηιέθυς
1466 2263 1682 2305 Σηκουανοὶ

971 2314 1036 2346 καὶ
1089 2310 1400 2360 Μεδιομαιρικοι
1446 2311 1682 2346 κατοικοῦσι

971 2359 1038 2395 τὸν
1059 2357 1212 2402 Ῥῆνον,
1251 2361 1292 2394 ἐν
1327 2361 1385 2398 οἱς
1410 2358 1563 2405 ι’δρυιαι
1587 2360 1683 2404 Γερ-

969 2421 1049 2456 μαι
1054 2420 1138 2443 :ror
1167 2409 1279 2444 ἔθνος
1300 2408 1523 2453 περαιωθὲν
1554 2409 1595 2443 ἐκ
1619 2406 1683 2450 τῆς
1703 2419 1706 2422 ’

972 2459 1126 2498 οἰκείας,
1148 2456 1361 2501 Τριβόκχοι.
1402 2455 1561 2489 lbidem:
1587 2453 1682 2503 μετὰ

972 2506 1011 2539 ὑὲ
1038 2499 1127 2543 τοὺς
1153 2497 1485 2561 Μεδιοματρικοὺς
1508 2507 1577 2539 καὶ
1592 2507 1682 2550 Τρι-

969 2552 1132 2597 βόκχους
1172 2554 1409 2595 παροικοῦσι
1446 2547 1513 2587 τὸν
1548 2552 1683 2595 Ρῆνον

975 2599 1454 2647 T9n0151902.1’1inius1v
1485 2600 1556 2634 31.
1583 2599 1682 2634 sthe-

969 2660 1052 2682 num
1089 2654 1203 2682 antem
1236 2648 1432 2682 accolentes
1469 2648 1682 2682 Germaniae

970 2698 1123 2742 yentium
1156 2698 1194 2730 in
1231 2697 1352 2730 eadem
1381 2697 1571 2742 provincia
1607 2696 1682 2731 Ne*-

971 2752 1098 2789 metcs,
1130 2745 1309 2786 Tribocki,
1347 2745 1566 2790 Vanyion235
1600 2744 1684 2779 1ιὶπο

978 2794 1064 2827 Ubii.
1101 2793 1326 2827 Ptolemaeus
1352 2793 1424 2827 *119
1451 2794 1486 2835 §.
1507 2794 1548 2828 17
1568 2793 1682 2828 et18:

974 2842 991 2886 ἦ
1021 2843 1060 2877 δὲ
1090 2837 1166 2877 απὸ
1209 2842 1276 2877 τοῦ
1301 2841 1478 2888 Ὀβοίγκα
1504 2845 1683 2886 ποταμοῦ

973 2890 1070 2935 πρὸς
1103 2894 1347 2949 μεσνιιβρίαι
1382 2892 1550 2925 καλεῖται
1590 2892 1682 2935 Γερ-

973 2944 1097 2987 μανίιι
1137 2955 1155 2982 ι,
1186 2939 1284 2981 ἄνω,
1324 2941 1364 2973 ἐι
1400 2940 1420 2987 ᾖ
1455 2936 1582 2976 πόλεις
1610 2937 1682 2986 ἆρ-

972 2991 1152 3038 χομένων
1196 2986 1273 3025 απὸ
1300 2988 1369 3025 τοῦ
1402 2988 1578 3037 Οβρίγκα
1608 2998 1682 3025 πο-
