1768 3216
622 176 684 211 DE
710 175 910 213 mamm
933 176 1131 214 NERONE.
1553 180 1630 217 m

130 290 300 346 piorum
325 291 536 335 clientelae
550 293 594 334 in
609 294 749 348 samm
764 298 923 348 vocent,
944 294 1092 348 quibus
1111 294 1187 336 vix
1205 293 1435 349 suffeceris,
1466 295 1628 340 etiamst·

128 377 213 408 non
237 378 392 409 novum
419 367 493 409 tibi
520 367 611 421 ipse
638 368 841 423 neqotium
872 369 1156 422 importasses‚
1184 369 1407 411 Domitium
1433 374 1475 412 et
1501 370 1625 413 Cata-

130 453 223 484 nem
237 472 251 494 ,
293 441 340 483 ia
373 445 463 493 est,
505 447 675 484 nostras
711 455 870 497 qnoque
910 443 1110 485 historias
1153 448 1192 484 et
1223 443 1415 486 Romana
1441 445 1626 498 nonnina,

125 516 381 558 Graecorum
429 516 586 572 fabulis
637 518 877 572 adqreqare.
962 519 1263 561 Recitationem
1314 523 1622 573 praetextarum

123 602 277 632 novum
301 590 507 645 negotium
537 593 652 646 Aper
683 592 873 647 appellat,
902 592 1013 647 quod
1043 592 1125 634 hoc
1156 592 1385 635 fabularum
1415 606 1549 649 genus
1578 594 1623 637 in

126 664 276 708 litteris
305 665 463 708 Latinis
493 670 591 708 tunc
622 666 713 708 sere
743 666 1022 708 oblitteratum
1054 671 1094 708 et
1115 672 1210 721 post
1231 667 1401 722 longum
1423 669 1620 723 temporis

123 739 383 783 intervallum
424 754 449 783 a
475 741 663 783 Materno
692 741 983 783 resuscitatum
1019 745 1108 783 erat
1121 745 1149 782 ².
1226 741 1308 784 Sed
1347 754 1451 784 cave
1479 742 1611 785 Taciti

129 813 260 857 verba
294 826 425 870 prave
466 816 649 870 accipias
689 815 768 868 ita,
811 820 855 856 ut
895 815 1239 869 quemadmodum
1285 816 1513 870 Catonem,
1556 817 1621 859 sic

128 889 254 931 etiam
282 889 505 931 Domitium
535 890 725 943 proxime
755 889 972 932 recitatam
1002 902 1097 932 esse
1128 890 1291 932 credas.
1350 890 1454 932 Nam
1471 891 1621 933 Domi-

124 963 225 1006 tium
263 963 449 1018 pluribus
495 964 614 1006 annis
651 967 747 1006 ante
790 964 1070 1018 conscriptam
1111 976 1206 1006 esse
1247 969 1289 1006 et
1325 964 1476 1007 lectam
1515 965 1621 1008 alter

123 1037 307 1081 ostendit
339 1038 527 1081 eiusdem
571 1039 710 1092 operis
760 1038 939 1080 Tacitini
977 1038 1122 1091 locus,
1168 1038 1239 1079 ubi
1282 1038 1490 1080 Maternus
1528 1040 1620 1093 ipse

122 1112 229 1155 haec
257 1113 388 1156 verba
428 1113 530 1155 facit
562 1102 608 1155 c.
634 1115 711 1155 11:
754 1125 827 1167 eqo
864 1117 1000 1155 autem
1039 1113 1148 1154 sicut
1182 1113 1225 1153 in
1270 1112 1410 1154 causis
1452 1113 1622 1167 agendis

122 1187 285 1242 efficere
315 1187 474 1241 aliquid
502 1191 543 1228 et
571 1187 669 1228 eniti
687 1188 873 1241 fortasse
899 1199 1085 1240 possum,
1111 1187 1170 1228 ita
1197 1187 1437 1245 recitatione
1457 1191 1620 1241 traqoe.

122 1261 287 1303 diarum
320 1265 361 1302 et
388 1260 548 1315 ingredi
572 1262 730 1315 santam
761 1260 1005 1314 auspicatus
1034 1273 1139 1310 sum,
1172 1273 1262 1302 cum
1288 1260 1448 1314 quidem
1467 1260 1511 1301 in
1537 1259 1619 1302 Ne·

122 1338 253 1377 rone³
277 1334 507 1389 improbam
534 1340 574 1376 et
602 1335 831 1377 stadiorum
860 1346 1021 1388 quoque
1045 1347 1175 1376 sacra
1204 1335 1495 1388 profanantem
1533 1332 1620 1376 Va-

124 1409 218 1451 tinii
238 1409 467 1463 potentiam
492 1409 622 1463 fraqi,
665 1413 705 1450 et
733 1409 853 1451 hodie
868 1440 879 1460 ‚
913 1408 954 1449 si
988 1409 1087 1462 quid
1122 1409 1165 1449 in
1198 1407 1317 1450 nobis
1356 1408 1524 1450 notitiae
1567 1420 1621 1450 ac

120 1483 298 1526 nonanis
326 1488 415 1536 est,
443 1485 575 1538 mayis
607 1483 794 1525 arbitror
823 1483 1051 1525 carminum
1075 1496 1198 1536 quam
1224 1482 1456 1524 orationum
1483 1482 1620 1536 yloria

118 1563 299 1614 partum.
346 1559 500 1601 Fabula
531 1571 639 1613 quae
669 1557 848 1599 Neronis
874 1559 1043 1600 nomine
1073 1559 1115 1599 in
1144 1558 1209 1599 his
1254 1561 1616 1610 commemoratur,

126 1634 304 1689 primum
334 1634 503 1675 nonnisi
528 1637 744 1687 praetexta
774 1637 910 1687 potest
929 1644 1037 1683 esse,
1065 1644 1149 1673 non
1165 1632 1384 1686 tragoedia
1404 1644 1427 1673 e
1447 1630 1619 1674 Graecis

125 1720 346 1760 conversa,
378 1712 423 1749 ut
452 1719 605 1749 nomen
630 1708 719 1748 eius
750 1707 946 1759 ostendit,
979 1710 1076 1758 tum,
1110 1707 1205 1760 quia
1237 1706 1338 1747 Cato
1358 1709 1398 1747 et
1412 1705 1616 1747 Domitius

124 1795 232 1826 unae
264 1786 395 1834 erant,
428 1794 531 1836 quas
562 1795 615 1823 ex
645 1794 804 1837 genere
832 1785 1138 1835 praetextatum
1159 1780 1293 1821 adhuc
1313 1780 1521 1822 Maternus
1542 1791 1617 1820 re·-

125 1857 341 1908 citaverat‚
373 1856 415 1898 id
447 1856 557 1910 quod
589 1869 642 1898 ex
672 1855 811 1897 verbis
844 1855 975 1909 cap.3
1009 1855 1133 1896 modo
1162 1854 1422 1908 transcriptis
1451 1853 1617 1907 perspi-

52 1957 67 1960 —
123 1932 248 1984 citur,
278 1931 503 1972 Domitium
535 1934 576 1971 et
600 1931 810 1972 Neronem
841 1929 923 1971 duo
955 1929 1123 1971 nomina
1151 1929 1337 1970 eiusdem
1358 1927 1497 1981 operis
1519 1937 1616 1969 esse

122 2005 407 2059 consequitur.
472 2005 588 2047 Idem
630 2009 724 2046 ante
763 2016 829 2046 me
872 2007 987 2046 recte
1028 2003 1230 2046 intellexit
1263 2001 1540 2044 Neukirchius
1572 2000 1634 2050 in*

118 2079 227 2122 libro
257 2091 334 2121 suo
366 2079 429 2121 De
459 2078 599 2121 fabula
630 2078 789 2133 Togata
818 2077 991 2119 Roman.
1024 2090 1064 2131 p.
1096 2076 1167 2129 93,
1199 2075 1445 2118 Eckstenius
1471 2074 1617 2117 Prole-

121 2166 235 2209 gom.
266 2154 310 2195 in
337 2153 444 2198 Dial.
479 2153 531 2195 de
562 2152 808 2195 Oratoribus
839 2165 877 2205 p.
910 2152 951 2203 8,
982 2150 1227 2192 Welckerus
1255 2150 1297 2190 in
1314 2149 1520 2204 Tragoed.
1544 2148 1615 2191 Gr.

122 2343 195 2368 non
219 2331 422 2368 mutandam
447 2331 561 2366 fuisse
587 2341 666 2366 cum
691 2331 835 2366 aliivi-

122 2383 275 2425 derunt,
311 2386 386 2416 tum
413 2381 626 2415 Welckerus
658 2380 835 2426 (Tragoe-

122 2431 204 2467 diae
229 2430 354 2466 Graec.
381 2429 528 2464 secund.
554 2428 646 2473 cycl.
674 2439 731 2473 ep.
760 2428 835 2462 dis-

121 2479 263 2525 positae
292 2484 318 2512 t.
332 2477 382 2513 111
398 2489 433 2523 p.
450 2477 561 2523 1462)
582 2487 696 2521 nuper
710 2481 835 2510 osten-

121 2528 185 2563 dit.
215 2527 329 2562 codex
354 2526 610 2561 Perizonianns
639 2527 677 2559 in
702 2524 838 2558 nerone

122 2576 290 2618 exhibet,
329 2585 444 2619 eaque
470 2584 556 2608 vera
582 2579 635 2607 est
662 2574 836 2617 scriptura

120 2624 252 2658 leviter
286 2624 431 2656 vitiata:
469 2633 548 2655 nam
588 2620 836 2655 circumflexus

119 2676 206 2705 nota
229 2681 338 2715 saepe
362 2675 498 2705 temere
532 2670 726 2713 imponitur
759 2668 836 2702 sor-

120 2721 186 2753 mis
213 2719 361 2754 ablativi
390 2720 426 2752 in
454 2730 471 2751 e
501 2722 558 2751 aut
584 2730 607 2752 u
634 2716 833 2751 desinenti-

119 2768 198 2802 hus.
227 2767 322 2802 idem
347 2766 441 2800 liber
465 2765 643 2810 perbonus
667 2775 729 2810 pro
755 2767 832 2810 fre-

119 2817 176 2862 9ί,
203 2821 236 2850 et
260 2815 392 2849 nudum
417 2815 508 2860 sreyi
533 2814 702 2859 praebet,
740 2813 833 2859 quod

122 2875 167 2899 ex
191 2865 306 2910 freqei
333 2868 370 2898 et
403 2863 470 2898 hoc
496 2873 616 2897 rursus
642 2873 687 2896 ex
710 2863 834 2907 frey'et

121 2917 237 2948 ortum
262 2912 454 2956 existim03
492 2916 588 2946 certe
623 2909 833 2955 particulam

904 2337 935 2364 et
972 2331 1143 2365 orationis
1191 2330 1412 2364 concinnitas
1446 2327 1615 2374 postulat,

903 2381 1066 2424 quamvis
1093 2378 1230 2413 infirma
1261 2378 1423 2412 codicum
1455 2380 1614 2412 auctori-

904 2433 975 2461 tate
1005 2428 1197 2461 munitam:
1227 2426 1321 2472 quod
1347 2427 1441 2461 enirn
1466 2425 1613 2461 Bekke-

904 2486 961 2509 rus
999 2487 1042 2509 ex
1078 2475 1169 2509 libro
1196 2474 1411 2509 Farnesiano
1450 2478 1486 2508 ct
1510 2473 1615 2508 Wal-

905 2524 1027 2558 therus
1064 2535 1108 2558 ex
1148 2523 1273 2557 eodem
1307 2523 1406 2557 fonte
1430 2523 1546 2567 fregi,
1581 2527 1614 2555 et

903 2572 1140 2614 rettulerunt,
1178 2571 1212 2605 id
1246 2573 1356 2606 errori
1388 2569 1612 2603 tribuendum

904 2631 985 2655 esse
1011 2625 1109 2664 puto,
1136 2623 1170 2652 et
1197 2624 1281 2662 puto
1308 2618 1448 2662 quidem
1462 2618 1612 2660 primum

904 2673 1048 2713 propter
1073 2668 1284 2701 contrarium
1305 2665 1480 2699 Schrautii
1506 2665 1611 2698 testi·

904 2717 1084 2755 monium,
1125 2720 1196 2747 tum
1224 2718 1367 2757 propter
1401 2714 1611 2756 scripturam

903 2765 999 2798 illam
1024 2763 1103 2797 libri
1131 2762 1366 2802 perimmuni,
1391 2762 1451 2805 qui
1474 2759 1610 2793 Farne-

902 2814 1004 2845 siano
1033 2813 1066 2844 in
1104 2811 1283 2855 plerisque
1322 2809 1511 2842 consentit.
1564 2807 1610 2842 de

903 2860 1054 2894 nominis
1095 2858 1226 2892 Vatinii
1269 2857 1381 2891 forma
1421 2856 1512 2891 infra
1544 2864 1610 2890 co-

902 2909 1038 2954 piosius
1063 2906 1309 2952 disputabitur.
