1768 3216
747 213 984 251 HlsToissAR
990 212 1053 247 VM
1445 219 1478 243 a.
1505 218 1542 243 u.
1568 208 1655 246 822.

166 225 237 260 148

163 341 274 384 xello
319 339 496 389 viribus,
549 346 695 376 caesos
744 332 952 382 victores,
1003 339 1168 370 versam
1210 326 1385 381 partium
1427 326 1651 368 fortunam.

166 416 295 457 Causa
328 411 508 466 fingendi
540 409 614 450 suit
642 406 921 468 utdiplomata
943 404 1135 454 Othonis,
1169 414 1275 456 quae
1298 400 1647 457 neglegebantur,

162 487 334 530 laetiore.
364 484 503 525 nuntio
535 471 855 523 revalescerent.
917 479 967 520 Et
1009 478 1175 519 Coenus
1218 475 1382 530 quidem
1429 475 1577 530 rapide
1609 476 1651 516 in

160 561 301 602 urbem
346 561 488 599 vectus
527 568 684 610 paucos
727 559 838 608 post.
866 554 955 594 (lies
997 553 1112 594 iussu
1152 551 1306 593 Vitellii
1357 562 1516 605 poenas
1562 549 1650 591 luit.

127 634 401 677 sSenatorum
431 631 656 686 periculum
689 633 850 671 auctum
880 626 1144 668 credentibus
1172 625 1421 667 Othonianis
1451 623 1650 667 militibus

158 720 255 749 vera
297 719 391 748 esse
432 718 535 759 quae
579 704 884 746 adferebantur.
948 701 1192 743 intendebat
1232 699 1499 742 formidinem
1538 698 1648 753 quod

157 781 308 836 publici
347 779 509 821 consilii
558 778 665 820 facie
707 777 936 818 discessum
983 776 1138 817 Mutina
1184 775 1461 828 desert-aeque
1510 777 1652 828 partes

0 856 306 897 *ss'ferasorenh
368 854 455 895 Nec
484 854 588 895 ultra
620 853 660 893 in
693 864 909 893 commune
951 851 1171 906 congressi
1211 850 1292 892 sibi
1334 850 1509 905 quisque
1542 861 1651 890 con-

168 930 354 982 suluere,
392 929 525 970 donec
557 928 707 969 missae
751 941 772 968 a
814 927 941 968 Fabio
986 925 1160 968 Valente
1204 925 1404 980 epistulae
1435 924 1683 981 demerent*

112 1009 326 1046 some-tum.
375 1004 425 1045 Et
454 1015 563 1044 mors
596 1002 767 1043 Othonis
800 1013 880 1055 quo
913 1001 1176 1053 laudabilior,
1211 1013 1261 1043 co
1285 1000 1476 1042 velocius
1496 999 1650 1041 audita.

296 1078 349 1118 At
387 1078 542 1120 Romae
582 1076 681 1117 nibil
722 1075 1037 1129 trepidationis3
1083 1075 1279 1117 Cereales
1322 1075 1407 1116 ludi
1453 1088 1506 1116 ex
1536 1077 1722 1117 more55

161 1152 463 1206 spectabantur.
524 1150 572 1191 Ut
612 1151 878 1192 concessisse
920 1150 1148 1202 Othonem,
1193 1155 1234 1191 et
1270 1163 1291 1192 a
1324 1150 1466 1192 Flavio
1498 1149 1652 1193 Sabino

158 1227 367 1280 praefecto
399 1227 534 1278 urbis,
567 1225 674 1279 quod
709 1230 797 1267 erat
829 1226 870 1266 in
901 1225 1004 1267 urbe
1035 1225 1231 1278 militum,
1274 1229 1538 1268 sacramento
1570 1224 1648 1266 Vi-

161 1300 261 1342 tellii
294 1301 507 1353 adactum,
541 1301 642 1342 certi
675 1304 866 1342 auctores
899 1300 939 1341 in
973 1300 1176 1342 theatrum
1208 1300 1451 1353 attulerunt,
1485 1298 1651 1342 Vitellio

109 1376 376 1430 ¹⁵plausere3
417 1375 588 1430 populus
631 1389 721 1417 cum
768 1375 885 1417 lauru
925 1388 974 1417 ac
1016 1375 1188 1417 floribus
1239 1375 1394 1417 Galbae
1445 1374 1651 1430 imagines

162 1451 313 1492 circum
344 1451 490 1504 templa
521 1451 622 1503 tulit,
655 1451 870 1506 congestis
903 1448 943 1491 in
974 1450 1140 1492 modum
1172 1450 1314 1492 tumuli
1346 1451 1516 1492 coronis
1538 1450 1651 1491 iuxta

299 1610 328 1642 1.
356 1620 449 1643 cesos
473 1608 538 1643 Ma.
613 1611 646 1645 2.
677 1610 821 1655 πεζιῄεξᾳ.Ἰ
840 1608 918 1643 Ma:
946 1609 973 1644 G
998 1609 1127 1655 neyliy.

158 1662 357 1739 1ξιιέιιϊεῑοῑιιπι
383 1658 475 1691 inest
501 1657 527 1691 G
555 1662 589 1691 et
615 1657 891 1692 Oxoniensibus.
991 1659 1025 1693 4.

1212 1609 1246 1644 3.
1276 1609 1408 1656 rapidi?
1430 1607 1550 1643 urbem
1575 1606 1652 1644 Ma:

1062 1669 1200 1704 paenas
1226 1656 1291 1691 Ma.
1392 1658 1425 1692 7.
1453 1657 1653 1702 desertaque

280 1706 314 1740 8.
342 1717 473 1740 commu
500 1707 555 1752 (in
582 1717 707 1740 versus
734 1706 822 1753 line)
852 1717 955 1740 mune
984 1705 1049 1740 Ma.
1087 1706 1309 1740 'consuluere
1337 1704 1442 1740 GMfl:
1470 1705 1654 1741 consulere

158 1753 253 1787 Harl.
285 1753 386 1788 Bodl.
462 1754 495 1790 9.
523 1755 620 1800 eplae
647 1767 725 1789 cum
755 1755 818 1789 lin.
847 1754 912 1790 Ma.
990 1757 1046 1790 11.
1075 1757 1209 1790 Romae
1234 1767 1288 1789 me
1314 1754 1426 1789 nichil
1450 1753 1517 1790 Ma.
1582 1754 1653 1789 Ce-

157 1802 264 1835 riales
294 1802 368 1836 Ma:
397 1803 559 1836 Cereales
589 1803 627 1838 G.
710 1805 763 1839 12.
799 1804 1010 1838 concessisse
1037 1804 1177 1838 editor:
1206 1802 1259 1838 llla
1290 1805 1443 1845 cessisse,
1473 1803 1499 1837 G
1529 1808 1565 1837 et
1590 1802 1652 1837 alii

159 1851 310 1932 cffSislifa
323 1852 409 1885 uita.
511 1852 563 1886 13.
590 1853 628 1885 in
653 1859 875 1887 sacramento
902 1851 1003 1887 Giufi:
1030 1853 1068 1886 in
1094 1853 1267 1897 expunxit
1291 1852 1498 1888 Rhenanus.
1595 1850 1651 1886 14.

160 1909 182 1931 α
208 1905 230 1931 l.
276 1908 278 1912 ’
315 1925 322 1933 .

162 2043 223 2085 ris,
249 2044 327 2077 sive
354 2045 491 2088 corpori
518 2047 593 2079 sive
622 2048 738 2081 animo
761 2048 863 2092 illati,

163 2092 251 2125 ratio
278 2090 438 2126 habetur.

236 2139 424 2185 diplomata
458 2141 623 2176 Othonis:
669 2155 736 2177 non
773 2145 864 2179 bene

163 2187 302 2232 Lipsius
328 2188 416 2223 haec
444 2189 632 2234 diplomata
661 2194 800 2227 nonnisi
824 2193 866 2227 ad

164 2247 300 2270 cursum
327 2237 506 2281 publicum
541 2241 754 2283 pertinuisse
781 2253 866 2286 pro-

162 2286 310 2318 nuntiat.
363 2286 453 2320 Sane
481 2287 524 2320 ob
555 2299 692 2323 cursum
723 2301 866 2336 quoque

937 2048 1000 2091 lis,
1039 2059 1111 2082 non
1149 2048 1326 2091 Cerialis,
1361 2054 1399 2082 ut
1439 2053 1493 2083 est
1522 2049 1557 2082 in
1587 2046 1650 2092 MU,

937 2098 1063 2131 vitium
1077 2109 1120 2131 ex
1135 2098 1388 2142 intempestiva
1401 2097 1651 2132 recordatione

937 2146 1038 2180 ducis
1064 2147 1208 2190 saepius
1248 2147 1283 2179 in
1313 2145 1368 2180 bis
1398 2146 1498 2180 libris
1533 2147 1652 2181 nomi-

939 2195 1011 2228 nati
1040 2194 1173 2240 (Petilii
1199 2194 1367 2240 Cerialis)
1394 2200 1526 2230 natum.

1007 2249 1044 2277 ut
1073 2245 1284 2278 concessisse
1312 2243 1480 2278 Othonem
1503 2266 1547 2272 -
1565 2244 1653 2278 certi

939 2298 1159 2326 auclores—
1180 2293 1397 2327 attulerunt.—
1422 2292 1465 2327 ad
1494 2292 1652 2337 scriptu-

163 2333 351 2377 diplomata
376 2335 673 2380 concedebantur,
692 2339 754 2373 sed
774 2339 864 2373 idern

162 2391 290 2415 nomen
317 2383 420 2416 etiam
456 2383 499 2417 de
533 2388 659 2430 quovis
693 2389 866 2432 rescripto

161 2430 331 2473 principis
357 2437 558 2476 usurpatum
589 2440 653 2468 cst.
707 2435 864 2470 coenum

162 2476 335 2511 libertum.
364 2479 409 2512 ob
442 2490 563 2514 cursus
596 2483 730 2527 publici
768 2495 866 2518 coni-

164 2524 266 2559 moda
291 2526 357 2560 sibi
387 2529 614 2564 concedenda
650 2531 718 2565 hoc
745 2543 866 2566 ausum

164 2583 243 2607 esse
270 2575 362 2609 credi
389 2577 449 2610 vix
475 2582 604 2620 potest,
630 2581 737 2613 immo
755 2582 867 2614 maius

163 2621 295 2666 aliquid
327 2626 526 2669 spectavit,
570 2632 608 2660 ut
645 2633 721 2661 rata
749 2634 869 2663 essent

163 2679 253 2714 quae
281 2671 347 2705 sibi
386 2672 537 2719 aliisque
571 2675 614 2708 ab
644 2675 784 2711 Othone
811 2677 867 2710 di-

161 2717 326 2761 plomatis
351 2730 522 2755 concessa
548 2728 659 2758 erant.

235 2776 318 2821 Cap.
334 2779 391 2813 55.
420 2780 584 2815 Cereales
605 2783 700 2816 ludi:
727 2785 867 2818 initium

167 2824 217 2856 eis
243 2826 356 2868 pridie
382 2827 459 2861 idus
486 2830 646 2874 Apriles,
685 2836 723 2863 ut
749 2832 868 2865 moni·
891 2833 906 2848 ⁹

162 2874 234 2904 tum
260 2873 303 2906 ad
329 2873 387 2907 XV
403 2876 460 2911 53.
487 2877 524 2910 ln
551 2878 758 2913 kalendario
786 2881 868 2914 anni

164 2918 232 2953 325
260 2930 279 2953 a
306 2919 387 2955 Chr.
424 2923 496 2957 ludi
522 2925 698 2961 Cerealici
731 2938 869 2962 vocan-

164 2967 232 3000 tur.
272 2968 434 3005 Ceterum
462 2982 482 3006 a
510 2972 638 3009 Cerere
664 2974 703 3010 sit.
733 2976 868 3011 Cerea-

938 2351 1009 2374 ram
1037 2340 1117 2375 libri
1156 2341 1308 2376 Medicei
1345 2351 1448 2386 quam
1490 2341 1652 2387 proxime

938 2389 1114 2423 accedens
1140 2391 1349 2430 concessisse
1374 2391 1533 2434 reposui,
1559 2388 1654 2423 unde

939 2447 1001 2481 per
1055 2439 1305 2484 compendium
1358 2439 1548 2473 coeessisse
1592 2436 1652 2472 vel

936 2498 1103 2532 r-cessisse
1130 2502 1250 2532 natum
1278 2499 1438 2541 cessisse,
1489 2496 1582 2543 quod
1607 2496 1652 2532 de

939 2551 1052 2580 morte
1085 2556 1156 2580 non
1194 2546 1354 2580 dicitur:
1388 2546 1580 2580 concedere
1617 2550 1652 2579 et

940 2595 1058 2628 addito
1085 2595 1231 2628 nomine
1265 2596 1339 2629 vim
1365 2599 1400 2628 et
1425 2595 1504 2628 sine
1532 2603 1575 2628 eo
1602 2595 1651 2628 ita

940 2647 1139 2687 usurpatur.
1186 2641 1289 2677 Conf.
1321 2643 1334 2676 1
1363 2643 1408 2678 3:
1433 2648 1470 2677 ul
1492 2642 1653 2688 Agrippa

939 2692 1010 2724 cita
1047 2692 1228 2726 concessit.
1281 2691 1341 2726 ΧΙΙ
1379 2691 1460 2727 392
1494 2690 1653 2725 Ostorius

940 2741 1109 2774 concessit
1128 2741 1212 2774 vita.
1239 2740 1373 2774 Rursus
1389 2739 1490 2774 1V38
1503 2738 1525 2773 :i
1537 2750 1653 2784 quan-

941 2788 1048 2831 doque
1075 2800 1291 2823 concessero.
1333 2788 1412 2823 xtlt
1428 2789 1495 2823 30:
1523 2787 1654 2823 Lucius

949 2836 1103 2870 Volusius
1130 2838 1273 2882 egregia
1297 2839 1395 2882 fama
1421 2837 1604 2871 concessit.

987 2883 1100 2929 lonqis
1111 2884 1264 2920 aliorum
1278 2885 1536 2932 principalibus
1555 2896 1653 2918 com-

935 2933 1077 2976 posita:
1114 2938 1259 2968 senatus
1283 2935 1360 2967 iura
1387 2934 1560 2978 principis
1586 2932 1653 2966 de-

942 2989 1088 3015 cernere
1137 2982 1242 3028 eique
1285 2983 1474 3028 imperium
1510 2981 1653 3018 deferre
