1768 3216
156 188 230 231 146
781 186 1041 227 AGRICOLAE

162 313 445 363 exceptusque
471 307 591 348 brevi
620 306 765 349 osculo
799 312 841 349 et
858 308 969 350 nullo
991 319 1185 351 sermone
1215 308 1361 352 turbae
1386 309 1655 360 servientium

162 383 369 424 immixtus
401 385 476 423 est.
521 381 714 423 Ceterum
729 382 791 423 uti
808 382 984 424 militare
1005 395 1173 435 nomen,
1205 395 1337 438 grave
1356 383 1463 426 inter
1478 383 1655 438 otiosus,

163 457 254 499 aliis
282 455 500 498 virtutibus
531 460 796 510 temperaret,
829 457 1164 511 tranquillitatem
1194 462 1315 512 atque
1344 459 1470 500 otium
1493 459 1661 513 penitus

163 530 289 582 auxit,
326 530 437 572 cultu
467 530 672 584 modicus,
703 543 898 574 sermone
929 531 1090 585 facilis,
1121 544 1204 574 uno
1236 537 1304 575 aut
1334 532 1465 575 altero
1496 533 1660 576 amico-

129 614 251 648 srum
283 605 526 658 comitatus,
569 606 675 648 adeo
707 610 750 647 ut
787 606 996 660 plerique,
1054 607 1201 661 quibus
1232 620 1407 663 magnos
1437 608 1553 651 viros
1583 619 1661 662 per

163 678 432 723 ambitionem
475 681 698 723 aestimare
746 693 836 723 mos
882 686 966 735 est,
1023 682 1113 723 viso
1164 687 1418 737 aspectoque
1457 682 1659 739 Agricola

164 760 414 809 quaererent
445 756 610 810 samam,
642 757 765 810 pauci
796 757 1179 811 interpretarentur.
1231 785 1234 787 -

300 831 456 873 Crebro
486 843 562 885 per
593 844 666 874 eos
695 832 785 874 dies
817 832 925 886 apud
953 832 1234 874 Domitianum
1254 833 1405 876 absens
1425 836 1658 887 accusatus,
1671 835 1726 876 41

163 903 316 948 absens
347 906 559 948 absolutus
587 911 661 948 est.
756 907 888 949 Causa
919 908 1095 961 periculi
1129 920 1214 950 non
1247 908 1404 950 crimen
1435 908 1560 950 ullum
1583 911 1661 950 >aut

112 989 152 1021 ιο
165 980 334 1034 querela
365 980 469 1022 laesi
501 981 766 1034 cuiusquam,
809 981 884 1024 sed
927 982 1114 1025 infensus
1145 983 1365 1026 virtutibus
1393 983 1589 1038 princeps
1619 986 1661 1024 et

164 1055 302 1110 gloria
333 1054 412 1096 viri
442 1068 491 1096 ac
522 1056 745 1109 pessimum
779 1057 1041 1099 inin'iicorum
1073 1070 1220 1112 genus,
1253 1058 1507 1105 laudantes..
1530 1058 1582 1099 Et
1610 1070 1660 1100 ea

162 1127 350 1172 insecuta
380 1134 474 1171 sunt
504 1131 566 1171 rei
598 1131 790 1183 publicae
821 1135 1020 1185 tempora,
1054 1144 1160 1186 quae
1183 1133 1298 1175 sileri
1315 1132 1558 1187 Agricolam
1575 1143 1660 1174 non

161 1204 367 1256 sinerent3
416 1208 475 1245 tot
517 1206 725 1247 exercitus
770 1206 810 1246 in
854 1206 1013 1248 Moesia
1053 1207 1265 1261 Daciaque
1298 1211 1338 1249 et
1368 1207 1590 1250 Germania
1621 1211 1662 1250 et

261 1325 291 1358 1.
324 1324 446 1358 turbae
472 1335 526 1358 om
553 1328 596 1362 Δ.
683 1328 715 1360 2.
741 1326 792 1360 uti
818 1329 867 1361 F:
897 1333 933 1361 ut
956 1328 989 1362 A
1014 1333 1050 1361 et
1075 1327 1304 1363 Puteolanus.
1403 1329 1458 1364 13.
1488 1328 1596 1363 Misia
1621 1331 1661 1373 Γ,

161 1373 274 1418 mysia
298 1373 534 1408 Puteolanus:
563 1374 700 1409 Moesia
726 1375 878 1419 Lipsius.
994 1382 1025 1411 et
1050 1376 1237 1411 Pannonia
1276 1379 1362 1413 TA:
1407 1377 1661 1423 Pannoniaque

163 1421 392 1456 Puteolanus.

235 1529 461 1568 exceptusque
487 1523 582 1557 brevi
608 1524 743 1558 osculo.-
782 1524 877 1559 conf.
1021 1525 1106 1570 Cap.
1133 1527 1192 1561 41.
1232 1526 1415 1572 pessimum
1440 1525 1662 1569 inimicorum

163 1567 326 1606 x11118:
350 1577 428 1617 post
454 1571 554 1605 breve
584 1573 736 1607 osculum
759 1573 878 1618 diqre-
947 1585 1067 1618 qenus,
1095 1574 1306 1609 laudantes.-
1329 1574 1476 1621 ‘gnome
1504 1585 1548 1609 ex
1573 1575 1661 1620 ipsis

164 1619 263 1654 diens
289 1620 399 1660 (Nero
426 1630 446 1653 a
471 1623 613 1666 υκαι-,0)
656 1619 877 1656 Contrarium

166 1673 220 1702 est
245 1668 327 1703 XIV
352 1671 398 1703 4:
431 1671 543 1703 artius
569 1669 677 1703 ocutis
696 1676 726 1704 et
745 1671 880 1716 pectori

166 1715 328 1751 haerens.
353 1716 613 1752 Cf.}1.11·‚:9
646 1718 880 1753 bret-tanaim

166 1767 321 1809 quamvis
348 1776 478 1810 mayna
503 1767 687 1801 transibat.
803 1774 880 1802 tur-

166 1815 230 1848 bae
254 1815 497 1848 servientium.-
523 1815 618 1848 circa
639 1815 879 1849 Domitianum

166 1862 375 1907 plerumque
437 1864 579 1896 nonnisi
645 1865 879 1898 servientium

165 1911 367 1944 multitudo.
395 1911 535 1944 Tacitus
563 1913 787 1955 paucissimis
814 1925 880 1947 ex-

166 1960 296 2002 pressit
322 1969 455 1992 morem
482 1959 559 1993 illic
585 1960 742 1996 solitum.

235 2041 305 2062 uno
335 2036 395 2063 aut
421 2030 532 2063 altero
560 2031 751 2065 canicorum
771 2033 881 2066 comi-

168 2081 258 2110 tatus
269 2098 314 2103 —-
323 2079 655 2124 interpretarentur:
668 2091 777 2123 prave
789 2081 880 2114 hanc

166 2125 447 2160 moderationem
487 2128 626 2170 accepit
671 2127 724 2170 is,
775 2140 878 2173 quem

166 2178 350 2208 auctorem
386 2180 530 2208 secutus
570 2181 624 2209 est
669 2177 737 2210 Dio
788 2177 880 2221 apud

165 2221 387 2266 Xiphilinum
413 2223 518 2269 LXVI
545 2225 608 2258 20:
637 2224 655 2259 ὁ
686 2226 725 2260 δὲ
747 2227 818 2281 'Ay
822 2239 881 2270 ρι-

165 2270 279 2311 κόλας
305 2273 345 2307 ἐν
371 2284 410 2307 τε
435 2271 569 2318 (ἷτιαία
595 2269 635 2308 τὸ
662 2271 798 2310 λοιπὸν
817 2274 882 2309 τοῦ

164 2322 250 2365 βίου
276 2323 339 2354 καὶ
365 2321 406 2355 ἐν
433 2306 577 2367 tudens,
615 2320 680 2356 ‹lt-⁴2·
705 2326 770 2357 καὶ
795 2327 881 2369 μεί-

167 2372 256 2409 ζονα
284 2366 302 2410 ἢ
327 2365 423 2403 κατὰ
449 2365 665 2415 σιυατηγὸν
679 2372 881 2418 καταπρά-

166 2419 242 2458 ξας,
272 2417 387 2460 ἐᾛζησε

247 2475 314 2508 peu
351 2465 597 2500 ambitionem.-
635 2472 810 2511 quatenus
859 2479 878 2501 a

167 2513 297 2546 ceteris
324 2512 538 2547 ambiuntur.
672 2522 882 2560 quaererent

163 2562 316 2605 famam:
355 2571 424 2594 non
462 2573 659 2608 agnoscere
701 2575 740 2598 se
776 2575 881 2608 posse

165 2608 333 2644 dicebant
356 2609 419 2643 *vel
450 2610 655 2645 credebant.

234 2682 342 2727 pauci
364 2683 709 2728 interpretabantur.-
736 2683 874 2717 modico

165 2729 262 2763 cultu
292 2736 327 2764 et
354 2741 432 2764 raro
463 2733 633 2765 comitatu
659 2732 785 2765 samam
809 2742 876 2776 pc-

164 2778 221 2810 riti
242 2779 327 2812 satis
348 2779 583 2824 significatam
603 2786 874 2824 perspexerunt.

165 2824 219 2860 Cf.
245 2827 291 2860 111
313 2827 383 2862 76.
410 2829 470 2861 secl
495 2829 766 2874 praesulqebant
785 2830 876 2863 Cas-

162 2874 233 2907 sius
259 2881 360 2920 atque
387 2877 514 2910 Brutus
541 2890 578 2910 co
605 2879 678 2922 ipso
707 2878 796 2922 quod
822 2880 876 2924 ef-

160 2922 259 2968 fiyies
285 2935 402 2958 eorum
430 2936 501 2958 non
527 2927 739 2963 visebantur.

948 1622 1063 1666 ad3tis
1091 1622 1267 1658 humanae
1291 1625 1410 1666 vitae,
1436 1623 1661 1665 cuiMamer-

950 1672 1045 1704 tinus
1074 1672 1262 1716 interpres,
1282 1671 1503 1717 Panegyrico
1527 1671 1571 1706 ad
1596 1671 1660 1714 Iu-

949 1719 1082 1753 lianum
1111 1731 1140 1754 c.
1167 1720 1208 1755 4:
1245 1732 1344 1763 cum,
1377 1721 1515 1766 inquit,
1547 1719 1663 1757 sancti

944 1769 1118 1813 principis
1143 1779 1275 1803 merces
1317 1769 1488 1814 (legimus
1523 1767 1661 1810 mor’es,

950 1827 1019 1862 ego
1034 1817 1174 1864 merita)
1190 1817 1306 1862 ‘atque
1317 1818 1477 1852 instituta
1488 1817 1663 1863 salsarum

947 1866 1242 1910 vituperationum
1273 1865 1451 1900 licentiam
1475 1865 1657 1900 submove-2

948 1919 1049 1956 rent,
1087 1914 1215 1948 callido
1242 1915 1395 1948 nocendi
1419 1915 1568 1959 artifieio
1595 1925 1661 1948 ac-

949 1963 1161 1996 cusatoriam
1189 1963 1364 1997 diritatem
1388 1963 1531 1997 laudum
1553 1962 1663 1997 titulis

946 2010 1175 2056 pet-aydam,
1202 2012 1240 2044 in
1260 2012 1416 2045 omnibus
1435 2012 1662 2046 conventicu-

949 2060 992 2092 lis
1018 2059 1118 2103 quasi
1140 2070 1206 2103 per
1230 2059 1496 2094 benivolentiam
1521 2059 1586 2093 itta
1602 2059 1661 2093 ia-

950 2113 1101 2149 ctantes,
1132 2106 1292 2141 Iulianus
1319 2108 1566 2141 Alemanm’am
1596 2107 1661 2141 do-

949 2156 1047 2198 muit,
1077 2154 1239 2189 Iulianus
1264 2156 1366 2190 urbes
1395 2156 1534 2190 Galliae
1560 2157 1659 2190 exrci-

950 2204 1046 2237 tavit.
1087 2204 1284 2249 Statimque
1313 2216 1343 2239 c.
1374 2205 1422 2239 5:
1446 2205 1536 2239 haee
1559 2215 1661 2239 voces

949 2254 1092 2296 fuerunt
1119 2253 1166 2285 acl
1190 2253 1444 2298 inflammanda
1467 2254 1551 2287 odia
1571 2265 1661 2299 pro-

950 2301 1020 2334 bris
1048 2301 1204 2334 erunibus
1226 2303 1451 2346 potentiores.
1500 2302 1542 2336 Si
1566 2303 1659 2336 enim

950 2350 1164 2383 comminisci
1179 2350 1299 2394 aliqua
1310 2351 1448 2396 llaqitia
1460 2356 1661 2394 tentassent,

947 2397 1055 2442 facile
1080 2398 1155 2443 ipso
1181 2398 1365 2444 splendore
1391 2398 1507 2434 laudis
1529 2405 1560 2433 et
1583 2398 1662 2444 ylo-

947 2447 1025 2480 riae
1042 2448 1296 2490 refutarentur.
1326 2447 1539 2482 Invenerunt
1552 2459 1662 2483 aecu-

949 2494 1052 2528 sandt'
1076 2505 1183 2539 glenus
1210 2495 1299 2539 quod
1324 2495 1658 2541 nullust-eselleret’,

950 2542 1105 2577 Lirsws.

1019 2638 1056 2671 in
1086 2637 1222 2672 Moesia
1249 2638 1454 2682 Daciaque:
1480 2637 1615 2672 bellum
1641 2647 1663 2672 a

946 2685 1129 2720 Decebalo
1143 2686 1319 2720 Dacorum
1339 2687 1429 2720 «lnce
1443 2691 1576 2722 motum
1591 2686 1663 2720 cir-

948 2745 986 2767 ca
998 2745 1030 2767 a.
1044 2734 1116 2770 840
1134 2734 1271 2768 linitum
1286 2746 1317 2770 a.
1328 2735 1419 2770 844:
1448 2735 1545 2770 Suet.
1558 2734 1660 2770 Dom-

946 2782 989 2817 6:
1019 2784 1255 2828 erpeda'tlones
1280 2785 1428 2829 suscepit
1454 2805 1498 2811 —-
1527 2785 1566 2817 in
1583 2783 1662 2817 Da-

947 2842 1004 2864 cos
1015 2831 1147 2866 duas—
1154 2832 1306 2877 primam
1316 2832 1423 2878 Oppio
1434 2831 1566 2866 Sabino
1577 2841 1661 2865 con-

946 2879 1061 2912 sulari
1085 2892 1259 2926 oppresso,
1286 2880 1476 2914 secun-clam
1497 2879 1663 2914 Cornelio

949 2928 1071 2972 Fusco,
1099 2931 1281 2976 praefecto
1309 2929 1502 2964 cohortium
1514 2933 1662 2978 praeto·-
