<?xml version="1.0" encoding="UTF-8"?>
<!DOCTYPE html PUBLIC "-//W3C//DTD XHTML 1.0 Transitional//EN"
    "http://www.w3.org/TR/xhtml1/DTD/xhtml1-transitional.dtd">
<html xmlns="http://www.w3.org/1999/xhtml" xml:lang="en" lang="en">
 <head>
  <title>
</title>
<meta http-equiv="Content-Type" content="text/html;charset=utf-8" />
  <meta name='ocr-system' content='tesseract 3.04.00' />
  <meta name='ocr-capabilities' content='ocr_page ocr_carea ocr_par ocr_line ocrx_word'/>
</head>
<body>
  <div class='ocr_page' id='page_1' title='image "./operaadcodicesan03taciuoft/operaadcodicesan03taciuoft_0461.png"; bbox 0 0 1768 3216; ppageno 0'>
   <div class='ocr_carea' id='block_1_1' title="bbox 746 236 1602 275">
    <p class='ocr_par' dir='ltr' id='par_1_1' title="bbox 746 236 1602 275">
     <span class='ocr_line' id='line_1_1' title="bbox 746 236 1602 275; baseline -0.005 0"><span class='ocrx_word' id='word_1_1' title='bbox 746 239 832 275; x_wconf 69' lang='lat' dir='ltr'>CAP.</span> <span class='ocrx_word' id='word_1_2' title='bbox 861 238 968 275; x_wconf 77' lang='grc'><strong>7-8.</strong></span> <span class='ocrx_word' id='word_1_3' title='bbox 1555 236 1602 271; x_wconf 70' lang='lat'>10</span> 
     </span>
    </p>
   </div>
   <div class='ocr_carea' id='block_1_2' title="bbox 103 354 1672 783">
    <p class='ocr_par' dir='ltr' id='par_1_2' title="bbox 103 354 1672 783">
     <span class='ocr_line' id='line_1_2' title="bbox 108 354 1603 412; baseline -0.003 -13"><span class='ocrx_word' id='word_1_4' title='bbox 108 356 374 411; x_wconf 58' lang='lat' dir='ltr'>captivitate,</span> <span class='ocrx_word' id='word_1_5' title='bbox 424 369 545 411; x_wconf 83' lang='lat' dir='ltr'>quam</span> <span class='ocrx_word' id='word_1_6' title='bbox 575 357 702 412; x_wconf 81' lang='lat' dir='ltr'>longe</span> <span class='ocrx_word' id='word_1_7' title='bbox 733 356 1011 410; x_wconf 83' lang='lat' dir='ltr'>impatientius</span> <span class='ocrx_word' id='word_1_8' title='bbox 1043 354 1290 396; x_wconf 82' lang='lat' dir='ltr'>feminarum</span> <span class='ocrx_word' id='word_1_9' title='bbox 1321 364 1488 396; x_wconf 76' lang='lat' dir='ltr'>suarum</span> <span class='ocrx_word' id='word_1_10' title='bbox 1518 363 1603 394; x_wconf 81' lang='lat' dir='ltr'>no-</span> 
     </span>
     <span class='ocr_line' id='line_1_3' title="bbox 103 427 1603 484; baseline -0.002 -12"><span class='ocrx_word' id='word_1_11' title='bbox 103 431 215 473; x_wconf 88' lang='lat' dir='ltr'>mine</span> <span class='ocrx_word' id='word_1_12' title='bbox 248 433 421 484; x_wconf 89' lang='lat' dir='ltr'>timent,</span> <span class='ocrx_word' id='word_1_13' title='bbox 468 432 577 474; x_wconf 87' lang='lat' dir='ltr'>adeo</span> <span class='ocrx_word' id='word_1_14' title='bbox 606 436 650 472; x_wconf 87' lang='lat' dir='ltr'>ut</span> <span class='ocrx_word' id='word_1_15' title='bbox 689 431 901 472; x_wconf 79' lang='lat' dir='ltr'>efficacius</span> <span class='ocrx_word' id='word_1_16' title='bbox 950 430 1188 484; x_wconf 82' lang='lat' dir='ltr'>obligentur</span> <span class='ocrx_word' id='word_1_17' title='bbox 1227 428 1354 471; x_wconf 84' lang='lat' dir='ltr'>animi</span> <span class='ocrx_word' id='word_1_18' title='bbox 1393 427 1603 470; x_wconf 81' lang='lat' dir='ltr'>civitatum</span> 
     </span>
     <span class='ocr_line' id='line_1_4' title="bbox 106 502 1604 560; baseline -0.003 -13"><span class='ocrx_word' id='word_1_19' title='bbox 106 506 253 560; x_wconf 83' lang='lat' dir='ltr'>quibus</span> <span class='ocrx_word' id='word_1_20' title='bbox 284 506 392 548; x_wconf 85' lang='lat' dir='ltr'>inter</span> <span class='ocrx_word' id='word_1_21' title='bbox 409 506 578 548; x_wconf 87' lang='lat' dir='ltr'>obsides</span> <span class='ocrx_word' id='word_1_22' title='bbox 597 505 759 559; x_wconf 84' lang='lat' dir='ltr'>puellae</span> <span class='ocrx_word' id='word_1_23' title='bbox 777 517 940 559; x_wconf 86' lang='lat' dir='ltr'>quoque</span> <span class='ocrx_word' id='word_1_24' title='bbox 958 504 1122 546; x_wconf 89' lang='lat' dir='ltr'>nobiles</span> <span class='ocrx_word' id='word_1_25' title='bbox 1145 504 1410 557; x_wconf 79' lang='lat' dir='ltr'>imperantur.</span> <span class='ocrx_word' id='word_1_26' title='bbox 1459 502 1604 543; x_wconf 82' lang='lat' dir='ltr'>Inesse</span> 
     </span>
     <span class='ocr_line' id='line_1_5' title="bbox 105 565 1604 634; baseline -0.003 -13"><span class='ocrx_word' id='word_1_27' title='bbox 105 580 206 634; x_wconf 71' lang='lat' dir='ltr'>quin</span> <span class='ocrx_word' id='word_1_28' title='bbox 236 580 360 621; x_wconf 72' lang='lat' dir='ltr'>etiam</span> <span class='ocrx_word' id='word_1_29' title='bbox 391 583 580 621; x_wconf 82' lang='lat' dir='ltr'>sanctum</span> <span class='ocrx_word' id='word_1_30' title='bbox 612 579 766 632; x_wconf 86' lang='lat' dir='ltr'>aliquid</span> <span class='ocrx_word' id='word_1_31' title='bbox 803 583 844 620; x_wconf 85' lang='lat' dir='ltr'>et</span> <span class='ocrx_word' id='word_1_32' title='bbox 874 578 1091 633; x_wconf 87' lang='lat' dir='ltr'>providum</span> <span class='ocrx_word' id='word_1_33' title='bbox 1113 565 1269 631; x_wconf 77' lang='lat' dir='ltr'>putant,</span> <span class='ocrx_word' id='word_1_34' title='bbox 1302 589 1383 619; x_wconf 74' lang='lat' dir='ltr'>nee</span> <span class='ocrx_word' id='word_1_35' title='bbox 1402 580 1471 625; x_wconf 76' lang='lat' dir='ltr'>aut</span> <span class='ocrx_word' id='word_1_36' title='bbox 1493 587 1604 617; x_wconf 57' lang='lat' dir='ltr'>con-‘-</span> 
     </span>
     <span class='ocr_line' id='line_1_6' title="bbox 103 649 1672 714; baseline -0.003 -18"><span class='ocrx_word' id='word_1_37' title='bbox 103 654 198 696; x_wconf 81' lang='lat' dir='ltr'>sitia</span> <span class='ocrx_word' id='word_1_38' title='bbox 229 665 373 696; x_wconf 82' lang='lat' dir='ltr'>earum</span> <span class='ocrx_word' id='word_1_39' title='bbox 403 658 677 708; x_wconf 70' lang='lat' dir='ltr'><strong>aspernantur</strong></span> <span class='ocrx_word' id='word_1_40' title='bbox 707 658 776 695; x_wconf 86' lang='lat' dir='ltr'>aut</span> <span class='ocrx_word' id='word_1_41' title='bbox 805 665 1009 713; x_wconf 84' lang='lat' dir='ltr'>responsa</span> <span class='ocrx_word' id='word_1_42' title='bbox 1041 652 1273 707; x_wconf 77' lang='lat' dir='ltr'>negligunt.</span> <span class='ocrx_word' id='word_1_43' title='bbox 1317 651 1509 694; x_wconf 73' lang='lat' dir='ltr'>Vidimus</span> <span class='ocrx_word' id='word_1_44' title='bbox 1527 649 1635 692; x_wconf 81' lang='lat' dir='ltr'>suh⁵</span> <span class='ocrx_word' id='word_1_45' title='bbox 1666 674 1672 714; x_wconf 65' lang='lat'><em>3</em></span> 
     </span>
     <span class='ocr_line' id='line_1_7' title="bbox 106 718 1671 783; baseline -0.003 -13"><span class='ocrx_word' id='word_1_46' title='bbox 106 728 204 770; x_wconf 89' lang='lat' dir='ltr'>divo</span> <span class='ocrx_word' id='word_1_47' title='bbox 234 729 492 783; x_wconf 82' lang='lat' dir='ltr'>Vespasiano</span> <span class='ocrx_word' id='word_1_48' title='bbox 525 729 749 781; x_wconf 81' lang='lat' dir='ltr'>Veledam,</span> <span class='ocrx_word' id='word_1_49' title='bbox 795 728 866 769; x_wconf 88' lang='lat' dir='ltr'>diu</span> <span class='ocrx_word' id='word_1_50' title='bbox 906 727 1012 782; x_wconf 86' lang='lat' dir='ltr'>apud</span> <span class='ocrx_word' id='word_1_51' title='bbox 1043 727 1265 781; x_wconf 87' lang='lat' dir='ltr'>plerosque</span> <span class='ocrx_word' id='word_1_52' title='bbox 1299 725 1479 767; x_wconf 88' lang='lat' dir='ltr'>numinis</span> <span class='ocrx_word' id='word_1_53' title='bbox 1506 724 1602 766; x_wconf 87' lang='lat' dir='ltr'>loco</span> <span class='ocrx_word' id='word_1_54' title='bbox 1665 718 1671 770; x_wconf 71' lang='grc' dir='ltr'>ἶ</span> 
     </span>
    </p>
   </div>
   <div class='ocr_carea' id='block_1_3' title="bbox 240 879 1077 936">
    <p class='ocr_par' dir='ltr' id='par_1_3' title="bbox 240 879 1077 936">
     <span class='ocr_line' id='line_1_8' title="bbox 240 879 1077 936; baseline -0.002 -10"><span class='ocrx_word' id='word_1_55' title='bbox 240 893 274 927; x_wconf 86' lang='lat'>3.</span> <span class='ocrx_word' id='word_1_56' title='bbox 302 891 447 936; x_wconf 82' lang='lat' dir='ltr'>nobiles,</span> <span class='ocrx_word' id='word_1_57' title='bbox 475 903 652 936; x_wconf 72' lang='lat' dir='ltr'>super-scr.</span> <span class='ocrx_word' id='word_1_58' title='bbox 679 905 699 926; x_wconf 85' lang='grc' dir='ltr'><strong><em>υ</em></strong></span> <span class='ocrx_word' id='word_1_59' title='bbox 727 897 765 925; x_wconf 87' lang='lat' dir='ltr'>ut</span> <span class='ocrx_word' id='word_1_60' title='bbox 791 879 837 926; x_wconf 82' lang='lat' dir='ltr'>sit</span> <span class='ocrx_word' id='word_1_61' title='bbox 867 891 1013 934; x_wconf 82' lang='lat' dir='ltr'>nubiles,</span> <span class='ocrx_word' id='word_1_62' title='bbox 1041 890 1077 925; x_wconf 91' lang='lat' dir='ltr'>P.</span> 
     </span>
    </p>
   </div>
   <div class='ocr_carea' id='block_1_4' title="bbox 1184 891 1601 936">
    <p class='ocr_par' dir='ltr' id='par_1_4' title="bbox 1184 891 1601 936">
     <span class='ocr_line' id='line_1_9' title="bbox 1184 891 1601 936; baseline -0.005 -12"><span class='ocrx_word' id='word_1_63' title='bbox 1184 891 1400 936; x_wconf 77' lang='lat' dir='ltr'><em>imperentur</em></span> <span class='ocrx_word' id='word_1_64' title='bbox 1424 898 1601 933; x_wconf 80' lang='lat' dir='ltr'>superscr.</span> 
     </span>
    </p>
   </div>
   <div class='ocr_carea' id='block_1_5' title="bbox 105 938 1604 1035">
    <p class='ocr_par' dir='ltr' id='par_1_5' title="bbox 105 938 1604 1035">
     <span class='ocr_line' id='line_1_10' title="bbox 105 938 1604 985; baseline -0.003 -11"><span class='ocrx_word' id='word_1_65' title='bbox 105 950 129 974; x_wconf 87' lang='lat' dir='ltr'>a</span> <span class='ocrx_word' id='word_1_66' title='bbox 153 939 198 974; x_wconf 79' lang='lat' dir='ltr'>ab</span> <span class='ocrx_word' id='word_1_67' title='bbox 224 940 348 974; x_wconf 86' lang='lat' dir='ltr'>eadem</span> <span class='ocrx_word' id='word_1_68' title='bbox 375 952 482 974; x_wconf 90' lang='lat' dir='ltr'>manu</span> <span class='ocrx_word' id='word_1_69' title='bbox 507 941 543 974; x_wconf 84' lang='lat' dir='ltr'>P.</span> <span class='ocrx_word' id='word_1_70' title='bbox 594 941 626 975; x_wconf 87' lang='lat'>6.</span> <span class='ocrx_word' id='word_1_71' title='bbox 663 940 828 975; x_wconf 78' lang='lat' dir='ltr'><em>Veledam</em></span> <span class='ocrx_word' id='word_1_72' title='bbox 857 939 881 973; x_wconf 88' lang='lat' dir='ltr'><strong>P</strong></span> <span class='ocrx_word' id='word_1_73' title='bbox 916 941 1174 984; x_wconf 79' lang='lat' dir='ltr'>(Massmannus</span> <span class='ocrx_word' id='word_1_74' title='bbox 1201 939 1321 972; x_wconf 83' lang='lat' dir='ltr'>attulit</span> <span class='ocrx_word' id='word_1_75' title='bbox 1355 938 1525 985; x_wconf 51' lang='lat' dir='ltr'>Voled&#39;a)*.·</span> <span class='ocrx_word' id='word_1_76' title='bbox 1559 947 1604 971; x_wconf 83' lang='lat' dir='ltr'>ex</span> 
     </span>
     <span class='ocr_line' id='line_1_11' title="bbox 106 987 1471 1035; baseline -0.001 -12"><span class='ocrx_word' id='word_1_77' title='bbox 106 988 236 1023; x_wconf 88' lang='lat' dir='ltr'>ceteris</span> <span class='ocrx_word' id='word_1_78' title='bbox 271 988 435 1035; x_wconf 81' lang='lat' dir='ltr'><strong>plerique</strong></span> <span class='ocrx_word' id='word_1_79' title='bbox 472 988 653 1032; x_wconf 84' lang='lat' dir='ltr'>Veledam,</span> <span class='ocrx_word' id='word_1_80' title='bbox 690 994 729 1022; x_wconf 90' lang='lat' dir='ltr'>ut</span> <span class='ocrx_word' id='word_1_81' title='bbox 756 988 808 1023; x_wconf 66' lang='lat' dir='ltr'>Ma</span> <span class='ocrx_word' id='word_1_82' title='bbox 841 989 876 1022; x_wconf 90' lang='lat' dir='ltr'>in</span> <span class='ocrx_word' id='word_1_83' title='bbox 903 988 1070 1022; x_wconf 87' lang='lat' dir='ltr'>Historiis</span> <span class='ocrx_word' id='word_1_84' title='bbox 1096 988 1120 1022; x_wconf 85' lang='lat'><strong>4</strong></span> <span class='ocrx_word' id='word_1_85' title='bbox 1145 987 1204 1030; x_wconf 85' lang='lat'>61,</span> <span class='ocrx_word' id='word_1_86' title='bbox 1231 988 1253 1022; x_wconf 88' lang='lat'>5</span> <span class='ocrx_word' id='word_1_87' title='bbox 1279 988 1326 1023; x_wconf 81' lang='lat'>22</span> <span class='ocrx_word' id='word_1_88' title='bbox 1353 991 1389 1021; x_wconf 86' lang='lat' dir='ltr'>et</span> <span class='ocrx_word' id='word_1_89' title='bbox 1412 987 1471 1022; x_wconf 83' lang='lat'>24.</span> 
     </span>
    </p>
   </div>
   <div class='ocr_carea' id='block_1_6' title="bbox 70 1140 823 1381">
    <p class='ocr_par' dir='ltr' id='par_1_6' title="bbox 70 1140 823 1381">
     <span class='ocr_line' id='line_1_12' title="bbox 175 1140 822 1175; baseline -0.003 0"><span class='ocrx_word' id='word_1_90' title='bbox 175 1140 262 1175; x_wconf 81' lang='lat' dir='ltr'>illae</span> <span class='ocrx_word' id='word_1_91' title='bbox 289 1152 497 1175; x_wconf 66' lang='lat' dir='ltr'>ilumerare:</span> <span class='ocrx_word' id='word_1_92' title='bbox 543 1141 580 1174; x_wconf 91' lang='lat' dir='ltr'>in</span> <span class='ocrx_word' id='word_1_93' title='bbox 607 1141 632 1174; x_wconf 80' lang='lat' dir='ltr'>P</span> <span class='ocrx_word' id='word_1_94' title='bbox 659 1140 822 1174; x_wconf 78' lang='lat' dir='ltr'>adhaesit</span> 
     </span>
     <span class='ocr_line' id='line_1_13' title="bbox 106 1188 822 1234; baseline -0.003 -11"><span class='ocrx_word' id='word_1_95' title='bbox 106 1189 229 1223; x_wconf 76' lang='lat' dir='ltr'>ultima</span> <span class='ocrx_word' id='word_1_96' title='bbox 254 1190 409 1234; x_wconf 80' lang='lat' dir='ltr'>proximi</span> <span class='ocrx_word' id='word_1_97' title='bbox 449 1189 669 1233; x_wconf 79' lang='lat' dir='ltr'>pronominis</span> <span class='ocrx_word' id='word_1_98' title='bbox 703 1188 822 1222; x_wconf 84' lang='lat' dir='ltr'>littera</span> 
     </span>
     <span class='ocr_line' id='line_1_14' title="bbox 111 1237 822 1286; baseline -0.001 -14"><span class='ocrx_word' id='word_1_99' title='bbox 111 1237 212 1285; x_wconf 84' lang='lat' dir='ltr'>(illae</span> <span class='ocrx_word' id='word_1_100' title='bbox 229 1238 234 1246; x_wconf 78' lang='grc'><em>“</em></span> <span class='ocrx_word' id='word_1_101' title='bbox 252 1242 455 1286; x_wconf 69' lang='lat' dir='ltr'>enumerate)</span> <span class='ocrx_word' id='word_1_102' title='bbox 474 1265 483 1281; x_wconf 89' lang='lat'>,</span> <span class='ocrx_word' id='word_1_103' title='bbox 512 1243 550 1271; x_wconf 81' lang='lat' dir='ltr'>ut</span> <span class='ocrx_word' id='word_1_104' title='bbox 591 1237 699 1282; x_wconf 90' lang='lat' dir='ltr'>paulo</span> <span class='ocrx_word' id='word_1_105' title='bbox 740 1242 822 1271; x_wconf 88' lang='lat' dir='ltr'>ante</span> 
     </span>
     <span class='ocr_line' id='line_1_15' title="bbox 70 1283 823 1333; baseline -0.001 -13"><span class='ocrx_word' id='word_1_106' title='bbox 70 1316 73 1325; x_wconf 77' lang='grc'>,,</span> <span class='ocrx_word' id='word_1_107' title='bbox 108 1289 160 1332; x_wconf 87' lang='lat' dir='ltr'>(c.</span> <span class='ocrx_word' id='word_1_108' title='bbox 171 1286 213 1333; x_wconf 87' lang='lat'>6)</span> <span class='ocrx_word' id='word_1_109' title='bbox 223 1283 350 1332; x_wconf 57' lang='lat' dir='ltr'>,quleae</span> <span class='ocrx_word' id='word_1_110' title='bbox 359 1297 422 1332; x_wconf 86' lang='lat' dir='ltr'>pro</span> <span class='ocrx_word' id='word_1_111' title='bbox 437 1287 543 1333; x_wconf 73' lang='lat' dir='ltr'>yalea</span> <span class='ocrx_word' id='word_1_112' title='bbox 553 1292 636 1320; x_wconf 88' lang='lat' dir='ltr'>ante</span> <span class='ocrx_word' id='word_1_113' title='bbox 649 1287 736 1330; x_wconf 83' lang='lat' dir='ltr'>equi.</span> <span class='ocrx_word' id='word_1_114' title='bbox 748 1285 823 1320; x_wconf 87' lang='lat' dir='ltr'>Ne-</span> 
     </span>
     <span class='ocr_line' id='line_1_16' title="bbox 111 1334 823 1381; baseline -0.003 -12"><span class='ocrx_word' id='word_1_115' title='bbox 111 1334 304 1381; x_wconf 87' lang='lat' dir='ltr'>glexerunt</span> <span class='ocrx_word' id='word_1_116' title='bbox 328 1335 420 1370; x_wconf 86' lang='lat' dir='ltr'>hanc</span> <span class='ocrx_word' id='word_1_117' title='bbox 434 1337 645 1370; x_wconf 88' lang='lat' dir='ltr'>varietatem</span> <span class='ocrx_word' id='word_1_118' title='bbox 662 1334 823 1368; x_wconf 88' lang='lat' dir='ltr'>Trossius</span> 
     </span>
    </p>
   </div>
   <div class='ocr_carea' id='block_1_7' title="bbox 111 1383 842 1426">
    <p class='ocr_par' dir='ltr' id='par_1_7' title="bbox 111 1383 842 1426">
     <span class='ocr_line' id='line_1_17' title="bbox 111 1383 842 1426; baseline -0.003 -8"><span class='ocrx_word' id='word_1_119' title='bbox 111 1388 147 1418; x_wconf 88' lang='lat' dir='ltr'>et</span> <span class='ocrx_word' id='word_1_120' title='bbox 160 1383 417 1419; x_wconf 78' lang='lat' dir='ltr'>massmannus.</span> <span class='ocrx_word' id='word_1_121' title='bbox 446 1384 640 1418; x_wconf 83' lang='lat' dir='ltr'>Numerant</span> <span class='ocrx_word' id='word_1_122' title='bbox 660 1383 842 1426; x_wconf 87' lang='lat' dir='ltr'>vulnera,-</span> 
     </span>
    </p>
   </div>
   <div class='ocr_carea' id='block_1_8' title="bbox 108 1433 830 2547">
    <p class='ocr_par' dir='ltr' id='par_1_8' title="bbox 108 1433 830 2547">
     <span class='ocr_line' id='line_1_18' title="bbox 109 1433 823 1479; baseline -0.001 -14"><span class='ocrx_word' id='word_1_123' title='bbox 109 1436 148 1467; x_wconf 88' lang='lat' dir='ltr'>ut</span> <span class='ocrx_word' id='word_1_124' title='bbox 178 1437 375 1479; x_wconf 83' lang='lat' dir='ltr'>agnoscant</span> <span class='ocrx_word' id='word_1_125' title='bbox 411 1437 446 1466; x_wconf 88' lang='lat' dir='ltr'>et</span> <span class='ocrx_word' id='word_1_126' title='bbox 480 1434 622 1467; x_wconf 85' lang='lat' dir='ltr'>virtutis</span> <span class='ocrx_word' id='word_1_127' title='bbox 657 1433 823 1466; x_wconf 79' lang='lat' dir='ltr'>testiino-</span> 
     </span>
     <span class='ocr_line' id='line_1_19' title="bbox 108 1481 823 1527; baseline -0.001 -13"><span class='ocrx_word' id='word_1_128' title='bbox 108 1482 206 1515; x_wconf 89' lang='lat' dir='ltr'>nium</span> <span class='ocrx_word' id='word_1_129' title='bbox 235 1481 362 1525; x_wconf 81' lang='lat' dir='ltr'>edant,</span> <span class='ocrx_word' id='word_1_130' title='bbox 389 1483 532 1527; x_wconf 64' lang='lat' dir='ltr'>exigunt</span> <span class='ocrx_word' id='word_1_131' title='bbox 558 1483 718 1527; x_wconf 60' lang='lat' dir='ltr'>(prefert)</span> <span class='ocrx_word' id='word_1_132' title='bbox 745 1481 823 1514; x_wconf 86' lang='lat' dir='ltr'>sive</span> 
     </span>
     <span class='ocr_line' id='line_1_20' title="bbox 108 1529 824 1574; baseline -0.006 -10"><span class='ocrx_word' id='word_1_133' title='bbox 108 1534 330 1573; x_wconf 79' lang='lat' dir='ltr'>scrutantur,</span> <span class='ocrx_word' id='word_1_134' title='bbox 357 1535 396 1563; x_wconf 91' lang='lat' dir='ltr'>ut</span> <span class='ocrx_word' id='word_1_135' title='bbox 423 1535 643 1574; x_wconf 87' lang='lat' dir='ltr'>compertum</span> <span class='ocrx_word' id='word_1_136' title='bbox 669 1529 824 1563; x_wconf 81' lang='lat' dir='ltr'>habeant</span> 
     </span>
     <span class='ocr_line' id='line_1_21' title="bbox 110 1579 821 1623; baseline -0.001 -12"><span class='ocrx_word' id='word_1_137' title='bbox 110 1582 226 1612; x_wconf 86' lang='lat' dir='ltr'>utrum</span> <span class='ocrx_word' id='word_1_138' title='bbox 255 1580 352 1612; x_wconf 87' lang='lat' dir='ltr'>vitae</span> <span class='ocrx_word' id='word_1_139' title='bbox 379 1579 580 1623; x_wconf 87' lang='lat' dir='ltr'>periculum</span> <span class='ocrx_word' id='word_1_140' title='bbox 620 1579 666 1612; x_wconf 85' lang='lat' dir='ltr'>sit</span> <span class='ocrx_word' id='word_1_141' title='bbox 693 1588 821 1611; x_wconf 89' lang='lat' dir='ltr'>necne.</span> 
     </span>
     <span class='ocr_line' id='line_1_22' title="bbox 109 1626 823 1662; baseline -0.003 -2"><span class='ocrx_word' id='word_1_142' title='bbox 109 1627 303 1662; x_wconf 80' lang='lat' dir='ltr'>Numerant</span> <span class='ocrx_word' id='word_1_143' title='bbox 334 1627 452 1662; x_wconf 85' lang='lat' dir='ltr'>laetae</span> <span class='ocrx_word' id='word_1_144' title='bbox 487 1632 522 1661; x_wconf 83' lang='lat' dir='ltr'>et</span> <span class='ocrx_word' id='word_1_145' title='bbox 559 1638 638 1661; x_wconf 90' lang='lat' dir='ltr'>cum</span> <span class='ocrx_word' id='word_1_146' title='bbox 668 1626 823 1659; x_wconf 85' lang='lat' dir='ltr'>admira-</span> 
     </span>
     <span class='ocr_line' id='line_1_23' title="bbox 110 1674 824 1722; baseline -0.003 -13"><span class='ocrx_word' id='word_1_147' title='bbox 110 1677 229 1719; x_wconf 83' lang='lat' dir='ltr'>tione,</span> <span class='ocrx_word' id='word_1_148' title='bbox 265 1677 414 1722; x_wconf 88' lang='lat' dir='ltr'>exigunt</span> <span class='ocrx_word' id='word_1_149' title='bbox 449 1676 577 1710; x_wconf 82' lang='lat' dir='ltr'>anxiae</span> <span class='ocrx_word' id='word_1_150' title='bbox 622 1679 657 1709; x_wconf 83' lang='lat' dir='ltr'>et</span> <span class='ocrx_word' id='word_1_151' title='bbox 683 1674 824 1708; x_wconf 89' lang='lat' dir='ltr'>sollici-</span> 
     </span>
     <span class='ocr_line' id='line_1_24' title="bbox 109 1722 825 1769; baseline -0.001 -12"><span class='ocrx_word' id='word_1_152' title='bbox 109 1729 180 1759; x_wconf 87' lang='lat' dir='ltr'>tae.</span> <span class='ocrx_word' id='word_1_153' title='bbox 209 1724 261 1758; x_wconf 88' lang='lat' dir='ltr'>Ita</span> <span class='ocrx_word' id='word_1_154' title='bbox 281 1729 320 1758; x_wconf 88' lang='lat' dir='ltr'>ut</span> <span class='ocrx_word' id='word_1_155' title='bbox 343 1725 524 1769; x_wconf 82' lang='lat' dir='ltr'>capiamus</span> <span class='ocrx_word' id='word_1_156' title='bbox 550 1723 699 1758; x_wconf 87' lang='lat' dir='ltr'>suadent</span> <span class='ocrx_word' id='word_1_157' title='bbox 713 1722 825 1757; x_wconf 83' lang='lat' dir='ltr'>verba</span> 
     </span>
     <span class='ocr_line' id='line_1_25' title="bbox 111 1774 825 1819; baseline -0.003 -13"><span class='ocrx_word' id='word_1_158' title='bbox 111 1784 178 1807; x_wconf 86' lang='lat' dir='ltr'>nec</span> <span class='ocrx_word' id='word_1_159' title='bbox 210 1779 365 1819; x_wconf 83' lang='lat' dir='ltr'>pavent,</span> <span class='ocrx_word' id='word_1_160' title='bbox 419 1774 454 1807; x_wconf 90' lang='lat' dir='ltr'>id</span> <span class='ocrx_word' id='word_1_161' title='bbox 491 1777 547 1807; x_wconf 82' lang='lat' dir='ltr'>est</span> <span class='ocrx_word' id='word_1_162' title='bbox 587 1782 657 1805; x_wconf 91' lang='lat' dir='ltr'>non</span> <span class='ocrx_word' id='word_1_163' title='bbox 693 1776 825 1816; x_wconf 80' lang='lat' dir='ltr'>pavent</span> 
     </span>
     <span class='ocr_line' id='line_1_26' title="bbox 111 1819 824 1865; baseline -0.001 -10"><span class='ocrx_word' id='word_1_164' title='bbox 111 1826 268 1856; x_wconf 87' lang='lat' dir='ltr'>atrocem</span> <span class='ocrx_word' id='word_1_165' title='bbox 315 1832 389 1856; x_wconf 88' lang='lat' dir='ltr'>rem</span> <span class='ocrx_word' id='word_1_166' title='bbox 433 1821 548 1856; x_wconf 90' lang='lat' dir='ltr'>oculis</span> <span class='ocrx_word' id='word_1_167' title='bbox 594 1819 824 1865; x_wconf 84' lang='lat' dir='ltr'>perlustrare,</span> 
     </span>
     <span class='ocr_line' id='line_1_27' title="bbox 114 1869 824 1914; baseline -0.001 -11"><span class='ocrx_word' id='word_1_168' title='bbox 114 1880 198 1904; x_wconf 85' lang='lat' dir='ltr'>cura</span> <span class='ocrx_word' id='word_1_169' title='bbox 225 1874 261 1904; x_wconf 89' lang='lat' dir='ltr'>et</span> <span class='ocrx_word' id='word_1_170' title='bbox 287 1870 498 1904; x_wconf 81' lang='lat' dir='ltr'>fortitudine</span> <span class='ocrx_word' id='word_1_171' title='bbox 524 1869 717 1914; x_wconf 56' lang='lat' dir='ltr'>impulsae„</span> <span class='ocrx_word' id='word_1_172' title='bbox 762 1869 824 1902; x_wconf 91' lang='lat' dir='ltr'>Li-</span> 
     </span>
     <span class='ocr_line' id='line_1_28' title="bbox 111 1918 823 1965; baseline -0.003 -13"><span class='ocrx_word' id='word_1_173' title='bbox 111 1920 208 1963; x_wconf 85' lang='lat' dir='ltr'>psius</span> <span class='ocrx_word' id='word_1_174' title='bbox 244 1919 386 1965; x_wconf 71' lang='lat' dir='ltr'>exiyere</span> <span class='ocrx_word' id='word_1_175' title='bbox 420 1918 594 1963; x_wconf 85' lang='lat' dir='ltr'>explicuit</span> <span class='ocrx_word' id='word_1_176' title='bbox 624 1918 823 1964; x_wconf 73' lang='lat' dir='ltr'>‘requirere</span> 
     </span>
     <span class='ocr_line' id='line_1_29' title="bbox 112 1966 825 2012; baseline -0.001 -11"><span class='ocrx_word' id='word_1_177' title='bbox 112 1978 190 2001; x_wconf 85' lang='lat' dir='ltr'>cum</span> <span class='ocrx_word' id='word_1_178' title='bbox 219 1967 518 2012; x_wconf 84' lang='lat' dir='ltr'>exprobratione’.</span> <span class='ocrx_word' id='word_1_179' title='bbox 547 1966 616 2002; x_wconf 92' lang='lat' dir='ltr'>Sed</span> <span class='ocrx_word' id='word_1_180' title='bbox 643 1969 722 2012; x_wconf 92' lang='lat' dir='ltr'>quis</span> <span class='ocrx_word' id='word_1_181' title='bbox 744 1977 825 2000; x_wconf 88' lang='lat' dir='ltr'>cre-</span> 
     </span>
     <span class='ocr_line' id='line_1_30' title="bbox 113 2015 825 2050; baseline -0.004 0"><span class='ocrx_word' id='word_1_182' title='bbox 113 2015 242 2050; x_wconf 88' lang='lat' dir='ltr'>diderit</span> <span class='ocrx_word' id='word_1_183' title='bbox 278 2021 348 2050; x_wconf 86' lang='lat' dir='ltr'>tam</span> <span class='ocrx_word' id='word_1_184' title='bbox 375 2021 514 2050; x_wconf 81' lang='lat' dir='ltr'>atroces</span> <span class='ocrx_word' id='word_1_185' title='bbox 551 2020 586 2050; x_wconf 90' lang='lat' dir='ltr'>et</span> <span class='ocrx_word' id='word_1_186' title='bbox 614 2016 825 2049; x_wconf 89' lang='lat' dir='ltr'>inhumanas</span> 
     </span>
     <span class='ocr_line' id='line_1_31' title="bbox 113 2063 825 2107; baseline -0.004 -8"><span class='ocrx_word' id='word_1_187' title='bbox 113 2064 226 2099; x_wconf 80' lang='lat' dir='ltr'>ruisse</span> <span class='ocrx_word' id='word_1_188' title='bbox 258 2064 511 2099; x_wconf 86' lang='lat' dir='ltr'>Germanorum</span> <span class='ocrx_word' id='word_1_189' title='bbox 549 2063 744 2107; x_wconf 87' lang='lat' dir='ltr'>mulieres,</span> <span class='ocrx_word' id='word_1_190' title='bbox 787 2067 825 2096; x_wconf 90' lang='lat' dir='ltr'>ut</span> 
     </span>
     <span class='ocr_line' id='line_1_32' title="bbox 114 2113 825 2157; baseline -0.001 -11"><span class='ocrx_word' id='word_1_191' title='bbox 114 2117 214 2157; x_wconf 85' lang='lat' dir='ltr'>parta</span> <span class='ocrx_word' id='word_1_192' title='bbox 247 2114 400 2148; x_wconf 84' lang='lat' dir='ltr'>victoria</span> <span class='ocrx_word' id='word_1_193' title='bbox 426 2113 619 2148; x_wconf 87' lang='lat' dir='ltr'>redeuntes</span> <span class='ocrx_word' id='word_1_194' title='bbox 645 2124 689 2147; x_wconf 87' lang='lat' dir='ltr'>ex</span> <span class='ocrx_word' id='word_1_195' title='bbox 715 2122 825 2157; x_wconf 88' lang='lat' dir='ltr'>proe-</span> 
     </span>
     <span class='ocr_line' id='line_1_33' title="bbox 112 2161 826 2196; baseline -0.004 0"><span class='ocrx_word' id='word_1_196' title='bbox 112 2161 161 2196; x_wconf 88' lang='lat' dir='ltr'>lio</span> <span class='ocrx_word' id='word_1_197' title='bbox 190 2163 336 2196; x_wconf 86' lang='lat' dir='ltr'>maritos</span> <span class='ocrx_word' id='word_1_198' title='bbox 364 2162 565 2196; x_wconf 89' lang='lat' dir='ltr'>incolumes</span> <span class='ocrx_word' id='word_1_199' title='bbox 603 2161 673 2195; x_wconf 86' lang='lat' dir='ltr'>non</span> <span class='ocrx_word' id='word_1_200' title='bbox 704 2161 826 2194; x_wconf 87' lang='lat' dir='ltr'>liben-</span> 
     </span>
     <span class='ocr_line' id='line_1_34' title="bbox 113 2209 826 2256; baseline -0.003 -13"><span class='ocrx_word' id='word_1_201' title='bbox 113 2211 181 2244; x_wconf 85' lang='lat' dir='ltr'>tius</span> <span class='ocrx_word' id='word_1_202' title='bbox 220 2212 424 2255; x_wconf 85' lang='lat' dir='ltr'>aspicerent</span> <span class='ocrx_word' id='word_1_203' title='bbox 469 2221 572 2256; x_wconf 88' lang='lat' dir='ltr'>quam</span> <span class='ocrx_word' id='word_1_204' title='bbox 616 2209 826 2243; x_wconf 84' lang='lat' dir='ltr'>vulneribus</span> 
     </span>
     <span class='ocr_line' id='line_1_35' title="bbox 114 2258 824 2304; baseline -0.004 -12"><span class='ocrx_word' id='word_1_205' title='bbox 114 2259 327 2293; x_wconf 81' lang='lat' dir='ltr'>confectos?</span> <span class='ocrx_word' id='word_1_206' title='bbox 379 2258 501 2304; x_wconf 83' lang='lat' dir='ltr'>Longe</span> <span class='ocrx_word' id='word_1_207' title='bbox 546 2259 699 2302; x_wconf 85' lang='lat' dir='ltr'>repetita</span> <span class='ocrx_word' id='word_1_208' title='bbox 742 2261 824 2291; x_wconf 92' lang='lat' dir='ltr'>sunt</span> 
     </span>
     <span class='ocr_line' id='line_1_36' title="bbox 112 2306 829 2351; baseline -0.003 -11"><span class='ocrx_word' id='word_1_209' title='bbox 112 2306 139 2342; x_wconf 88' lang='lat'>1.</span> <span class='ocrx_word' id='word_1_210' title='bbox 166 2307 222 2340; x_wconf 89' lang='lat' dir='ltr'>Fr.</span> <span class='ocrx_word' id='word_1_211' title='bbox 255 2307 452 2343; x_wconf 86' lang='lat' dir='ltr'>Gronovii:</span> <span class='ocrx_word' id='word_1_212' title='bbox 483 2307 638 2351; x_wconf 74' lang='lat' dir='ltr'>‘ez-iqere</span> <span class='ocrx_word' id='word_1_213' title='bbox 665 2310 702 2338; x_wconf 87' lang='lat' dir='ltr'>ut</span> <span class='ocrx_word' id='word_1_214' title='bbox 728 2310 829 2338; x_wconf 82' lang='lat' dir='ltr'>sarta</span> 
     </span>
     <span class='ocr_line' id='line_1_37' title="bbox 115 2354 827 2401; baseline -0.004 -13"><span class='ocrx_word' id='word_1_215' title='bbox 115 2360 206 2389; x_wconf 83' lang='lat' dir='ltr'>tecta</span> <span class='ocrx_word' id='word_1_216' title='bbox 231 2355 384 2401; x_wconf 65' lang='lat' dir='ltr'>exigere,</span> <span class='ocrx_word' id='word_1_217' title='bbox 413 2355 461 2388; x_wconf 81' lang='lat' dir='ltr'>ml</span> <span class='ocrx_word' id='word_1_218' title='bbox 488 2365 655 2388; x_wconf 85' lang='lat' dir='ltr'>summam</span> <span class='ocrx_word' id='word_1_219' title='bbox 693 2354 827 2386; x_wconf 82' lang='lat' dir='ltr'>verita-</span> 
     </span>
     <span class='ocr_line' id='line_1_38' title="bbox 115 2402 829 2448; baseline -0.007 -10"><span class='ocrx_word' id='word_1_220' title='bbox 115 2410 181 2438; x_wconf 79' lang='lat' dir='ltr'>tem</span> <span class='ocrx_word' id='word_1_221' title='bbox 206 2404 261 2438; x_wconf 82' lang='lat' dir='ltr'>ius</span> <span class='ocrx_word' id='word_1_222' title='bbox 295 2404 446 2448; x_wconf 66' lang='lat' dir='ltr'>exigere.</span> <span class='ocrx_word' id='word_1_223' title='bbox 502 2402 610 2444; x_wconf 86' lang='lat' dir='ltr'>Quasi</span> <span class='ocrx_word' id='word_1_224' title='bbox 646 2407 767 2435; x_wconf 85' lang='lat' dir='ltr'>taxare</span> <span class='ocrx_word' id='word_1_225' title='bbox 794 2405 829 2434; x_wconf 89' lang='lat' dir='ltr'>ct</span> 
     </span>
     <span class='ocr_line' id='line_1_39' title="bbox 114 2450 830 2496; baseline -0.007 -10"><span class='ocrx_word' id='word_1_226' title='bbox 114 2452 196 2496; x_wconf 88' lang='lat' dir='ltr'>plus</span> <span class='ocrx_word' id='word_1_227' title='bbox 235 2457 295 2486; x_wconf 89' lang='lat' dir='ltr'>aut</span> <span class='ocrx_word' id='word_1_228' title='bbox 335 2453 452 2485; x_wconf 89' lang='lat' dir='ltr'>minus</span> <span class='ocrx_word' id='word_1_229' title='bbox 491 2452 526 2484; x_wconf 91' lang='lat' dir='ltr'>in</span> <span class='ocrx_word' id='word_1_230' title='bbox 566 2450 639 2484; x_wconf 88' lang='lat' dir='ltr'>illis</span> <span class='ocrx_word' id='word_1_231' title='bbox 685 2450 830 2484; x_wconf 86' lang='lat' dir='ltr'>virtutis</span> 
     </span>
     <span class='ocr_line' id='line_1_40' title="bbox 114 2498 336 2547; baseline 0.005 -13"><span class='ocrx_word' id='word_1_232' title='bbox 114 2498 336 2547; x_wconf 82' lang='lat' dir='ltr'>agnoscere&#39;.</span> 
     </span>
    </p>
   </div>
   <div class='ocr_carea' id='block_1_9' title="bbox 117 2569 830 2854">
    <p class='ocr_par' dir='ltr' id='par_1_9' title="bbox 117 2569 830 2854">
     <span class='ocr_line' id='line_1_41' title="bbox 167 2569 829 2617; baseline -0.009 -10"><span class='ocrx_word' id='word_1_233' title='bbox 167 2570 275 2617; x_wconf 71' lang='lat' dir='ltr'>‘Cap.</span> <span class='ocrx_word' id='word_1_234' title='bbox 302 2571 338 2606; x_wconf 88' lang='grc'>8.</span> <span class='ocrx_word' id='word_1_235' title='bbox 374 2571 563 2605; x_wconf 82' lang='lat' dir='ltr'>memoriae</span> <span class='ocrx_word' id='word_1_236' title='bbox 589 2569 751 2614; x_wconf 81' lang='lat' dir='ltr'>proditur</span> <span class='ocrx_word' id='word_1_237' title='bbox 787 2588 829 2594; x_wconf 81' lang='grc'>--</span> 
     </span>
     <span class='ocr_line' id='line_1_42' title="bbox 117 2617 829 2655; baseline -0.01 0"><span class='ocrx_word' id='word_1_238' title='bbox 117 2621 320 2655; x_wconf 76' lang='lat' dir='ltr'>restitutas.-</span> <span class='ocrx_word' id='word_1_239' title='bbox 380 2618 554 2653; x_wconf 86' lang='lat' dir='ltr'>eiusmodi</span> <span class='ocrx_word' id='word_1_240' title='bbox 619 2617 829 2651; x_wconf 87' lang='lat' dir='ltr'>feminarum</span> 
     </span>
     <span class='ocr_line' id='line_1_43' title="bbox 118 2663 830 2708; baseline -0.01 -5"><span class='ocrx_word' id='word_1_241' title='bbox 118 2664 422 2703; x_wconf 73' lang='lat' dir='ltr'>Germanicarum&#39;</span> <span class='ocrx_word' id='word_1_242' title='bbox 443 2667 605 2700; x_wconf 86' lang='lat' dir='ltr'>facinora</span> <span class='ocrx_word' id='word_1_243' title='bbox 641 2663 733 2708; x_wconf 86' lang='lat' dir='ltr'>apud</span> <span class='ocrx_word' id='word_1_244' title='bbox 768 2664 830 2697; x_wconf 83' lang='lat' dir='ltr'>Li-</span> 
     </span>
     <span class='ocr_line' id='line_1_44' title="bbox 119 2711 828 2760; baseline -0.01 -9"><span class='ocrx_word' id='word_1_245' title='bbox 119 2718 217 2751; x_wconf 89' lang='lat' dir='ltr'>vium</span> <span class='ocrx_word' id='word_1_246' title='bbox 242 2716 383 2750; x_wconf 77' lang='lat' dir='ltr'>&#39;l&#39;acitus</span> <span class='ocrx_word' id='word_1_247' title='bbox 427 2715 518 2760; x_wconf 82' lang='lat' dir='ltr'>legit</span> <span class='ocrx_word' id='word_1_248' title='bbox 550 2714 640 2748; x_wconf 89' lang='lat' dir='ltr'>libro</span> <span class='ocrx_word' id='word_1_249' title='bbox 673 2711 828 2755; x_wconf 88' lang='lat' dir='ltr'>LXVllI,</span> 
     </span>
     <span class='ocr_line' id='line_1_45' title="bbox 119 2760 830 2799; baseline -0.008 -1"><span class='ocrx_word' id='word_1_250' title='bbox 119 2770 158 2798; x_wconf 86' lang='lat' dir='ltr'>ut</span> <span class='ocrx_word' id='word_1_251' title='bbox 184 2765 271 2799; x_wconf 89' lang='lat' dir='ltr'>licet</span> <span class='ocrx_word' id='word_1_252' title='bbox 302 2764 483 2798; x_wconf 88' lang='lat' dir='ltr'>coniicere</span> <span class='ocrx_word' id='word_1_253' title='bbox 523 2773 566 2796; x_wconf 89' lang='lat' dir='ltr'>ex</span> <span class='ocrx_word' id='word_1_254' title='bbox 593 2762 703 2795; x_wconf 84' lang='lat' dir='ltr'>Mario</span> <span class='ocrx_word' id='word_1_255' title='bbox 729 2760 830 2794; x_wconf 88' lang='lat' dir='ltr'>Plut-</span> 
     </span>
     <span class='ocr_line' id='line_1_46' title="bbox 121 2808 830 2854; baseline -0.007 -7"><span class='ocrx_word' id='word_1_256' title='bbox 121 2812 218 2848; x_wconf 80' lang='lat' dir='ltr'>archi</span> <span class='ocrx_word' id='word_1_257' title='bbox 245 2825 276 2848; x_wconf 85' lang='lat' dir='ltr'>c..</span> <span class='ocrx_word' id='word_1_258' title='bbox 308 2812 351 2847; x_wconf 90' lang='lat'>19</span> <span class='ocrx_word' id='word_1_259' title='bbox 378 2816 413 2846; x_wconf 89' lang='lat' dir='ltr'>et</span> <span class='ocrx_word' id='word_1_260' title='bbox 439 2812 507 2854; x_wconf 76' lang='lat'>273</span> <span class='ocrx_word' id='word_1_261' title='bbox 544 2810 633 2844; x_wconf 89' lang='lat' dir='ltr'>adde</span> <span class='ocrx_word' id='word_1_262' title='bbox 668 2808 830 2843; x_wconf 84' lang='lat' dir='ltr'>Caesaris</span> 
     </span>
    </p>
   </div>
   <div class='ocr_carea' id='block_1_10' title="bbox 124 2932 832 3027">
    <p class='ocr_par' dir='ltr' id='par_1_10' title="bbox 124 2932 832 3027">
     <span class='ocr_line' id='line_1_47' title="bbox 207 2932 832 2978; baseline -0.008 -12"><span class='ocrx_word' id='word_1_263' title='bbox 207 2933 341 2966; x_wconf 82' lang='lat' dir='ltr'>obiectu</span> <span class='ocrx_word' id='word_1_264' title='bbox 368 2937 572 2978; x_wconf 83' lang='lat' dir='ltr'>pectorum:</span> <span class='ocrx_word' id='word_1_265' title='bbox 619 2938 692 2962; x_wconf 92' lang='lat' dir='ltr'>non</span> <span class='ocrx_word' id='word_1_266' title='bbox 731 2932 832 2973; x_wconf 85' lang='lat' dir='ltr'>terga</span> 
     </span>
     <span class='ocr_line' id='line_1_48' title="bbox 124 2971 831 3027; baseline -0.01 -11"><span class='ocrx_word' id='word_1_267' title='bbox 124 2986 266 3017; x_wconf 83' lang='lat' dir='ltr'>vertere</span> <span class='ocrx_word' id='word_1_268' title='bbox 307 2985 342 3015; x_wconf 86' lang='lat' dir='ltr'>et</span> <span class='ocrx_word' id='word_1_269' title='bbox 385 2981 512 3027; x_wconf 84' lang='lat' dir='ltr'>fugere</span> <span class='ocrx_word' id='word_1_270' title='bbox 548 2989 587 3014; x_wconf 83' lang='lat' dir='ltr'>se</span> <span class='ocrx_word' id='word_1_271' title='bbox 621 2976 718 3013; x_wconf 89' lang='lat' dir='ltr'>velle</span> <span class='ocrx_word' id='word_1_272' title='bbox 752 2971 831 3010; x_wconf 80' lang='lat' dir='ltr'>cun&#39;i</span> 
     </span>
    </p>
   </div>
   <div class='ocr_carea' id='block_1_11' title="bbox 892 1131 1605 1319">
    <p class='ocr_par' dir='ltr' id='par_1_11' title="bbox 892 1131 1605 1319">
     <span class='ocr_line' id='line_1_49' title="bbox 893 1131 1605 1180; baseline -0.006 -7"><span class='ocrx_word' id='word_1_273' title='bbox 893 1140 980 1173; x_wconf 81' lang='lat' dir='ltr'>viris</span> <span class='ocrx_word' id='word_1_274' title='bbox 1019 1138 1277 1180; x_wconf 86' lang='lat' dir='ltr'>ostendebant,</span> <span class='ocrx_word' id='word_1_275' title='bbox 1315 1135 1378 1170; x_wconf 87' lang='lat' dir='ltr'>sed</span> <span class='ocrx_word' id='word_1_276' title='bbox 1409 1131 1605 1170; x_wconf 83' lang='lat' dir='ltr'>subsistere</span> 
     </span>
     <span class='ocr_line' id='line_1_50' title="bbox 894 1185 1605 1232; baseline -0.003 -11"><span class='ocrx_word' id='word_1_277' title='bbox 894 1187 1045 1222; x_wconf 90' lang='lat' dir='ltr'>adverso</span> <span class='ocrx_word' id='word_1_278' title='bbox 1076 1192 1243 1232; x_wconf 85' lang='lat' dir='ltr'>pectore,</span> <span class='ocrx_word' id='word_1_279' title='bbox 1278 1189 1317 1218; x_wconf 82' lang='lat' dir='ltr'>ut</span> <span class='ocrx_word' id='word_1_280' title='bbox 1357 1185 1427 1218; x_wconf 86' lang='lat' dir='ltr'>nisi</span> <span class='ocrx_word' id='word_1_281' title='bbox 1463 1195 1484 1218; x_wconf 89' lang='lat' dir='ltr'>a</span> <span class='ocrx_word' id='word_1_282' title='bbox 1518 1185 1605 1219; x_wconf 85' lang='lat' dir='ltr'>viris</span> 
     </span>
     <span class='ocr_line' id='line_1_51' title="bbox 894 1233 1604 1279; baseline -0.006 -10"><span class='ocrx_word' id='word_1_283' title='bbox 894 1236 1186 1279; x_wconf 84' lang='lat' dir='ltr'>defenderentur,</span> <span class='ocrx_word' id='word_1_284' title='bbox 1215 1237 1251 1268; x_wconf 91' lang='lat' dir='ltr'>in</span> <span class='ocrx_word' id='word_1_285' title='bbox 1268 1234 1513 1278; x_wconf 78' lang='lat' dir='ltr'>captivitatem</span> <span class='ocrx_word' id='word_1_286' title='bbox 1534 1233 1604 1267; x_wconf 64' lang='lat' dir='ltr'>ho-</span> 
     </span>
     <span class='ocr_line' id='line_1_52' title="bbox 892 1284 1206 1319; baseline -0.006 0"><span class='ocrx_word' id='word_1_287' title='bbox 892 1286 998 1319; x_wconf 86' lang='lat' dir='ltr'>stium</span> <span class='ocrx_word' id='word_1_288' title='bbox 1026 1284 1206 1319; x_wconf 87' lang='lat' dir='ltr'>cederent.</span> 
     </span>
    </p>
   </div>
   <div class='ocr_carea' id='block_1_12' title="bbox 890 1355 1607 1742">
    <p class='ocr_par' dir='ltr' id='par_1_12' title="bbox 890 1355 1607 1742">
     <span class='ocr_line' id='line_1_53' title="bbox 961 1355 1605 1401; baseline -0.003 -11"><span class='ocrx_word' id='word_1_289' title='bbox 961 1356 1079 1401; x_wconf 85' lang='lat' dir='ltr'>quibus</span> <span class='ocrx_word' id='word_1_290' title='bbox 1113 1357 1208 1389; x_wconf 80' lang='lat' dir='ltr'>inter</span> <span class='ocrx_word' id='word_1_291' title='bbox 1243 1355 1377 1389; x_wconf 75' lang='lat' dir='ltr'>obsides</span> <span class='ocrx_word' id='word_1_292' title='bbox 1407 1375 1453 1380; x_wconf 87' lang='lat'>—-</span> <span class='ocrx_word' id='word_1_293' title='bbox 1493 1355 1605 1400; x_wconf 75' lang='lat' dir='ltr'>impe-</span> 
     </span>
     <span class='ocr_line' id='line_1_54' title="bbox 893 1403 1606 1450; baseline -0.004 -12"><span class='ocrx_word' id='word_1_294' title='bbox 893 1412 1042 1439; x_wconf 81' lang='lat' dir='ltr'>rantur.-</span> <span class='ocrx_word' id='word_1_295' title='bbox 1069 1405 1170 1450; x_wconf 88' lang='lat' dir='ltr'>quasi</span> <span class='ocrx_word' id='word_1_296' title='bbox 1187 1405 1408 1448; x_wconf 89' lang='lat' dir='ltr'>praeteriens</span> <span class='ocrx_word' id='word_1_297' title='bbox 1430 1403 1499 1436; x_wconf 89' lang='lat' dir='ltr'>hoc</span> <span class='ocrx_word' id='word_1_298' title='bbox 1520 1413 1606 1436; x_wconf 88' lang='lat' dir='ltr'>sua-</span> 
     </span>
     <span class='ocr_line' id='line_1_55' title="bbox 894 1451 1605 1498; baseline -0.003 -10"><span class='ocrx_word' id='word_1_299' title='bbox 894 1454 954 1488; x_wconf 88' lang='lat' dir='ltr'>det</span> <span class='ocrx_word' id='word_1_300' title='bbox 979 1454 1133 1498; x_wconf 86' lang='lat' dir='ltr'>principi</span> <span class='ocrx_word' id='word_1_301' title='bbox 1167 1457 1202 1486; x_wconf 90' lang='lat' dir='ltr'>et</span> <span class='ocrx_word' id='word_1_302' title='bbox 1241 1452 1390 1486; x_wconf 88' lang='lat' dir='ltr'>ducibus</span> <span class='ocrx_word' id='word_1_303' title='bbox 1424 1451 1605 1486; x_wconf 84' lang='lat' dir='ltr'>Romanis.</span> 
     </span>
     <span class='ocr_line' id='line_1_56' title="bbox 894 1501 1607 1548; baseline -0.004 -12"><span class='ocrx_word' id='word_1_304' title='bbox 894 1502 947 1536; x_wconf 91' lang='lat' dir='ltr'>De</span> <span class='ocrx_word' id='word_1_305' title='bbox 974 1502 1138 1548; x_wconf 86' lang='lat' dir='ltr'>Augusto</span> <span class='ocrx_word' id='word_1_306' title='bbox 1179 1501 1371 1535; x_wconf 85' lang='lat' dir='ltr'>Suetonius</span> <span class='ocrx_word' id='word_1_307' title='bbox 1406 1511 1437 1534; x_wconf 87' lang='lat' dir='ltr'>c.</span> <span class='ocrx_word' id='word_1_308' title='bbox 1465 1501 1533 1535; x_wconf 84' lang='lat'>21:</span> <span class='ocrx_word' id='word_1_309' title='bbox 1570 1505 1607 1533; x_wconf 82' lang='lat' dir='ltr'>ut</span> 
     </span>
     <span class='ocr_line' id='line_1_57' title="bbox 894 1550 1606 1594; baseline -0.007 -10"><span class='ocrx_word' id='word_1_310' title='bbox 894 1572 940 1578; x_wconf 87' lang='lat'>-—-</span> <span class='ocrx_word' id='word_1_311' title='bbox 967 1562 990 1584; x_wconf 78' lang='lat' dir='ltr'>a</span> <span class='ocrx_word' id='word_1_312' title='bbox 1024 1550 1226 1594; x_wconf 84' lang='lat' dir='ltr'>quibusdam</span> <span class='ocrx_word' id='word_1_313' title='bbox 1264 1560 1346 1583; x_wconf 86' lang='lat' dir='ltr'>vero</span> <span class='ocrx_word' id='word_1_314' title='bbox 1384 1559 1510 1581; x_wconf 83' lang='lat' dir='ltr'>novum</span> <span class='ocrx_word' id='word_1_315' title='bbox 1542 1559 1606 1593; x_wconf 71' lang='lat' dir='ltr'>ye-</span> 
     </span>
     <span class='ocr_line' id='line_1_58' title="bbox 894 1598 1607 1642; baseline -0.006 -10"><span class='ocrx_word' id='word_1_316' title='bbox 894 1612 958 1633; x_wconf 85' lang='lat' dir='ltr'>nus</span> <span class='ocrx_word' id='word_1_317' title='bbox 978 1599 1142 1641; x_wconf 82' lang='lat' dir='ltr'>obsidum,</span> <span class='ocrx_word' id='word_1_318' title='bbox 1167 1598 1331 1642; x_wconf 81' lang='lat' dir='ltr'>seminas,</span> <span class='ocrx_word' id='word_1_319' title='bbox 1360 1598 1501 1642; x_wconf 63' lang='lat' dir='ltr'>exigere</span> <span class='ocrx_word' id='word_1_320' title='bbox 1527 1602 1607 1629; x_wconf 85' lang='lat' dir='ltr'>ten-</span> 
     </span>
     <span class='ocr_line' id='line_1_59' title="bbox 895 1644 1607 1693; baseline -0.006 -11"><span class='ocrx_word' id='word_1_321' title='bbox 895 1648 1043 1690; x_wconf 83' lang='lat' dir='ltr'>taverit,</span> <span class='ocrx_word' id='word_1_322' title='bbox 1096 1646 1185 1692; x_wconf 83' lang='lat' dir='ltr'>quod</span> <span class='ocrx_word' id='word_1_323' title='bbox 1230 1647 1408 1693; x_wconf 67' lang='lat' dir='ltr'>negliqere</span> <span class='ocrx_word' id='word_1_324' title='bbox 1458 1644 1607 1678; x_wconf 81' lang='lat' dir='ltr'>marium</span> 
     </span>
     <span class='ocr_line' id='line_1_60' title="bbox 890 1695 1251 1742; baseline -0.003 -12"><span class='ocrx_word' id='word_1_325' title='bbox 890 1698 1046 1742; x_wconf 70' lang='lat' dir='ltr'>piynora</span> <span class='ocrx_word' id='word_1_326' title='bbox 1071 1695 1251 1729; x_wconf 80' lang='lat' dir='ltr'>sentiebat.</span> 
     </span>
    </p>
   </div>
   <div class='ocr_carea' id='block_1_13' title="bbox 895 1791 1611 2657">
    <p class='ocr_par' dir='ltr' id='par_1_13' title="bbox 895 1791 1611 2657">
     <span class='ocr_line' id='line_1_61' title="bbox 971 1791 1607 1835; baseline -0.006 -9"><span class='ocrx_word' id='word_1_327' title='bbox 971 1804 1037 1826; x_wconf 85' lang='lat' dir='ltr'>nec</span> <span class='ocrx_word' id='word_1_328' title='bbox 1062 1798 1122 1826; x_wconf 78' lang='lat' dir='ltr'>aut</span> <span class='ocrx_word' id='word_1_329' title='bbox 1149 1791 1299 1825; x_wconf 84' lang='lat' dir='ltr'>consilia</span> <span class='ocrx_word' id='word_1_330' title='bbox 1334 1801 1458 1824; x_wconf 83' lang='lat' dir='ltr'>earum</span> <span class='ocrx_word' id='word_1_331' title='bbox 1482 1800 1607 1835; x_wconf 74' lang='lat' dir='ltr'>asper-</span> 
     </span>
     <span class='ocr_line' id='line_1_62' title="bbox 895 1837 1606 1885; baseline -0.003 -13"><span class='ocrx_word' id='word_1_332' title='bbox 895 1847 1028 1874; x_wconf 79' lang='lat' dir='ltr'>nantur·</span> <span class='ocrx_word' id='word_1_333' title='bbox 1076 1846 1136 1874; x_wconf 83' lang='lat' dir='ltr'>aut</span> <span class='ocrx_word' id='word_1_334' title='bbox 1190 1850 1359 1885; x_wconf 76' lang='lat' dir='ltr'>responsa</span> <span class='ocrx_word' id='word_1_335' title='bbox 1398 1837 1606 1883; x_wconf 63' lang='lat' dir='ltr'>negligunt:</span> 
     </span>
     <span class='ocr_line' id='line_1_63' title="bbox 897 1885 1606 1933; baseline -0.007 -11"><span class='ocrx_word' id='word_1_336' title='bbox 897 1889 1048 1923; x_wconf 79' lang='lat' dir='ltr'>consilia</span> <span class='ocrx_word' id='word_1_337' title='bbox 1083 1893 1210 1933; x_wconf 90' lang='lat' dir='ltr'>sponte</span> <span class='ocrx_word' id='word_1_338' title='bbox 1253 1892 1288 1922; x_wconf 84' lang='lat' dir='ltr'>et</span> <span class='ocrx_word' id='word_1_339' title='bbox 1329 1887 1427 1921; x_wconf 72' lang='lat' dir='ltr'>ultro,</span> <span class='ocrx_word' id='word_1_340' title='bbox 1461 1885 1606 1928; x_wconf 82' lang='lat' dir='ltr'>dantur,</span> 
     </span>
     <span class='ocr_line' id='line_1_64' title="bbox 896 1934 1608 1983; baseline -0.007 -12"><span class='ocrx_word' id='word_1_341' title='bbox 896 1949 1066 1983; x_wconf 76' lang='lat' dir='ltr'>responsa</span> <span class='ocrx_word' id='word_1_342' title='bbox 1107 1936 1318 1983; x_wconf 78' lang='lat' dir='ltr'>rogantibus</span> <span class='ocrx_word' id='word_1_343' title='bbox 1364 1935 1408 1969; x_wconf 89' lang='lat' dir='ltr'>ab</span> <span class='ocrx_word' id='word_1_344' title='bbox 1454 1935 1500 1968; x_wconf 89' lang='lat' dir='ltr'>iis</span> <span class='ocrx_word' id='word_1_345' title='bbox 1547 1934 1608 1978; x_wconf 88' lang='lat' dir='ltr'>qui</span> 
     </span>
     <span class='ocr_line' id='line_1_65' title="bbox 897 1981 1608 2031; baseline -0.006 -13"><span class='ocrx_word' id='word_1_346' title='bbox 897 1991 1074 2031; x_wconf 82' lang='lat' dir='ltr'>tamquam</span> <span class='ocrx_word' id='word_1_347' title='bbox 1102 1986 1208 2030; x_wconf 83' lang='lat' dir='ltr'>periti</span> <span class='ocrx_word' id='word_1_348' title='bbox 1235 1984 1481 2019; x_wconf 88' lang='lat' dir='ltr'>consuluntur.</span> <span class='ocrx_word' id='word_1_349' title='bbox 1513 1981 1608 2015; x_wconf 83' lang='lat' dir='ltr'>Cae-</span> 
     </span>
     <span class='ocr_line' id='line_1_66' title="bbox 896 2031 1609 2076; baseline -0.007 -8"><span class='ocrx_word' id='word_1_350' title='bbox 896 2045 953 2068; x_wconf 87' lang='lat' dir='ltr'>sar</span> <span class='ocrx_word' id='word_1_351' title='bbox 979 2035 1018 2068; x_wconf 83' lang='grc' dir='ltr'>Β.</span> <span class='ocrx_word' id='word_1_352' title='bbox 1050 2034 1088 2068; x_wconf 92' lang='lat' dir='ltr'>G.</span> <span class='ocrx_word' id='word_1_353' title='bbox 1117 2035 1131 2068; x_wconf 92' lang='lat'>1</span> <span class='ocrx_word' id='word_1_354' title='bbox 1159 2034 1228 2070; x_wconf 82' lang='lat'>50:</span> <span class='ocrx_word' id='word_1_355' title='bbox 1270 2044 1347 2067; x_wconf 78' lang='lat' dir='ltr'>cum</span> <span class='ocrx_word' id='word_1_356' title='bbox 1385 2043 1428 2065; x_wconf 69' lang='lat' dir='ltr'>esc</span> <span class='ocrx_word' id='word_1_357' title='bbox 1463 2031 1609 2076; x_wconf 74' lang='lat' dir='ltr'>captivis</span> 
     </span>
     <span class='ocr_line' id='line_1_67' title="bbox 897 2079 1610 2128; baseline -0.008 -11"><span class='ocrx_word' id='word_1_358' title='bbox 897 2089 1081 2128; x_wconf 77' lang='lat' dir='ltr'>quaereret</span> <span class='ocrx_word' id='word_1_359' title='bbox 1117 2083 1278 2124; x_wconf 81' lang='lat' dir='ltr'>Caesar,</span> <span class='ocrx_word' id='word_1_360' title='bbox 1322 2091 1424 2126; x_wconf 82' lang='lat' dir='ltr'>quam</span> <span class='ocrx_word' id='word_1_361' title='bbox 1458 2079 1499 2112; x_wconf 81' lang='lat' dir='ltr'>ot</span> <span class='ocrx_word' id='word_1_362' title='bbox 1535 2090 1610 2112; x_wconf 86' lang='lat' dir='ltr'>rem</span> 
     </span>
     <span class='ocr_line' id='line_1_68' title="bbox 896 2129 1608 2176; baseline -0.008 -11"><span class='ocrx_word' id='word_1_363' title='bbox 896 2133 1093 2166; x_wconf 74' lang='lat' dir='ltr'>Ariovistus</span> <span class='ocrx_word' id='word_1_364' title='bbox 1116 2130 1251 2176; x_wconf 83' lang='lat' dir='ltr'>proelio</span> <span class='ocrx_word' id='word_1_365' title='bbox 1288 2141 1361 2163; x_wconf 85' lang='lat' dir='ltr'>non</span> <span class='ocrx_word' id='word_1_366' title='bbox 1399 2129 1608 2169; x_wconf 74' lang='lat' dir='ltr'>decertaret,</span> 
     </span>
     <span class='ocr_line' id='line_1_69' title="bbox 897 2175 1611 2226; baseline -0.01 -12"><span class='ocrx_word' id='word_1_367' title='bbox 897 2180 990 2213; x_wconf 79' lang='lat' dir='ltr'>hanc</span> <span class='ocrx_word' id='word_1_368' title='bbox 1016 2180 1213 2226; x_wconf 78' lang='lat' dir='ltr'>reperiebat</span> <span class='ocrx_word' id='word_1_369' title='bbox 1238 2189 1382 2212; x_wconf 81' lang='lat' dir='ltr'>causam</span> <span class='ocrx_word' id='word_1_370' title='bbox 1409 2176 1498 2221; x_wconf 83' lang='lat' dir='ltr'>quod</span> <span class='ocrx_word' id='word_1_371' title='bbox 1516 2175 1611 2220; x_wconf 76' lang='lat' dir='ltr'>apud</span> 
     </span>
     <span class='ocr_line' id='line_1_70' title="bbox 900 2225 1610 2265; baseline -0.01 -3"><span class='ocrx_word' id='word_1_372' title='bbox 900 2230 1092 2262; x_wconf 83' lang='lat' dir='ltr'>Germanos</span> <span class='ocrx_word' id='word_1_373' title='bbox 1118 2239 1161 2261; x_wconf 83' lang='lat' dir='ltr'>ea</span> <span class='ocrx_word' id='word_1_374' title='bbox 1188 2225 1397 2260; x_wconf 80' lang='lat' dir='ltr'>consuetudo</span> <span class='ocrx_word' id='word_1_375' title='bbox 1427 2229 1537 2265; x_wconf 84' lang='lat' dir='ltr'>esset,</span> <span class='ocrx_word' id='word_1_376' title='bbox 1572 2228 1610 2255; x_wconf 81' lang='lat' dir='ltr'>ut</span> 
     </span>
     <span class='ocr_line' id='line_1_71' title="bbox 897 2271 1610 2319; baseline -0.011 -9"><span class='ocrx_word' id='word_1_377' title='bbox 897 2283 1026 2310; x_wconf 81' lang='lat' dir='ltr'>matres</span> <span class='ocrx_word' id='word_1_378' title='bbox 1063 2276 1223 2319; x_wconf 75' lang='lat' dir='ltr'>[amit-iae</span> <span class='ocrx_word' id='word_1_379' title='bbox 1256 2284 1375 2307; x_wconf 81' lang='lat' dir='ltr'>eorum</span> <span class='ocrx_word' id='word_1_380' title='bbox 1401 2271 1551 2305; x_wconf 80' lang='lat' dir='ltr'>sortibus</span> <span class='ocrx_word' id='word_1_381' title='bbox 1577 2275 1610 2303; x_wconf 81' lang='lat' dir='ltr'>et</span> 
     </span>
     <span class='ocr_line' id='line_1_72' title="bbox 898 2321 1609 2361; baseline -0.011 -3"><span class='ocrx_word' id='word_1_382' title='bbox 898 2324 1207 2358; x_wconf 78' lang='lat' dir='ltr'>vaticinationibus</span> <span class='ocrx_word' id='word_1_383' title='bbox 1228 2321 1465 2361; x_wconf 76' lang='lat' dir='ltr'>declararent,</span> <span class='ocrx_word' id='word_1_384' title='bbox 1492 2324 1609 2351; x_wconf 80' lang='lat' dir='ltr'>utrum</span> 
     </span>
     <span class='ocr_line' id='line_1_73' title="bbox 895 2371 1609 2417; baseline -0.011 -11"><span class='ocrx_word' id='word_1_385' title='bbox 895 2372 1068 2417; x_wconf 80' lang='lat' dir='ltr'>proelium</span> <span class='ocrx_word' id='word_1_386' title='bbox 1089 2371 1254 2404; x_wconf 79' lang='lat' dir='ltr'>committi</span> <span class='ocrx_word' id='word_1_387' title='bbox 1269 2381 1312 2402; x_wconf 68' lang='lat' dir='ltr'>ea:</span> <span class='ocrx_word' id='word_1_388' title='bbox 1337 2379 1401 2402; x_wconf 83' lang='lat' dir='ltr'>usu</span> <span class='ocrx_word' id='word_1_389' title='bbox 1417 2372 1503 2400; x_wconf 87' lang='lat' dir='ltr'>esset</span> <span class='ocrx_word' id='word_1_390' title='bbox 1521 2376 1609 2398; x_wconf 85' lang='lat' dir='ltr'>nec-</span> 
     </span>
     <span class='ocr_line' id='line_1_74' title="bbox 898 2415 1610 2462; baseline -0.011 -8"><span class='ocrx_word' id='word_1_391' title='bbox 898 2432 964 2462; x_wconf 86' lang='lat' dir='ltr'>ne,·</span> <span class='ocrx_word' id='word_1_392' title='bbox 1000 2431 1060 2453; x_wconf 84' lang='lat' dir='ltr'>eas</span> <span class='ocrx_word' id='word_1_393' title='bbox 1087 2421 1139 2453; x_wconf 82' lang='lat' dir='ltr'>ita</span> <span class='ocrx_word' id='word_1_394' title='bbox 1176 2419 1315 2459; x_wconf 82' lang='lat' dir='ltr'>dicere,</span> <span class='ocrx_word' id='word_1_395' title='bbox 1354 2427 1426 2449; x_wconf 89' lang='lat' dir='ltr'>non</span> <span class='ocrx_word' id='word_1_396' title='bbox 1453 2426 1525 2448; x_wconf 85' lang='lat' dir='ltr'>esse</span> <span class='ocrx_word' id='word_1_397' title='bbox 1552 2415 1610 2457; x_wconf 79' lang='lat' dir='ltr'>sas</span> 
     </span>
     <span class='ocr_line' id='line_1_75' title="bbox 902 2465 1611 2513; baseline -0.011 -11"><span class='ocrx_word' id='word_1_398' title='bbox 902 2470 1094 2503; x_wconf 86' lang='lat' dir='ltr'>Germanos</span> <span class='ocrx_word' id='word_1_399' title='bbox 1118 2477 1298 2513; x_wconf 83' lang='lat' dir='ltr'>superare,</span> <span class='ocrx_word' id='word_1_400' title='bbox 1322 2465 1353 2498; x_wconf 81' lang='lat' dir='ltr'>si</span> <span class='ocrx_word' id='word_1_401' title='bbox 1379 2469 1460 2497; x_wconf 87' lang='lat' dir='ltr'>ante</span> <span class='ocrx_word' id='word_1_402' title='bbox 1485 2472 1611 2496; x_wconf 78' lang='lat' dir='ltr'>novam</span> 
     </span>
     <span class='ocr_line' id='line_1_76' title="bbox 900 2510 1610 2561; baseline -0.01 -11"><span class='ocrx_word' id='word_1_403' title='bbox 900 2517 1020 2550; x_wconf 83' lang='lat' dir='ltr'>lunam</span> <span class='ocrx_word' id='word_1_404' title='bbox 1046 2516 1180 2561; x_wconf 84' lang='lat' dir='ltr'>proelio</span> <span class='ocrx_word' id='word_1_405' title='bbox 1209 2513 1477 2548; x_wconf 78' lang='lat' dir='ltr'>contendissent.</span> <span class='ocrx_word' id='word_1_406' title='bbox 1509 2510 1610 2544; x_wconf 91' lang='lat' dir='ltr'>Adde</span> 
     </span>
     <span class='ocr_line' id='line_1_77' title="bbox 901 2556 1611 2606; baseline -0.013 -7"><span class='ocrx_word' id='word_1_407' title='bbox 901 2565 1080 2599; x_wconf 87' lang='lat' dir='ltr'>Plutarchi</span> <span class='ocrx_word' id='word_1_408' title='bbox 1107 2563 1209 2598; x_wconf 86' lang='lat' dir='ltr'>Caes.</span> <span class='ocrx_word' id='word_1_409' title='bbox 1241 2563 1306 2606; x_wconf 84' lang='lat'>19,</span> <span class='ocrx_word' id='word_1_410' title='bbox 1341 2560 1524 2596; x_wconf 84' lang='lat' dir='ltr'>Strabonis</span> <span class='ocrx_word' id='word_1_411' title='bbox 1551 2556 1611 2591; x_wconf 83' lang='lat' dir='ltr'>vn</span> 
     </span>
     <span class='ocr_line' id='line_1_78' title="bbox 901 2612 1203 2657; baseline -0.01 -7"><span class='ocrx_word' id='word_1_412' title='bbox 901 2616 924 2650; x_wconf 82' lang='lat'><strong>2</strong></span> <span class='ocrx_word' id='word_1_413' title='bbox 950 2615 986 2656; x_wconf 63' lang='grc' dir='ltr'>δ.</span> <span class='ocrx_word' id='word_1_414' title='bbox 1014 2615 1036 2649; x_wconf 80' lang='lat'>3</span> <span class='ocrx_word' id='word_1_415' title='bbox 1060 2624 1095 2657; x_wconf 84' lang='lat' dir='ltr'>p.</span> <span class='ocrx_word' id='word_1_416' title='bbox 1120 2612 1203 2649; x_wconf 77' lang='lat'>294.</span> 
     </span>
    </p>
   </div>
   <div class='ocr_carea' id='block_1_14' title="bbox 900 2677 1614 3017">
    <p class='ocr_par' dir='ltr' id='par_1_14' title="bbox 900 2677 1614 3017">
     <span class='ocr_line' id='line_1_79' title="bbox 975 2677 1610 2720; baseline -0.016 -2"><span class='ocrx_word' id='word_1_417' title='bbox 975 2684 1121 2718; x_wconf 77' lang='lat' dir='ltr'>vidimus</span> <span class='ocrx_word' id='word_1_418' title='bbox 1160 2703 1202 2708; x_wconf 90' lang='lat'>—</span> <span class='ocrx_word' id='word_1_419' title='bbox 1246 2680 1423 2720; x_wconf 81' lang='lat' dir='ltr'>Veledam,</span> <span class='ocrx_word' id='word_1_420' title='bbox 1471 2677 1530 2711; x_wconf 78' lang='lat' dir='ltr'>diu</span> <span class='ocrx_word' id='word_1_421' title='bbox 1565 2695 1610 2701; x_wconf 92' lang='lat'>—</span> 
     </span>
     <span class='ocr_line' id='line_1_80' title="bbox 900 2726 1609 2773; baseline -0.017 -6"><span class='ocrx_word' id='word_1_422' title='bbox 900 2733 1081 2766; x_wconf 83' lang='lat' dir='ltr'>habitam.-</span> <span class='ocrx_word' id='word_1_423' title='bbox 1123 2731 1174 2764; x_wconf 88' lang='lat' dir='ltr'>sic</span> <span class='ocrx_word' id='word_1_424' title='bbox 1214 2726 1504 2773; x_wconf 85' lang='lat' dir='ltr'>distinguendum</span> <span class='ocrx_word' id='word_1_425' title='bbox 1542 2728 1609 2766; x_wconf 90' lang='lat' dir='ltr'>est,</span> 
     </span>
     <span class='ocr_line' id='line_1_81' title="bbox 901 2771 1612 2823; baseline -0.013 -9"><span class='ocrx_word' id='word_1_426' title='bbox 901 2785 1075 2814; x_wconf 85' lang='lat' dir='ltr'>commate</span> <span class='ocrx_word' id='word_1_427' title='bbox 1097 2780 1213 2823; x_wconf 89' lang='lat' dir='ltr'>posito</span> <span class='ocrx_word' id='word_1_428' title='bbox 1232 2781 1311 2821; x_wconf 88' lang='lat' dir='ltr'>post</span> <span class='ocrx_word' id='word_1_429' title='bbox 1334 2774 1506 2809; x_wconf 83' lang='lat' dir='ltr'>Veledam.</span> <span class='ocrx_word' id='word_1_430' title='bbox 1542 2771 1612 2805; x_wconf 82' lang='lat' dir='ltr'>Ta-</span> 
     </span>
     <span class='ocr_line' id='line_1_82' title="bbox 902 2819 1612 2869; baseline -0.014 -7"><span class='ocrx_word' id='word_1_431' title='bbox 902 2830 994 2862; x_wconf 85' lang='lat' dir='ltr'>citus</span> <span class='ocrx_word' id='word_1_432' title='bbox 1021 2829 1136 2869; x_wconf 81' lang='lat' dir='ltr'>enim,</span> <span class='ocrx_word' id='word_1_433' title='bbox 1166 2831 1202 2858; x_wconf 88' lang='lat' dir='ltr'>ut</span> <span class='ocrx_word' id='word_1_434' title='bbox 1228 2830 1297 2858; x_wconf 83' lang='lat' dir='ltr'>tam</span> <span class='ocrx_word' id='word_1_435' title='bbox 1326 2834 1371 2857; x_wconf 89' lang='lat' dir='ltr'>ex</span> <span class='ocrx_word' id='word_1_436' title='bbox 1398 2822 1503 2855; x_wconf 86' lang='lat' dir='ltr'>huius</span> <span class='ocrx_word' id='word_1_437' title='bbox 1529 2819 1612 2854; x_wconf 86' lang='lat' dir='ltr'>libri</span> 
     </span>
     <span class='ocr_line' id='line_1_83' title="bbox 902 2871 1614 2920; baseline -0.014 -10"><span class='ocrx_word' id='word_1_438' title='bbox 902 2877 1023 2910; x_wconf 87' lang='lat' dir='ltr'>habitu</span> <span class='ocrx_word' id='word_1_439' title='bbox 1051 2885 1154 2920; x_wconf 87' lang='lat' dir='ltr'>quam</span> <span class='ocrx_word' id='word_1_440' title='bbox 1189 2884 1232 2907; x_wconf 90' lang='lat' dir='ltr'>ex</span> <span class='ocrx_word' id='word_1_441' title='bbox 1266 2871 1433 2906; x_wconf 83' lang='lat' dir='ltr'>Historiis</span> <span class='ocrx_word' id='word_1_442' title='bbox 1473 2877 1614 2914; x_wconf 88' lang='lat' dir='ltr'>cogno-</span> 
     </span>
     <span class='ocr_line' id='line_1_84' title="bbox 900 2919 1614 2967; baseline -0.014 -8"><span class='ocrx_word' id='word_1_443' title='bbox 900 2926 1029 2967; x_wconf 86' lang='lat' dir='ltr'>scitur,</span> <span class='ocrx_word' id='word_1_444' title='bbox 1069 2925 1146 2967; x_wconf 87' lang='lat' dir='ltr'>ipse</span> <span class='ocrx_word' id='word_1_445' title='bbox 1186 2920 1279 2966; x_wconf 90' lang='lat' dir='ltr'>apud</span> <span class='ocrx_word' id='word_1_446' title='bbox 1312 2919 1507 2955; x_wconf 85' lang='lat' dir='ltr'>Germanos</span> <span class='ocrx_word' id='word_1_447' title='bbox 1542 2925 1614 2950; x_wconf 85' lang='lat' dir='ltr'>non</span> 
     </span>
     <span class='ocr_line' id='line_1_85' title="bbox 901 2964 1614 3017; baseline -0.011 -10"><span class='ocrx_word' id='word_1_448' title='bbox 901 2974 990 3017; x_wconf 84' lang='lat' dir='ltr'>fuit,</span> <span class='ocrx_word' id='word_1_449' title='bbox 1026 2971 1090 3007; x_wconf 84' lang='lat' dir='ltr'>sed</span> <span class='ocrx_word' id='word_1_450' title='bbox 1118 2969 1292 3005; x_wconf 78' lang='lat' dir='ltr'>Veledam</span> <span class='ocrx_word' id='word_1_451' title='bbox 1330 2970 1367 3003; x_wconf 92' lang='lat' dir='ltr'>in</span> <span class='ocrx_word' id='word_1_452' title='bbox 1397 2966 1521 3002; x_wconf 87' lang='lat' dir='ltr'>urbem</span> <span class='ocrx_word' id='word_1_453' title='bbox 1549 2964 1614 3000; x_wconf 81' lang='lat' dir='ltr'>ad-</span> 
     </span>
    </p>
   </div>
  </div>
 </body>
</html>
