1768 3216
158 243 246 280 ‘180

753 239 814 274 DE
837 235 1071 274 'ORATORlB
1077 238 1132 274 VS

172 374 220 403 ac
251 361 363 401 vires
398 358 438 399 di
472 356 713 409 dedissent,
757 368 841 397 non
883 360 1049 410 paterer
1078 355 1279 397 immanes
1311 353 1405 395 illos
1436 356 1478 395 et
1507 352 1559 394 ad
1589 364 1670 407 pu-

171 446 295 488 gnam
327 435 446 472 natos
476 430 657 472 lacertos
688 430 856 472 levitate
889 430 1013 471 iaculi
1046 433 1114 471 aut
1144 429 1254 471 iactu
1284 427 1391 470 disci
1418 420 1665 481 vanescere,

170 507 231 548 sic
263 517 372 547 nunc
404 509 445 546 te
478 505 528 546 ab
560 504 787 560 auditoriis«
809 508 850 546 et
880 504 1049 546 theatris
1082 504 1124 544 in
1165 502 1299 544 sorum
1341 505 1381 544 et
1420 501 1472 543 ad
1516 511 1665 543 causas

168 584 207 622 et
237 580 288 621 ad
317 593 418 621 vera
451 579 609 634 proelia
640 591 764 631 voco,
799 591 891 620 cuin
923 578 1168 632 praesertim
1199 590 1252 619 ne
1283 576 1335 618 ad
1366 575 1467 618 illud
1495 575 1663 630 quidem

135 671 152 699 5
172 654 405 712 confugere
435 654 573 707 possis
604 653 713 707 quod
732 653 943 707 plerisque
963 652 1262 706 patrocinatur,
1297 654 1501 704 tamquam
1530 649 1665 691 minus

169 729 393 770 obnoxium
437 728 489 769 sit
534 727 751 770 offendere
795 730 1011 781 poetarum
1054 739 1174 780 quam
1221 729 1433 767 oratorum
1473 723 1664 767 studium.

166 802 415 845 Effervescit
447 802 556 843 enim
579 803 642 843 vis
663 802 968 856 pulcherrimae
984 805 1157 843 naturae
1188 805 1283 842 tuae
1294 813 1305 850 3
1336 812 1416 841 nec
1433 811 1509 854 pro
1527 798 1664 842 amico

164 876 331 930 atiquo,
364 876 438 918 sed
467 876 575 930 quod
607 876 884 930 periculosius
916 879 1002 927 est,
1034 887 1110 929 pro
1137 874 1294 915 Catone
1326 872 1518 915 offendis.

1577 871 1665 914 Nec

164 955 388 993 excusatur
430 950 589 992 offensa
626 950 938 991 necessitudine
980 949 1109 990 officii
1151 952 1219 990 aut
1252 947 1333 989 fide
1375 947 1664 989 advocationis

113 1040 150 1067 ιο
165 1029 234 1066 aut
264 1024 458 1066 fortuitae
485 1037 533 1065 ac
566 1024 727 1065 subitae
764 1023 958 1064 dictionis
1001 1022 1178 1076 impetu:
1228 1021 1448 1063 meditatus
1490 1020 1663 1073 videris,

164 1103 234 1140 aut
265 1098 448 1153 elegisse
477 1107 699 1152 personam
732 1097 955 1139 notabilem
989 1101 1029 1138 et
1060 1109 1151 1139 cum
1181 1096 1426 1138 auctoritate
1445 1095 1662 1137 dicturam.

287 1238 317 1269 1.
346 1235 395 1268 dii
422 1234 458 1268 P.
558 1235 640 1268 istos
667 1235 702 1268 1¹.

161 1284 356 1330 efferuescit
383 1304 427 1309 —
459 1283 605 1328 offendis
632 1282 681 1315 P:
710 1283 911 1328 effervescet
939 1301 984 1307 —
1015 1281 1168 1326 offendes
1195 1279 1232 1314 F.

763 1330 818 1364 10.
848 1341 891 1363 ac
923 1331 1119 1374 [superscr.
1147 1328 1190 1363 ab
1218 1327 1264 1362 al.
1293 1338 1338 1362 m.
1368 1330 1419 1373 et)
1449 1325 1496 1360 P:
1524 1332 1556 1361 et
1583 1327 1662 1361 edi..

161 1332 238 1366 dem
266 1343 311 1366 m.
339 1341 517 1375 superscr.
546 1336 569 1373 t,
597 1329 634 1364 P.

159 1381 277 1415 tiones
303 1384 459 1415 veteres.

161 1490 251 1527 ὄντα
293 1490 359 1526 οὐκ
399 1490 592 1537 ἀφανοῦς.
642 1491 875 1537 κομισθέηα

160 1540 201 1575 δὲ
252 1538 367 1574 αὐτὸν
415 1540 452 1577 ἐς
504 1540 654 1584 Αἰγίας
698 1538 876 1582 ὠνήσατο

160 1586 264 1626 ὅστις
298 1587 353 1632 dq'.
391 1586 519 1633 χρόνῳ
561 1586 601 1621 δὲ
633 1584 795 1632 ὕστερον
825 1587 877 1633 τῷ

159 1635 276 1682 ὅνδρι
301 1635 421 1682 τούτῳ
450 1634 605 1680 ὄνειρον
630 1638 790 1681 γίιειαι-
815 1636 874 1670 λέ-

159 1697 268 1724 οντος
306 1684 346 1719 δὲ·
382 1684 511 1724 ἔδοξεν
550 1676 623 1719 ὑπὸ
670 1687 720 1730 τῷ
762 1687 875 1731 σκίμ-

156 1733 249 1781 qod}
282 1736 538 1767 κατακεῖσθαι
575 1731 773 1779 σκύμνον,
812 1732 875 1778 ἐφ’

158 1782 186 1828 ᾧ
216 1781 422 1817 ἐκάθευδεν
451 1780 469 1815 ὁ
495 1781 772 1825 Νικόστρατος.
800 1783 874 1815 Νι-

155 1829 351 1876 κοστράτῳ
375 1830 448 1876 μὲν
466 1827 525 1870 δέ,
555 1829 603 1866 ὠς
631 1827 782 1872 ηὐξήθη,
809 1832 874 1863 καὶ

158 1877 266 1912 ἄλλαι
292 1884 396 1914 νῖκαι
426 1880 489 1911 καὶ
511 1875 766 1923 Ὀλυμπιάσιν
789 1878 872 1923 ἐγέ-

157 1939 270 1962 νοντο
319 1929 564 1970 παγκρατίου
614 1928 677 1959 καὶ
739 1924 871 1968 πάλης.

157 1973 399 2014 Quintilianus
426 1973 456 2006 ll
483 1973 506 2006 8
537 1974 599 2006 14:
640 1978 677 2005 at
713 1974 743 2006 si
765 1974 873 2016 fuerit

156 2022 214 2064 qui
239 2021 416 2054 docebitur
442 2020 514 2062 itte,
542 2031 639 2064 quem
665 2019 872 2053 adolescen-

156 2075 205 2102 tes
245 2080 362 2102 senem
409 2068 584 2109 vidimus,
632 2068 870 2110 Nicostratus,

156 2117 312 2150 omnibus
354 2117 392 2149 in
434 2127 472 2149 eo
518 2115 671 2148 docendo
714 2116 871 2160 partibus

154 2164 315 2198 similiter
350 2169 493 2206 utetur,
534 2163 725 2207 efficietque
761 2163 870 2205 illum,

155 2212 266 2255 qualis
292 2212 349 2245 hic
373 2213 439 2256 suit
470 2211 634 2244 luctando
659 2212 871 2256 pugnando-

154 2271 216 2304 que
259 2260 361 2305 (lege
394 2260 691 2305 pugnandoque),
728 2271 871 2303 quorum

152 2314 297 2352 utroque
323 2308 513 2341 certamine
529 2308 636 2341 isdem
661 2308 778 2341 diebus
807 2319 870 2341 co-

153 2357 360 2398 ronabatur,
386 2357 563 2390 invictum.
601 2355 776 2389 Lu(·ianus
804 2356 869 2389 Hi-

153 2409 239 2437 stor.
269 2414 405 2437 conscr.
434 2404 468 2439 9.

224 2474 407 2507 meditatus
431 2474 560 2507 videris
578 2501 587 2517 ‚
628 2480 688 2508 aut
726 2474 868 2519 eleqisse

157 2539 195 2546 ·—-
214 2522 405 2555 dicturam.-
433 2522 615 2555 medicatus
629 2523 758 2556 videris
779 2533 868 2556 con-

151 2571 297 2603 trarium
334 2575 388 2603 est
424 2580 543 2603 eorum
585 2581 676 2614 quae
706 2573 866 2614 proxime

152 2617 366 2652 antecedunt
390 2619 557 2663 fortuitae
584 2630 628 2651 ac
650 2618 783 2651 subitae
809 2619 865 2651 di-

153 2667 276 2700 ctionis
301 2667 451 2712 impetu,
493 2665 643 2699 alterum
671 2667 864 2699 membrum

151 2721 211 2748 aut
237 2714 379 2759 elegisse
407 2714 577 2759 (videris)
613 2734 657 2740 —
693 2714 866 2747 dicturam

150 2762 342 2805 respondet
370 2763 478 2806 priori
507 2774 572 2795 nec
595 2768 782 2795 excusatur
808 2763 865 2805 os-

150 2811 253 2854 sensa
279 2810 533 2844 necessitudine
569 2810 678 2855 officii
709 2815 769 2843 aut
797 2810 865 2853 fide

151 2857 403 2892 advocationis.
431 2858 629 2891 Theodiscc
646 2870 654 2891 z
678 2870 759 2891 man
776 2857 866 2891 siekt

151 2905 231 2938 dich
262 2906 370 2950 dasztr
397 2917 445 2938 an
475 2906 528 2939 als
555 2906 679 2940 hdttest
715 2906 760 2940 du
785 2905 864 2939 diclt

150 2953 378 2997 verterenet,
405 2953 490 2987 oder
516 2955 617 2989 einen
640 2953 755 2991 Manu
783 2965 863 2990 aus-

535 1379 666 1413 videris
697 1378 840 1424 eleyisse
870 1377 1101 1412 Puteolanus.

805 1234 839 1267 4.
870 1232 958 1267 illud
983 1232 1064 1266 FP:
1094 1233 1131 1266 id
1158 1231 1337 1266 editiones
1366 1230 1546 1275 antiquae.
1622 1231 1660 1266 7.

1309 1290 1406 1322 suae,
1437 1277 1499 1313 sed
1525 1277 1569 1312 ab
1597 1288 1662 1313 ea-

1181 1379 1236 1411 11.
1266 1376 1492 1422 auctoritate]
1521 1376 1602 1410 aitte
1622 1375 1660 1410 P.

945 1487 1116 1533 ῃειοᾶΙιΙι,
1157 1487 1220 1520 der
1247 1484 1418 1533 auffallen
1442 1484 1516 1518 und
1540 1484 1662 1518 dessen

953 1537 1065 1571 Worte
1096 1534 1249 1570 Gewicm
1277 1534 1392 1567 haben
1417 1532 1540 1567 sollen.
1588 1531 1661 1566 Pu-

943 1584 1107 1618 teolanus
1121 1589 1182 1618 aut
1202 1592 1387 1627 perperam
1400 1580 1530 1624 omisit,
1554 1579 1661 1616 Orel-

943 1633 1011 1666 lius
1039 1632 1156 1666 locum
1196 1632 1333 1665 notavit
1372 1634 1548 1674 tamquam
1577 1638 1660 1663 cor.

943 1686 1082 1725 ruptum
1101 1708 1110 1723 ‚
1137 1678 1392 1714 Doederlinius
1428 1683 1488 1712 aut
1514 1688 1559 1712 ex
1585 1677 1660 1712 dit-

942 1729 1131 1776 tographia
1156 1733 1322 1773 repetere
1346 1725 1507 1761 inclinat.

1013 1800 1097 1833 hinc
1126 1799 1277 1845 ingentis
1303 1797 1500 1839 clamores,
1534 1808 1578 1830 esc
1602 1796 1656 1831 his

941 1849 1130 1882 adsensus:
1158 1849 1193 1881 in
1217 1846 1400 1881 codicibus
1426 1845 1562 1890 aliquid
1589 1855 1656 1878 ex-

942 1896 1071 1930 cidisse
1099 1895 1326 1930 manifestum
1354 1898 1428 1928 est:
1467 1892 1503 1926 id
1536 1897 1654 1927 autem

940 1945 1052 1979 fuisse
1086 1954 1217 1978 nomen
1255 1942 1542 1984 substantivum,
1582 1950 1655 1974 non

940 1994 1117 2035 verbum,
1158 1992 1243 2026 hinc
1283 1990 1418 2036 colligo
1456 1989 1551 2035 quod
1583 1998 1656 2022 non

940 2041 1023 2074 hinc
1039 2061 1081 2067 --
1109 2041 1192 2074 hinc
1220 2040 1461 2083 subsequitur,
1487 2037 1551 2071 sed
1575 2041 1656 2081 post

940 2089 1022 2122 hinc
1065 2093 1243 2133 tamquam
1279 2089 1314 2121 in
1350 2096 1445 2120 novo
1481 2086 1655 2119 sermonis

939 2137 1096 2170 membro
1133 2148 1176 2169 eae
1215 2135 1267 2168 his
1300 2134 1476 2176 infertur3
1515 2132 1655 2166 accedit

939 2184 1033 2229 quod
1061 2184 1245 2228 epitheton
1273 2183 1425 2228 ingentis
1459 2190 1531 2214 non
1560 2180 1654 2214 bene

940 2234 1110 2266 convenit
1140 2231 1316 2266 vocabulo
1356 2230 1551 2272 adsensus,
1590 2228 1654 2264 sed

939 2281 1035 2314 aliud
1065 2286 1099 2314 ct
1125 2281 1241 2325 aptius
1257 2279 1369 2313 fuisse
1387 2281 1651 2312 commonstrat.

937 2328 1121 2362 Eiusmodi
1149 2333 1203 2362 est
1229 2327 1412 2361 clamores.
1454 2325 1561 2360 Notio
1588 2335 1653 2359 co-

938 2378 1115 2422 gitatione
1163 2374 1362 2421 supplenda
1397 2374 1561 2419 consequi
1592 2373 1652 2407 vel

933 2426 1014 2467 fieri
1039 2425 1097 2459 vel
1123 2425 1274 2458 excitari
1299 2423 1421 2457 formis
1447 2423 1531 2456 hinc
1545 2425 1652 2466 atque

938 2485 980 2506 ex
1007 2473 1061 2506 his
1082 2474 1217 2507 sontem
1245 2482 1459 2516 causamque
1475 2471 1651 2504 denotan-

936 2521 1030 2554 tibus
1057 2525 1183 2565 sponte
1209 2524 1436 2565 provocatur.
1473 2517 1527 2552 Cf.
1555 2517 1593 2552 G.
1610 2518 1650 2552 7:

935 2569 1026 2602 unde
1051 2570 1262 2614 seminarum
1280 2567 1445 2609 ululatus,
1471 2565 1564 2599 unde
1583 2576 1651 2599 va-

935 2618 1025 2661 fliius
1058 2618 1260 2662 infantium.
1324 2614 1380 2648 Fr.
1408 2615 1501 2659 Aug.
1529 2612 1650 2647 Wolfii

936 2666 1143 2699 coniectura
1170 2665 1321 2710 inqentis
1345 2663 1457 2696 exciri
1483 2661 1649 2696 Bekkero

935 2713 1081 2756 placuit.
1134 2713 1301 2747 Ceterum
1337 2711 1421 2745 hinc
1464 2715 1571 2754 atque
1607 2722 1651 2744 ex

934 2761 987 2794 Itis
1015 2771 1086 2794 non
1113 2762 1282 2794 universe
1311 2759 1354 2793 de
1382 2759 1554 2803 poematis
1587 2767 1648 2792 re..

935 2810 1086 2842 citandis
1111 2807 1320 2852 accipienda
1346 2812 1439 2850 sunt,
1466 2805 1529 2840 sed
1553 2815 1648 2839 non-

935 2858 1002 2889 nisi
1041 2857 1084 2891 de
1123 2857 1252 2890 talibus
1287 2855 1401 2897 locis,
1442 2855 1478 2887 in
1520 2854 1648 2898 quibus

934 2908 1040 2948 poeta
1066 2910 1125 2939 aut
1146 2905 1335 2939 meditatus
1352 2903 1495 2937 videtur
1515 2906 1647 2946 poten-

934 2958 987 2990 tes
1022 2953 1200 2989 lacessere
1236 2956 1297 2988 aut
1327 2951 1484 2999 elegisse
1517 2959 1645 2999 perso-
