1768 3216
166 207 241 241 840
733 207 793 242 DE
820 207 1112 244 ORATORIBVS

168 321 306 374 iudex,
341 322 504 374 quando
537 322 728 376 incipias,
759 328 799 365 et
830 338 881 367 ex
912 325 1243 381 interrogatione
1275 327 1365 368 eius
1384 327 1665 385 incipiendum

168 401 241 438 cst.
301 396 556 449 Frequenter
585 397 902 451 probationibus
935 405 975 440 et
1005 400 1178 442 testibus
1213 400 1420 443 silentium
1449 401 1665 456 impatiens

170 469 328 510 indicit.
391 469 503 511 Unus
534 470 642 513 inter
674 471 777 514 llaec
811 472 968 514 dicenti
998 478 1066 516 aut
1098 474 1201 516 alter
1224 475 1400 528 adsistit,
1435 479 1475 518 et
1500 489 1568 518 res
1590 462 1668 519 ve·-

164 543 222 584 lut
252 542 294 583 in
336 543 562 587 solitudine
607 546 755 600 agitur.
829 548 995 590 Oratori
1038 553 1171 590 autem
1217 549 1399 592 clamore
1438 550 1667 605 plausuque

132 629 267 671 5opus
309 622 372 658 est
407 622 446 659 et
484 619 594 660 velut
630 620 808 673 quodam
851 621 1039 674 theatro3
1082 623 1218 676 qualia
1260 624 1445 678 quotidie
1487 625 1666 679 antiquis

165 692 399 734 oratoribus
432 693 745 748 contingebant,
776 708 868 737 cum
900 701 959 738 tot
985 698 1140 750 pariter
1172 711 1221 739 ac
1242 702 1324 740 tarn
1347 698 1509 742 nobiles
1533 696 1666 742 l'o'rum

163 771 414 820 coartarent,
450 780 542 809 cuin
575 768 792 811 clientelae
824 783 989 825 quoque
1017 785 1066 814 ac
1099 772 1230 815 tribus
1263 787 1312 815 ac
1345 773 1666 828 municipiorum

165 841 287 882 etiam
319 842 553 896 legationes
591 856 640 885 ac
672 857 767 898 pars
790 845 932 886 ltaliae
950 847 1280 900 periclitantibus
1302 847 1539 902 adsisteret,
1573 861 1663 891 cum

163 915 203 955 in
234 916 443 970 plerisque
475 918 640 960 iudiciis
674 919 866 962 crederet
894 921 1067 975 populus
1100 922 1309 964 Romanus
1343 935 1416 964 sua
1457 922 1665 965 interesse

114 991 261 1044 mquid
295 991 560 1034 iudicaretur.
633 993 740 1035 Satis
774 999 937 1037 constat
966 996 1111 1037 Gaium
1145 995 1383 1038 Cornelium
1413 1001 1454 1038 et
1484 997 1665 1039 Marcum

165 1065 365 1107 Scaurum
398 1070 435 1106 et
478 1067 608 1108 Titum
649 1067 846 1110 Milonem
888 1074 928 1111 et
968 1071 1137 1112 Lucium
1179 1070 1360 1113 Bestiam
1401 1075 1442 1113 et
1484 1071 1666 1113 Publium

293 1245 323 1278 1.
352 1245 502 1290 quando}
545 1247 599 1290 qn'*
620 1248 861 1291 superscripto
901 1251 976 1292 ques
1004 1247 1047 1281 P:
1089 1259 1192 1293 quam
1227 1249 1364 1293 quando
1405 1260 1440 1284 v.
1477 1260 1580 1295 quam
1603 1261 1667 1284 su-

164 1293 347 1336 perposito
377 1295 458 1326 edm
483 1294 521 1335 F,
552 1305 695 1329 causam
723 1297 862 1339 qnando
888 1296 1093 1331 Waltherus
1123 1301 1158 1331 et
1185 1297 1385 1332 Bekkerus.
1488 1300 1522 1334 2.
1549 1300 1667 1344 impa-

164 1341 252 1374 tiens
280 1341 419 1374 editor:
446 1341 470 1374 P
494 1342 646 1389 pfonus,
671 1344 732 1378 alii
757 1351 940 1389 patronus.
1044 1346 1077 1381 7.
1108 1357 1152 1380 ac
1177 1347 1446 1392 municipiorum
1475 1346 1520 1380 P:
1548 1346 1609 1382 alii
1637 1353 1669 1381 et

162 1389 443 1434 nzunicipiorum.
520 1391 553 1426 9.
585 1403 651 1438 φο.
680 1404 732 1426 ro.
763 1393 799 1427 P.
884 1395 937 1429 10.
969 1394 1007 1427 C.
1039 1394 1075 1429 Ρ.
1158 1395 1207 1428 M.
1236 1394 1273 1429 P.
1352 1397 1407 1430 11.
1445 1395 1478 1430 T.
1509 1395 1543 1429 P.
1629 1395 1665 1430 L.

162 1436 198 1471 P.
273 1438 309 1471 1¹.
339 1438 375 1475 Ρ.

162 1586 444 1635 (Breeterbnden)
485 1589 652 1635 intellige
679 1591 714 1624 in
743 1596 881 1635 tempus

948 1591 1122 1637 Equidem
1150 1592 1244 1626 hunc
1276 1593 1390 1626 fuisse
1417 1593 1668 1637 corrumpendi

161 1636 248 1669 strui
280 1635 384 1669 solita
407 1663 415 1678 ‚
458 1637 611 1672 arcendo
650 1639 737 1672 solis
765 1640 880 1674 ardori

949 1641 1089 1674 modum
1137 1646 1172 1674 et
1215 1651 1442 1687 progressum
1490 1642 1666 1676 existimo.

162 1689 197 1717 et
225 1684 267 1718 ad
295 1685 552 1729 prohibendam
576 1687 740 1721 imbrium
769 1689 853 1722 vim.

234 1756 371 1799 quando
398 1757 569 1803 incipias:
611 1757 680 1792 hoc
717 1759 881 1793 acerbius

161 1803 402 1850 interrogatur
430 1817 532 1850 quam
573 1818 716 1841 causam
744 1810 881 1852 quando

161 1852 333 1898 incipias,
362 1854 455 1898 quod
485 1866 527 1888 cx
556 1856 772 1901 interpolata
799 1857 881 1890 libri

161 1899 187 1934 F
210 1903 384 1945 scriptura
411 1903 494 1937 novi
523 1903 679 1938 editores
696 1904 882 1949 (Walthe-

162 1959 233 1992 rus,
262 1949 462 1994 Belzkerus,
490 1952 761 1999 Doederlinius)
792 1965 882 1987 con-

163 1999 410 2033 cinnaverunt.
477 2000 624 2035 Scilicet
660 2003 881 2045 prooemium

161 2046 332 2079 orationis
356 2047 444 2080 adeo
474 2051 669 2082 contemnit
694 2056 729 2083 et
756 2061 880 2094 asper-

161 2098 264 2127 natur
294 2094 412 2138 iudex,
442 2101 479 2128 ut
508 2102 707 2139 oratorem,
737 2099 816 2131 dum
845 2100 880 2132 in

161 2152 204 2175 eo
232 2147 417 2184 versatur,
459 2155 502 2177 ne
531 2146 710 2189 incepisse
738 2146 879 2190 quidem

160 2190 353 2236 significet.
383 2191 547 2226 Ceterum
579 2194 794 2238 interpolata
819 2194 881 2228 illa

159 2241 335 2283 scriptura
379 2251 473 2274 nunc
511 2253 555 2275 cx
591 2243 758 2288 vestigiis
799 2243 879 2276 libri

159 2287 319 2321 melioris
361 2293 395 2322 et
430 2291 638 2335 agnoscitur
682 2296 717 2324 et
755 2292 880 2325 revin-

164 2337 266 2371 citur.

231 2408 406 2441 silentium
432 2410 617 2454 impatiens
642 2410 788 2444 indicit:
828 2412 879 2444 si-

161 2453 308 2488 lentium
338 2456 418 2489 dum
447 2457 572 2491 indicit
599 2458 706 2492 iudex
729 2459 879 2492 testibus

161 2503 203 2536 ab
242 2509 383 2538 oratore
429 2507 545 2539 citatis
565 2533 573 2548 ‚
621 2508 727 2540 etiam
774 2507 879 2541 huius

162 2562 301 2585 cursum
329 2554 477 2597 impedit
503 2554 562 2587 vel
589 2555 694 2587 sistit.
741 2555 795 2589 De
822 2557 878 2590 iu-

162 2600 237 2634 dice
264 2600 354 2635 haec
378 2602 510 2644 verba,
539 2602 686 2646 perinde
714 2608 752 2636 ut
779 2605 878 2648 prio-

160 2659 210 2692 ra,
237 2649 445 2693 accipienda
468 2661 547 2684 esse
574 2651 800 2685 manifestum
826 2658 879 2686 est

163 2702 198 2730 et
223 2698 369 2731 minime
397 2698 554 2732 dubium.
583 2698 767 2733 Adversae
794 2710 878 2743 par..

162 2747 206 2778 tis
233 2751 351 2780 orator
373 2753 568 2793 patronus,
609 2752 647 2780 ut
674 2758 737 2791 pro
762 2748 879 2793 impa-

162 2795 251 2828 tiens
275 2794 357 2828 libri
383 2796 506 2839 scripti
549 2796 725 2840 offerunt,
761 2807 878 2841 neque

163 2842 232 2876 dici
275 2849 393 2886 potest
435 2855 553 2889 neque
597 2843 681 2878 huic
725 2856 879 2889 unquam

164 2891 265 2924 licuit
291 2892 562 2935 probationibus
590 2898 625 2927 et
645 2893 797 2927 testibus
814 2893 879 2927 ad-

164 2941 313 2975 versarii
364 2942 419 2975 sui
466 2941 651 2976 silentium
705 2941 878 2977 indicere.

949 1689 1109 1723 Nominis
1139 1701 1158 1723 a
1185 1701 1242 1724 me
1268 1691 1423 1724 restituti
1451 1691 1667 1736 (impatiens)

949 1739 1059 1782 prima
1099 1738 1238 1782 syllaba
1285 1740 1319 1772 in
1358 1740 1504 1785 antiquo
1543 1749 1668 1773 exem-

949 1786 1037 1831 plari
1065 1791 1125 1820 aut
1151 1788 1286 1820 interiit
1313 1787 1436 1821 hausta
1464 1798 1483 1821 a
1507 1789 1667 1832 proxime

947 1836 1067 1879 priore
1101 1835 1219 1869 littera
1245 1848 1301 1878 m,
1342 1846 1420 1869 cum
1459 1847 1498 1870 m
1536 1839 1595 1883 (=
1619 1837 1668 1882 m)

950 1894 1119 1928 expressa
1158 1890 1276 1927 esset,
1315 1889 1375 1918 aut
1416 1885 1627 1932 consignata
1656 1891 1672 1920 ῖ

948 1932 1117 1978 neglecta
1153 1938 1207 1966 est
1241 1938 1324 1967 ante
1354 1935 1553 1977 proximum
1582 1943 1667 1968 ver-

949 1981 1030 2014 bum
1074 1982 1184 2015 idicic.
1239 1982 1309 2016 lam
1357 1981 1453 2027 quod
1491 1982 1668 2027 reliquum

950 2035 1025 2063 erat
1043 2031 1234 2077 (pat-iens)
1262 2030 1330 2064 hoc
1356 2033 1392 2064 in
1420 2030 1491 2065 fine
1516 2030 1669 2065 obscure

948 2079 1118 2121 scriptum
1153 2085 1346 2123 pal-ronus
1381 2079 1504 2113 valere
1543 2079 1668 2124 proxi-

953 2136 1029 2158 mus
1055 2127 1210 2168 scriptor
1236 2126 1401 2160 librarius
1418 2127 1583 2170 opinatus
1601 2132 1669 2160 est.

950 2174 1041 2207 Olim
1078 2175 1223 2218 patroni
1258 2184 1386 2208 nornen
1433 2185 1496 2219 pro
1547 2174 1668 2221 glossa

949 2221 1068 2255 verbis
1094 2234 1183 2255 unus
1209 2223 1302 2256 inter
1337 2223 1427 2257 haec
1453 2223 1583 2257 dicenti
1607 2229 1669 2257 aut

949 2270 1040 2304 atter
1058 2270 1196 2304 adsissit
1223 2271 1258 2304 in
1282 2273 1444 2317 margine
1461 2273 1666 2317 ascriptum,

949 2329 1031 2352 mox
1058 2320 1188 2353 ceteris
1214 2320 1385 2353 insertum
1412 2321 1577 2363 conieci,
1605 2321 1668 2355 sed

950 2367 1071 2412 glossa
1110 2372 1205 2402 esset
1240 2368 1426 2402 admodum
1463 2368 1607 2404 sinistre
1633 2374 1668 2403 et

950 2416 1041 2450 falso
1069 2420 1214 2451 attexta.

1033 2487 1158 2521 Gaium
1198 2487 1426 2522 Cornelium:
1469 2489 1667 2523 maiestatis

950 2535 1097 2568 crimine
1132 2540 1319 2569 accusatus
1362 2547 1382 2570 a
1424 2535 1460 2570 P.
1502 2536 1666 2572 Cominio

949 2582 1136 2626 Spoletino
1162 2584 1196 2617 in
1226 2584 1396 2618 iudicium
1417 2585 1517 2619 venit
1539 2595 1570 2620 a.
1582 2585 1666 2628 689,

949 2630 1119 2666 defensus
1158 2643 1177 2665 a
1208 2631 1384 2666 Cicerone
1420 2632 1555 2667 duabus
1583 2643 1666 2668 ora-

950 2680 1120 2724 tionibus,
1165 2691 1311 2725 quarum
1347 2686 1538 2725 supersunt
1565 2681 1666 2728 frag-

949 2733 1080 2762 menta.
1157 2728 1261 2764 Gonf.
1302 2728 1376 2763 Cic.
1407 2729 1506 2764 Bruti
1545 2741 1575 2764 c.
1606 2730 1663 2767 78.

1024 2847 1187 2882 Marcum
1212 2849 1409 2882 Scaurum.-
1455 2860 1476 2883 e
1501 2854 1666 2893 praetura

952 2895 1136 2930 Sardiniae
1173 2897 1448 2940 repetundarum
1483 2907 1565 2931 reus
1599 2898 1665 2932 de-

951 2943 1090 2978 serente
1117 2944 1251 2980 Triario
1277 2956 1308 2980 a.
1335 2946 1416 2989 700,
1444 2956 1464 2979 a
1490 2944 1665 2981 Cicerone
