1768 3216
735 219 823 256 Cu.
850 220 1008 256 tto—41.
1519 221 1601 260 243

103 331 210 385 pix,
254 331 366 374 nulla
397 333 440 374 in
469 339 617 377 senatu
646 336 903 388 concordia,
937 337 1048 379 nulla
1078 337 1120 378 in
1148 337 1315 380 iudiciis
1344 338 1600 392 moderatio,

102 404 214 448 nulla
241 408 503 461 superiorum
531 410 782 463 reverentia,
813 410 947 453 nullus
978 411 1291 466 magistratuum
1310 412 1473 466 modus,
1502 412 1596 455 tulit

103 479 197 522 sine
235 480 362 524 dubio
405 482 679 526 valentiorem
725 485 1026 539 eloquentiam,
1071 486 1180 528 sicut
1222 486 1445 529 indomitus
1490 499 1597 542 ager

100 553 228 596 babet
254 556 452 609 quasdam
492 558 645 600 herbas
675 558 886 602 laetiores.
951 560 1034 602 Sed
1064 572 1144 602 nec
1181 561 1283 602 tanti
1310 561 1374 603 rei
1401 560 1593 614 publicae

102 621 386 672 Gracchorum
413 631 650 686 eloquentia
688 633 764 674 fuit
805 638 850 675 ut
887 638 1097 688 pateretur
1127 639 1166 675 et
1191 635 1334 689 leges,
1374 647 1454 677 nec
1483 635 1624 677 henes

35 702 254 747 41samam
281 705 544 759 eloquentiae
559 707 707 750 Cicero
729 707 801 749 tali
832 708 945 750 exitu
974 709 1179 763 pensavit.
1212 710 1281 751 Sic
1299 721 1463 763 quoque
1480 709 1601 763 quod·

103 784 295 834 superest
323 781 480 835 antiqui
504 782 755 835 oratoribus,
787 783 935 835 forum,
968 795 1054 825 non
1082 784 1326 826 emendatae
1354 797 1434 826 nec
1461 796 1594 838 usque

103 854 156 896 ad
184 859 327 897 votum
357 857 613 910 compositae
644 857 821 899 civitatis
861 862 1147 913 argumentum
1190 862 1266 900 est.
1342 859 1443 908 Quis
1483 859 1593 900 enim

101 939 182 970 nos
209 928 392 972 advocat
420 930 502 971 nisi
532 935 603 973 aut
630 943 790 973 nocens
827 936 897 973 aut
936 932 1095 973 miser?
1170 933 1291 982 Quod
1327 933 1593 986 municipium

103 1002 146 1044 iu
172 1002 411 1046 clientelam
438 1009 624 1047 nostram
653 1006 770 1047 venit
798 1006 882 1047 nisi
912 1006 1022 1059 quod
1054 1011 1123 1048 aut
1152 1007 1315 1048 vicinus
1332 1007 1506 1060 populus
1524 1011 1595 1049 aut
1608 1017 1651 1046 to

103 1075 335 1120 domestica
365 1077 580 1121 discordia
610 1079 771 1134 agitat?
845 1079 975 1128 Quam
1017 1081 1275 1134 provinciam
1314 1084 1474 1122 tuemur
1512 1081 1596 1122 nisi

102 1151 320 1205 spoliatam
352 1154 661 1207 vexatamque?
714 1154 840 1208 Atqui
870 1154 1018 1196 melius
1052 1155 1200 1196 fuisset
1230 1167 1313 1197 non
1337 1156 1455 1209 queri
1473 1168 1595 1209 quam

102 1225 326 1269 vindicari.
401 1228 561 1278 Quodsi
601 1228 860 1270 inveniretur
900 1229 1035 1282 aliqua
1075 1230 1223 1272 civitas
1264 1231 1307 1270 in
1351 1243 1429 1283 qua
1471 1242 1594 1272 nemo

102 1305 313 1355 peccaret,
344 1313 627 1357 supervacuus
661 1307 773 1345 esset
802 1303 911 1362 inter
944 1304 1190 1345 innocentes
1221 1308 1363 1346 orator
1391 1304 1499 1346 sicut
1526 1304 1596 1346 in-

222 1479 259 1515 3.
285 1479 389 1513 sicutte*
413 1479 558 1513 domitus
582 1479 650 1522 FP,
686 1480 789 1514 sicuti
814 1479 997 1514 indomitus
1022 1478 1250 1513 Puteolanus.
1383 1480 1418 1514 4.
1452 1478 1596 1513 latiores

103 1537 184 1562 cum
212 1528 343 1562 ceteris
368 1528 411 1561 1³:
438 1528 549 1562 tacite
575 1529 731 1562 correxit
755 1527 960 1562 Rhenanus.
1053 1533 1128 1561 tuta
1152 1526 1178 1560 P
1205 1532 1240 1560 ct
1267 1527 1397 1561 ceteri:
1424 1529 1515 1561 tanti
1538 1531 1597 1560 ta-

103 1577 175 1610 cite
199 1575 406 1611 Rhenanus.
472 1588 516 1611 .r.
541 1589 577 1623 p.
605 1576 642 1611 P,
746 1578 780 1611 5.
809 1576 894 1610 bene
919 1586 1095 1620 superscr.
1123 1575 1233 1608 bonae
1259 1575 1296 1609 Ρ.
1379 1576 1413 1610 6.
1445 1578 1598 1620 forman

102 1624 150 1658 1²:
181 1626 319 1670 sanam
344 1624 568 1659 emendatum
595 1626 632 1659 in
658 1625 686 1659 F
709 1636 729 1659 a
752 1635 825 1658 sec.
855 1636 902 1659 m.
940 1629 975 1658 et
1012 1635 1031 1658 a
1058 1624 1207 1658 Mureto.
1374 1625 1407 1658 7.
1443 1624 1596 1668 antiquis

105 1683 184 1706 cum
210 1674 342 1707 ceteris
368 1672 419 1706 P:
447 1674 602 1707 correxit
622 1673 648 1708 Ι.
666 1674 723 1708 Fr.
746 1673 958 1708 Gronovius.
1034 1673 1155 1705 horum
1171 1672 1215 1705 F:
1236 1671 1261 1704 P
1283 1674 1410 1716 sonant.
1478 1683 1597 1706 emcn-

104 1721 191 1756 dare
216 1721 294 1757 FP:
322 1731 512 1756 correxere
538 1721 696 1756 Faernus
723 1727 758 1755 et
783 1721 934 1766 Lipsius.
1085 1721 1120 1754 8.
1148 1721 1192 1764 qd
1218 1722 1256 1764 (q
1281 1731 1359 1753 cum
1385 1720 1447 1754 lin.
1478 1725 1597 1754 trans-

102 1774 225 1818 versa)
253 1771 345 1804 enim
371 1770 416 1815 qd
441 1770 484 1815 (d
512 1781 591 1804 cum
623 1770 757 1804 lineola
782 1771 954 1814 superne)
991 1779 1089 1802 nemo
1114 1779 1177 1801 nos
1203 1768 1252 1801 P:
1282 1774 1481 1803 correctum
1504 1769 1599 1803 inest

101 1817 140 1853 F.
219 1819 275 1854 10.
304 1819 479 1853 civitatem
504 1829 584 1852 cnm
610 1819 740 1853 ceteris
770 1818 813 1852 1¹2
842 1816 1040 1852 clientelam
1065 1816 1247 1851 Pithoeus.

886 1950 929 1984 do
957 1949 1111 1996 agebant
1138 1959 1254 1994 eoque
1279 1949 1505 1983 reverentiae
1531 1947 1596 1982 de-

104 1951 143 1986 lii
181 1952 390 1986 coniectura
420 1952 678 1999 (sanctissimae
708 1951 817 1998 leges)
884 2000 1086 2032 trimemum
1133 2008 1197 2031 sua
1248 1997 1353 2041 cnlpa
1392 1996 1598 2031 radebant·

103 1999 352 2035 oblitteratura
377 2005 464 2035 erat.

186 2082 275 2116 quae
321 2077 416 2106 certo
458 2071 604 2118 inperio
653 2077 817 2106 contenta

101 2121 234 2165 fuerit.-
272 2124 407 2154 certum
441 2121 630 2164 imperium
661 2121 818 2165 opponi-

103 2173 161 2202 tur
185 2169 318 2202 erranti
342 2179 384 2202 ac
414 2179 530 2215 vago,
569 2169 676 2213 quale
702 2174 756 2202 est
780 2169 816 2202 in

103 2216 228 2250 liberis
246 2216 467 2258 civitatibus,
494 2218 532 2250 in
550 2216 678 2261 quibus
700 2218 817 2250 omnia

104 2274 228 2299 omnes
255 2269 404 2308 possunt
430 2269 466 2298 et
491 2274 555 2308 pro
575 2264 721 2297 arbitrio
749 2263 819 2296 ssu-

104 2313 259 2346 ctuantis
291 2311 415 2356 populi
453 2312 543 2345 nihil
579 2312 709 2345 stabile
736 2322 819 2345 cer-

103 2365 226 2395 tumve
251 2359 406 2394 obtineri
436 2365 471 2394 et
498 2361 707 2405 contingere
734 2364 819 2404 pot-

105 2414 172 2444 est.
218 2407 323 2443 Cous.
352 2408 393 2443 G.
421 2409 487 2444 32:
512 2414 644 2442 certum
667 2410 738 2441 iam
761 2407 819 2440 al-

103 2469 167 2492 veo
195 2457 356 2493 Rhenum
382 2478 425 2485 -—
458 2456 567 2502 Usipii
590 2468 635 2490 ac
663 2455 820 2490 Tencteri

105 2505 234 2542 colunt.

175 2576 307 2612 Rhodii
332 2576 497 2621 quidam.-
540 2576 586 2610 cf.
615 2575 688 2609 Cic.
717 2575 815 2608 Brut.

106 2637 137 2660 c.
167 2626 212 2660 13
242 2630 277 2659 et
302 2625 360 2660 91.

164 2695 283 2730 nullus
300 2695 568 2740 magistratuum
582 2693 721 2726 modus.-
750 2692 818 2726 hoc

106 2747 148 2782 ἐκ
162 2743 405 2790 παραλλήλου
429 2744 505 2777 eius
527 2741 702 2776 enuntiati
722 2739 818 2786 quod

106 2792 313 2835 antecedit,
347 2791 448 2826 nulla
473 2791 690 2835 superiorum
714 2800 818 2822 reve-

105 2843 235 2876 rentia.
263 2840 350 2875 Nam
377 2845 415 2874 ut
441 2837 670 2873 interioribus
695 2837 820 2871 deerat

106 2891 310 2925 reverentia
337 2889 573 2934 superiorum,
599 2888 650 2920 ita
663 2887 732 2930 ipsi
754 2896 819 2919 su-

106 2939 268 2986 periores
293 2938 373 2974 sive
397 2938 623 2983 magistratus
646 2935 818 2971 sinemo-

885 2058 966 2081 nam
986 2047 1095 2081 verba
1108 2045 1224 2080 nullus
1240 2046 1505 2091 mayistratuum
1521 2055 1599 2078 mo-

888 2096 950 2130 dus
976 2097 1024 2128 ita
1050 2095 1210 2139 accipio,
1246 2099 1283 2127 ut
1308 2094 1432 2127 vitium
1458 2094 1494 2127 in
1519 2103 1598 2127 ma-

888 2143 1095 2190 gistratibus
1123 2143 1298 2177 Maternus
1324 2143 1515 2176 notaverit.

952 2214 1047 2257 Cap.
1073 2215 1132 2247 41.
1167 2214 1219 2246 sic
1243 2223 1396 2256 quoque.-
1423 2212 1458 2245 h.
1487 2221 1517 2244 e.
1544 2211 1599 2243 sic

888 2271 1030 2306 quoque
1056 2266 1094 2293 ut
1112 2271 1205 2293 nunc
1232 2270 1289 2292 res
1314 2270 1354 2292 se
1372 2258 1492 2300 babet,
1518 2258 1598 2291 sive

888 2310 1018 2342 uostris
1043 2317 1186 2352 quoque
1214 2307 1443 2350 temporibus.
1484 2305 1519 2339 Is
1542 2305 1598 2339 si-

888 2356 1075 2402 gnificatus
1117 2355 1304 2389 adiuvatur
1343 2354 1463 2389 verbis
1508 2352 1599 2398 quod

887 2410 1040 2449 superest
1072 2405 1233 2448 antiqui,
1281 2403 1316 2436 h.
1344 2415 1376 2438 e.
1410 2401 1503 2448 quod
1534 2411 1599 2435 su-

888 2458 1006 2496 perest
1035 2463 1079 2486 ex
1106 2462 1196 2486 aevo
1224 2452 1354 2495 priore.
1462 2453 1597 2495 somn:

888 2501 975 2534 dicit
1010 2511 1134 2534 causas
1172 2500 1334 2534 forenses
1370 2504 1406 2533 et
1441 2500 1598 2543 privatas

888 2550 995 2583 etiam
1021 2553 1093 2582 tum
1121 2550 1155 2582 in
1185 2549 1261 2582 soro
1287 2547 1436 2581 iudicari
1459 2546 1596 2581 solitas.

960 2625 1020 2654 aut
1054 2630 1183 2653 nocens
1209 2625 1269 2652 aut
1292 2619 1418 2652 miser.-
1453 2617 1512 2661 qui
1537 2616 1596 2648 in-

889 2669 1014 2702 iuriam
1041 2667 1126 2701 facit
1151 2672 1209 2700 aut
1239 2668 1380 2710 patitur.
1464 2666 1502 2697 in
1528 2663 1596 2697 cli-

889 2715 1037 2750 entelam
1062 2722 1237 2749 nostram:
1264 2714 1308 2748 cf.
1338 2725 1368 2747 c.
1395 2713 1429 2746 3.

960 2787 1079 2830 quodsi
1103 2785 1319 2818 inveniretur
1352 2804 1397 2810 —-
1421 2781 1598 2815 medicus:

888 2834 1065 2869 desiderat
1089 2838 1193 2877 poeta
1218 2837 1360 2874 statum,
1387 2829 1501 2876 qualis
1528 2829 1599 2863 fuit

888 2883 979 2927 apud
1004 2882 1263 2916 vetustissimos
1302 2879 1503 2913 mortalium
1529 2886 1599 2911 au-

888 2943 949 2967 rea
975 2935 1091 2967 aetate
1115 2929 1356 2977 gaudentium.
1416 2925 1523 2963 Gont.
1546 2923 1600 2962 111
