<?xml version="1.0" encoding="UTF-8"?>
<!DOCTYPE html PUBLIC "-//W3C//DTD XHTML 1.0 Transitional//EN"
    "http://www.w3.org/TR/xhtml1/DTD/xhtml1-transitional.dtd">
<html xmlns="http://www.w3.org/1999/xhtml" xml:lang="en" lang="en">
 <head>
  <title>
</title>
<meta http-equiv="Content-Type" content="text/html;charset=utf-8" />
  <meta name='ocr-system' content='tesseract 3.04.00' />
  <meta name='ocr-capabilities' content='ocr_page ocr_carea ocr_par ocr_line ocrx_word'/>
</head>
<body>
  <div class='ocr_page' id='page_1' title='image "./operaadcodicesan03taciuoft/operaadcodicesan03taciuoft_0539.png"; bbox 0 0 1768 3216; ppageno 0'>
   <div class='ocr_carea' id='block_1_1' title="bbox 96 892 208 931">
    <p class='ocr_par' dir='ltr' id='par_1_1' title="bbox 96 892 208 931">
     <span class='ocr_line' id='line_1_1' title="bbox 96 892 208 931; baseline -0.009 0"><span class='ocrx_word' id='word_1_1' title='bbox 96 892 208 931; x_wconf 43' lang='lat' dir='ltr'><strong>ow</strong></span> 
     </span>
    </p>
   </div>
   <div class='ocr_carea' id='block_1_2' title="bbox 299 238 985 276">
    <p class='ocr_par' dir='ltr' id='par_1_2' title="bbox 299 238 985 276">
     <span class='ocr_line' id='line_1_2' title="bbox 299 238 985 276; baseline 0.004 -3"><span class='ocrx_word' id='word_1_2' title='bbox 299 238 311 259; x_wconf 89' lang='lat'><strong><em>¹</em></strong></span> <span class='ocrx_word' id='word_1_3' title='bbox 761 239 850 276; x_wconf 57' lang='lat' dir='ltr'><strong>Car.</strong></span> <span class='ocrx_word' id='word_1_4' title='bbox 878 240 985 276; x_wconf 81' lang='lat'><strong>7-9,</strong></span> 
     </span>
    </p>
   </div>
   <div class='ocr_carea' id='block_1_3' title="bbox 954 162 973 170">
    <p class='ocr_par' dir='ltr' id='par_1_3' title="bbox 954 162 973 170">
     <span class='ocr_line' id='line_1_3' title="bbox 954 162 973 170; baseline 0 0"><span class='ocrx_word' id='word_1_5' title='bbox 954 162 973 170; x_wconf 54' lang='grc' dir='ltr'>ᾳ</span> 
     </span>
    </p>
   </div>
   <div class='ocr_carea' id='block_1_4' title="bbox 1579 240 1629 276">
    <p class='ocr_par' dir='ltr' id='par_1_4' title="bbox 1579 240 1629 276">
     <span class='ocr_line' id='line_1_4' title="bbox 1579 240 1629 276; baseline 0 0"><span class='ocrx_word' id='word_1_6' title='bbox 1579 240 1629 276; x_wconf 75' lang='lat'><strong>9⁸7</strong></span> 
     </span>
    </p>
   </div>
   <div class='ocr_carea' id='block_1_5' title="bbox 134 342 1639 637">
    <p class='ocr_par' dir='ltr' id='par_1_5' title="bbox 134 342 1639 637">
     <span class='ocr_line' id='line_1_5' title="bbox 135 342 1634 418; baseline -0.001 -16"><span class='ocrx_word' id='word_1_7' title='bbox 135 354 220 402; x_wconf 68' lang='lat' dir='ltr'><strong>sad</strong></span> <span class='ocrx_word' id='word_1_8' title='bbox 262 355 396 411; x_wconf 89' lang='lat' dir='ltr'><strong>primo</strong></span> <span class='ocrx_word' id='word_1_9' title='bbox 427 357 604 418; x_wconf 70' lang='lat' dir='ltr'><strong>Cerialis</strong></span> <span class='ocrx_word' id='word_1_10' title='bbox 633 357 802 400; x_wconf 83' lang='lat' dir='ltr'><strong>labores</strong></span> <span class='ocrx_word' id='word_1_11' title='bbox 833 358 958 401; x_wconf 90' lang='lat' dir='ltr'><strong>modo</strong></span> <span class='ocrx_word' id='word_1_12' title='bbox 990 362 1033 401; x_wconf 82' lang='lat' dir='ltr'><strong>et</strong></span> <span class='ocrx_word' id='word_1_13' title='bbox 1061 357 1319 411; x_wconf 84' lang='lat' dir='ltr'><strong>discrimina,</strong></span> <span class='ocrx_word' id='word_1_14' title='bbox 1348 342 1450 401; x_wconf 79' lang='lat' dir='ltr'><strong>mox</strong></span> <span class='ocrx_word' id='word_1_15' title='bbox 1476 361 1519 400; x_wconf 84' lang='lat' dir='ltr'><strong>et</strong></span> <span class='ocrx_word' id='word_1_16' title='bbox 1535 356 1634 413; x_wconf 89' lang='lat' dir='ltr'><strong>glo-</strong></span> 
     </span>
     <span class='ocr_line' id='line_1_6' title="bbox 134 430 1634 489; baseline 0.002 -16"><span class='ocrx_word' id='word_1_17' title='bbox 134 430 241 474; x_wconf 70' lang='lat' dir='ltr'><strong>rium</strong></span> <span class='ocrx_word' id='word_1_18' title='bbox 272 432 627 475; x_wconf 80' lang='lat' dir='ltr'><strong>communicabat:</strong></span> <span class='ocrx_word' id='word_1_19' title='bbox 677 446 806 488; x_wconf 82' lang='lat' dir='ltr'>saepe</span> <span class='ocrx_word' id='word_1_20' title='bbox 834 434 942 489; x_wconf 83' lang='lat' dir='ltr'><strong>parti</strong></span> <span class='ocrx_word' id='word_1_21' title='bbox 963 434 1186 488; x_wconf 63' lang='lat' dir='ltr'><strong>&gt;exercitus</strong></span> <span class='ocrx_word' id='word_1_22' title='bbox 1214 434 1259 476; x_wconf 87' lang='lat' dir='ltr'><strong>iu</strong></span> <span class='ocrx_word' id='word_1_23' title='bbox 1291 434 1634 489; x_wconf 83' lang='lat' dir='ltr'><strong>experimentum,</strong></span> 
     </span>
     <span class='ocr_line' id='line_1_7' title="bbox 138 505 1634 564; baseline 0.001 -17"><span class='ocrx_word' id='word_1_24' title='bbox 138 505 362 560; x_wconf 78' lang='lat' dir='ltr'><strong>aliqnando</strong></span> <span class='ocrx_word' id='word_1_25' title='bbox 391 507 620 550; x_wconf 86' lang='lat' dir='ltr'><strong>maioribus</strong></span> <span class='ocrx_word' id='word_1_26' title='bbox 652 508 786 562; x_wconf 88' lang='lat' dir='ltr'><strong>copiis</strong></span> <span class='ocrx_word' id='word_1_27' title='bbox 816 521 870 550; x_wconf 86' lang='lat' dir='ltr'><strong>ex</strong></span> <span class='ocrx_word' id='word_1_28' title='bbox 888 513 1040 551; x_wconf 87' lang='lat' dir='ltr'><strong>eventu</strong></span> <span class='ocrx_word' id='word_1_29' title='bbox 1060 509 1278 562; x_wconf 74' lang='lat' dir='ltr'><strong>praefecit.</strong></span> <span class='ocrx_word' id='word_1_30' title='bbox 1323 509 1412 551; x_wconf 84' lang='lat' dir='ltr'><strong>Nec</strong></span> <span class='ocrx_word' id='word_1_31' title='bbox 1430 506 1634 564; x_wconf 83' lang='lat' dir='ltr'><strong>Agricola</strong></span> 
     </span>
     <span class='ocr_line' id='line_1_8' title="bbox 138 581 1639 637; baseline 0 -11"><span class='ocrx_word' id='word_1_32' title='bbox 138 590 319 634; x_wconf 72' lang='lat' dir='ltr'><strong>unquam</strong></span> <span class='ocrx_word' id='word_1_33' title='bbox 366 581 410 622; x_wconf 92' lang='lat' dir='ltr'><strong>in</strong></span> <span class='ocrx_word' id='word_1_34' title='bbox 448 593 564 624; x_wconf 88' lang='lat' dir='ltr'><strong>suam</strong></span> <span class='ocrx_word' id='word_1_35' title='bbox 607 582 758 624; x_wconf 87' lang='lat' dir='ltr'><strong>samam</strong></span> <span class='ocrx_word' id='word_1_36' title='bbox 801 583 934 637; x_wconf 86' lang='lat' dir='ltr'><strong>gestis</strong></span> <span class='ocrx_word' id='word_1_37' title='bbox 974 582 1196 625; x_wconf 78' lang='lat' dir='ltr'><strong>exultavit:</strong></span> <span class='ocrx_word' id='word_1_38' title='bbox 1240 582 1293 625; x_wconf 91' lang='lat' dir='ltr'><strong>ad</strong></span> <span class='ocrx_word' id='word_1_39' title='bbox 1337 587 1550 626; x_wconf 81' lang='lat' dir='ltr'><strong>auctorem</strong></span> <span class='ocrx_word' id='word_1_40' title='bbox 1587 596 1639 626; x_wconf 85' lang='lat' dir='ltr'><strong>ae</strong></span> 
     </span>
    </p>
   </div>
   <div class='ocr_carea' id='block_1_6' title="bbox 138 654 1107 710">
    <p class='ocr_par' dir='ltr' id='par_1_6' title="bbox 138 654 1107 710">
     <span class='ocr_line' id='line_1_9' title="bbox 138 654 1107 710; baseline 0.001 -13"><span class='ocrx_word' id='word_1_41' title='bbox 138 654 304 708; x_wconf 65' lang='lat' dir='ltr'><strong>dapem,</strong></span> <span class='ocrx_word' id='word_1_42' title='bbox 337 660 383 697; x_wconf 83' lang='lat' dir='ltr'><strong>ut</strong></span> <span class='ocrx_word' id='word_1_43' title='bbox 406 656 614 710; x_wconf 89' lang='lat' dir='ltr'><strong>minister,</strong></span> <span class='ocrx_word' id='word_1_44' title='bbox 647 657 853 699; x_wconf 82' lang='lat' dir='ltr'><strong>fortunam</strong></span> <span class='ocrx_word' id='word_1_45' title='bbox 882 657 1107 700; x_wconf 81' lang='lat' dir='ltr'><strong>referebat.</strong></span> 
     </span>
    </p>
   </div>
   <div class='ocr_carea' id='block_1_7' title="bbox 1170 656 1672 700">
    <p class='ocr_par' dir='ltr' id='par_1_7' title="bbox 1170 656 1672 700">
     <span class='ocr_line' id='line_1_10' title="bbox 1170 656 1672 700; baseline 0.004 -2"><span class='ocrx_word' id='word_1_46' title='bbox 1170 656 1228 698; x_wconf 86' lang='lat' dir='ltr'><strong>Ita</strong></span> <span class='ocrx_word' id='word_1_47' title='bbox 1258 657 1412 699; x_wconf 86' lang='lat' dir='ltr'><strong>virtute</strong></span> <span class='ocrx_word' id='word_1_48' title='bbox 1440 657 1483 698; x_wconf 89' lang='lat' dir='ltr'><strong>in</strong></span> <span class='ocrx_word' id='word_1_49' title='bbox 1509 657 1672 700; x_wconf 80' lang='lat' dir='ltr'><strong>obse-⁵</strong></span> 
     </span>
    </p>
   </div>
   <div class='ocr_carea' id='block_1_8' title="bbox 139 729 1640 786">
    <p class='ocr_par' dir='ltr' id='par_1_8' title="bbox 139 729 1640 786">
     <span class='ocr_line' id='line_1_11' title="bbox 139 729 1640 786; baseline 0.003 -15"><span class='ocrx_word' id='word_1_50' title='bbox 139 729 322 784; x_wconf 78' lang='lat' dir='ltr'><strong>quondo,</strong></span> <span class='ocrx_word' id='word_1_51' title='bbox 352 730 608 773; x_wconf 88' lang='lat' dir='ltr'><strong>verecundia</strong></span> <span class='ocrx_word' id='word_1_52' title='bbox 640 731 683 773; x_wconf 92' lang='lat' dir='ltr'><strong>in</strong></span> <span class='ocrx_word' id='word_1_53' title='bbox 712 731 997 786; x_wconf 85' lang='lat' dir='ltr'><strong>praedicando</strong></span> <span class='ocrx_word' id='word_1_54' title='bbox 1031 736 1148 775; x_wconf 86' lang='lat' dir='ltr'><strong>extra</strong></span> <span class='ocrx_word' id='word_1_55' title='bbox 1184 731 1383 774; x_wconf 89' lang='lat' dir='ltr'><strong>invidiam</strong></span> <span class='ocrx_word' id='word_1_56' title='bbox 1412 743 1494 773; x_wconf 84' lang='lat' dir='ltr'><strong>nec</strong></span> <span class='ocrx_word' id='word_1_57' title='bbox 1523 735 1640 775; x_wconf 86' lang='lat' dir='ltr'><strong>extra</strong></span> 
     </span>
    </p>
   </div>
   <div class='ocr_carea' id='block_1_9' title="bbox 137 804 450 859">
    <p class='ocr_par' dir='ltr' id='par_1_9' title="bbox 137 804 450 859">
     <span class='ocr_line' id='line_1_12' title="bbox 137 804 450 859; baseline 0 -12"><span class='ocrx_word' id='word_1_58' title='bbox 137 804 319 859; x_wconf 73' lang='lat' dir='ltr'><strong>gloriam</strong></span> <span class='ocrx_word' id='word_1_59' title='bbox 348 810 450 848; x_wconf 82' lang='lat' dir='ltr'><strong>erat.</strong></span> 
     </span>
    </p>
   </div>
   <div class='ocr_carea' id='block_1_10' title="bbox 286 879 1658 937">
    <p class='ocr_par' dir='ltr' id='par_1_10' title="bbox 286 879 1658 937">
     <span class='ocr_line' id='line_1_13' title="bbox 286 879 1658 937; baseline 0.001 -15"><span class='ocrx_word' id='word_1_60' title='bbox 286 879 580 923; x_wconf 78' lang='lat' dir='ltr'><strong>Revertentem</strong></span> <span class='ocrx_word' id='word_1_61' title='bbox 623 880 676 923; x_wconf 80' lang='lat' dir='ltr'><strong>ab</strong></span> <span class='ocrx_word' id='word_1_62' title='bbox 721 880 933 936; x_wconf 81' lang='lat' dir='ltr'><strong>legatione</strong></span> <span class='ocrx_word' id='word_1_63' title='bbox 976 880 1156 937; x_wconf 86' lang='lat' dir='ltr'><strong>legionis</strong></span> <span class='ocrx_word' id='word_1_64' title='bbox 1199 882 1319 925; x_wconf 90' lang='lat' dir='ltr'><strong>divus</strong></span> <span class='ocrx_word' id='word_1_65' title='bbox 1362 881 1658 937; x_wconf 84' lang='lat' dir='ltr'><strong>Vespasianus·</strong></span> 
     </span>
    </p>
   </div>
   <div class='ocr_carea' id='block_1_11' title="bbox 139 953 1699 1085">
    <p class='ocr_par' dir='ltr' id='par_1_11' title="bbox 139 953 1699 1085">
     <span class='ocr_line' id='line_1_14' title="bbox 140 953 1646 1011; baseline 0.002 -15"><span class='ocrx_word' id='word_1_66' title='bbox 140 953 252 996; x_wconf 69' lang='lat' dir='ltr'><strong>iliter</strong></span> <span class='ocrx_word' id='word_1_67' title='bbox 277 955 479 1008; x_wconf 84' lang='lat' dir='ltr'><strong>patricios</strong></span> <span class='ocrx_word' id='word_1_68' title='bbox 510 955 673 1007; x_wconf 84' lang='lat' dir='ltr'><strong>ascivit,</strong></span> <span class='ocrx_word' id='word_1_69' title='bbox 708 968 759 997; x_wconf 88' lang='lat' dir='ltr'><strong>ac</strong></span> <span class='ocrx_word' id='word_1_70' title='bbox 788 956 942 997; x_wconf 90' lang='lat' dir='ltr'><strong>deinde</strong></span> <span class='ocrx_word' id='word_1_71' title='bbox 969 957 1214 1010; x_wconf 87' lang='lat' dir='ltr'><strong>provinciae</strong></span> <span class='ocrx_word' id='word_1_72' title='bbox 1249 957 1499 1011; x_wconf 87' lang='lat' dir='ltr'><strong>Aquitaniae</strong></span> <span class='ocrx_word' id='word_1_73' title='bbox 1518 969 1646 1011; x_wconf 87' lang='lat' dir='ltr'><strong>prae-</strong></span> 
     </span>
     <span class='ocr_line' id='line_1_15' title="bbox 139 1028 1699 1085; baseline 0 -15"><span class='ocrx_word' id='word_1_74' title='bbox 139 1028 302 1083; x_wconf 83' lang='lat' dir='ltr'><strong>posuit,</strong></span> <span class='ocrx_word' id='word_1_75' title='bbox 356 1029 603 1083; x_wconf 84' lang='lat' dir='ltr'><strong>splendidae</strong></span> <span class='ocrx_word' id='word_1_76' title='bbox 644 1030 833 1084; x_wconf 82' lang='lat' dir='ltr'><strong>inprimis</strong></span> <span class='ocrx_word' id='word_1_77' title='bbox 865 1030 1059 1085; x_wconf 80' lang='lat' dir='ltr'><strong>dignitati</strong></span> <span class='ocrx_word' id='word_1_78' title='bbox 1090 1031 1451 1073; x_wconf 81' lang='lat' dir='ltr'><strong>administratione</strong></span> <span class='ocrx_word' id='word_1_79' title='bbox 1483 1043 1532 1073; x_wconf 87' lang='lat' dir='ltr'><strong>ac</strong></span> <span class='ocrx_word' id='word_1_80' title='bbox 1571 1040 1699 1085; x_wconf 78' lang='lat' dir='ltr'><strong>spem</strong></span> 
     </span>
    </p>
   </div>
   <div class='ocr_carea' id='block_1_12' title="bbox 142 1102 796 1156">
    <p class='ocr_par' dir='ltr' id='par_1_12' title="bbox 142 1102 796 1156">
     <span class='ocr_line' id='line_1_16' title="bbox 142 1102 796 1156; baseline -0.003 -10"><span class='ocrx_word' id='word_1_81' title='bbox 142 1102 383 1146; x_wconf 81' lang='lat' dir='ltr'><strong>consulatus</strong></span> <span class='ocrx_word' id='word_1_82' title='bbox 398 1135 410 1156; x_wconf 91' lang='lat'>,</span> <span class='ocrx_word' id='word_1_83' title='bbox 454 1104 521 1146; x_wconf 88' lang='lat' dir='ltr'><strong>cui</strong></span> <span class='ocrx_word' id='word_1_84' title='bbox 553 1103 796 1146; x_wconf 84' lang='lat' dir='ltr'><strong>destinarat.</strong></span> 
     </span>
    </p>
   </div>
   <div class='ocr_carea' id='block_1_13' title="bbox 282 1224 1268 1261">
    <p class='ocr_par' dir='ltr' id='par_1_13' title="bbox 282 1224 1268 1261">
     <span class='ocr_line' id='line_1_17' title="bbox 282 1224 1268 1261; baseline -0.002 0"><span class='ocrx_word' id='word_1_85' title='bbox 282 1226 315 1261; x_wconf 89' lang='lat'><strong>1.</strong></span> <span class='ocrx_word' id='word_1_86' title='bbox 341 1224 480 1260; x_wconf 81' lang='lat' dir='ltr'><strong>labores</strong></span> <span class='ocrx_word' id='word_1_87' title='bbox 504 1225 605 1260; x_wconf 81' lang='lat' dir='ltr'><strong>modo</strong></span> <span class='ocrx_word' id='word_1_88' title='bbox 631 1227 717 1261; x_wconf 76' lang='lat' dir='ltr'><strong>TA:</strong></span> <span class='ocrx_word' id='word_1_89' title='bbox 742 1225 843 1259; x_wconf 81' lang='lat' dir='ltr'><strong>modo</strong></span> <span class='ocrx_word' id='word_1_90' title='bbox 872 1225 1011 1260; x_wconf 85' lang='lat' dir='ltr'><strong>labores</strong></span> <span class='ocrx_word' id='word_1_91' title='bbox 1036 1224 1268 1260; x_wconf 86' lang='lat' dir='ltr'><strong>Puteolanus.</strong></span> 
     </span>
    </p>
   </div>
   <div class='ocr_carea' id='block_1_14' title="bbox 145 1275 1270 1368">
    <p class='ocr_par' dir='ltr' id='par_1_14' title="bbox 145 1275 1270 1368">
     <span class='ocr_line' id='line_1_18' title="bbox 772 1275 1270 1320; baseline -0.004 -11"><span class='ocrx_word' id='word_1_92' title='bbox 772 1275 807 1309; x_wconf 85' lang='lat'><strong>5.</strong></span> <span class='ocrx_word' id='word_1_93' title='bbox 833 1275 1014 1319; x_wconf 74' lang='lat' dir='ltr'><strong>fortunam</strong></span> <span class='ocrx_word' id='word_1_94' title='bbox 1041 1285 1098 1308; x_wconf 89' lang='lat' dir='ltr'><strong>om</strong></span> <span class='ocrx_word' id='word_1_95' title='bbox 1125 1277 1157 1309; x_wconf 94' lang='grc' dir='ltr'><strong>Γ</strong></span> <span class='ocrx_word' id='word_1_96' title='bbox 1180 1278 1270 1320; x_wconf 88' lang='lat' dir='ltr'><strong>(non</strong></span> 
     </span>
     <span class='ocr_line' id='line_1_19' title="bbox 145 1322 994 1368; baseline -0.001 -11"><span class='ocrx_word' id='word_1_97' title='bbox 145 1324 231 1368; x_wconf 85' lang='lat' dir='ltr'><strong>gine</strong></span> <span class='ocrx_word' id='word_1_98' title='bbox 256 1327 312 1357; x_wconf 74' lang='lat' dir='ltr'><strong>est</strong></span> <span class='ocrx_word' id='word_1_99' title='bbox 336 1323 380 1357; x_wconf 88' lang='lat' dir='ltr'><strong>ab</strong></span> <span class='ocrx_word' id='word_1_100' title='bbox 406 1324 519 1368; x_wconf 86' lang='lat' dir='ltr'><strong>ipsius</strong></span> <span class='ocrx_word' id='word_1_101' title='bbox 533 1322 720 1367; x_wconf 87' lang='lat' dir='ltr'><strong>Pomponii</strong></span> <span class='ocrx_word' id='word_1_102' title='bbox 749 1322 849 1356; x_wconf 86' lang='lat' dir='ltr'><strong>Laeti</strong></span> <span class='ocrx_word' id='word_1_103' title='bbox 877 1334 994 1357; x_wconf 88' lang='lat' dir='ltr'><strong>manu.</strong></span> 
     </span>
    </p>
   </div>
   <div class='ocr_carea' id='block_1_15' title="bbox 144 1274 685 1311">
    <p class='ocr_par' dir='ltr' id='par_1_15' title="bbox 144 1274 685 1311">
     <span class='ocr_line' id='line_1_20' title="bbox 144 1274 685 1311; baseline -0.006 -1"><span class='ocrx_word' id='word_1_104' title='bbox 144 1275 227 1311; x_wconf 76' lang='lat' dir='ltr'><strong>TA:</strong></span> <span class='ocrx_word' id='word_1_105' title='bbox 253 1279 286 1308; x_wconf 82' lang='lat' dir='ltr'><strong>et</strong></span> <span class='ocrx_word' id='word_1_106' title='bbox 311 1274 432 1308; x_wconf 79' lang='lat' dir='ltr'><strong>ducem</strong></span> <span class='ocrx_word' id='word_1_107' title='bbox 456 1274 685 1308; x_wconf 86' lang='lat' dir='ltr'><strong>Puteolanus.</strong></span> 
     </span>
    </p>
   </div>
   <div class='ocr_carea' id='block_1_16' title="bbox 144 1371 336 1418">
    <p class='ocr_par' dir='ltr' id='par_1_16' title="bbox 144 1371 336 1418">
     <span class='ocr_line' id='line_1_21' title="bbox 144 1371 336 1418; baseline 0.01 -14"><span class='ocrx_word' id='word_1_108' title='bbox 144 1371 336 1418; x_wconf 63' lang='lat' dir='ltr'><strong>dignitatis.</strong></span> 
     </span>
    </p>
   </div>
   <div class='ocr_carea' id='block_1_17' title="bbox 144 1493 879 2561">
    <p class='ocr_par' dir='ltr' id='par_1_17' title="bbox 144 1493 879 2561">
     <span class='ocr_line' id='line_1_22' title="bbox 144 1493 860 1543; baseline -0.004 -11"><span class='ocrx_word' id='word_1_109' title='bbox 144 1500 303 1543; x_wconf 72' lang='lat' dir='ltr'><strong>praestat</strong></span> <span class='ocrx_word' id='word_1_110' title='bbox 322 1493 515 1531; x_wconf 87' lang='lat' dir='ltr'><strong>collocatio</strong></span> <span class='ocrx_word' id='word_1_111' title='bbox 533 1493 722 1530; x_wconf 86' lang='lat' dir='ltr'><strong>verborum</strong></span> <span class='ocrx_word' id='word_1_112' title='bbox 750 1505 771 1529; x_wconf 87' lang='lat' dir='ltr'><strong>a</strong></span> <span class='ocrx_word' id='word_1_113' title='bbox 785 1494 860 1529; x_wconf 83' lang='lat' dir='ltr'><strong>Va-</strong></span> 
     </span>
     <span class='ocr_line' id='line_1_23' title="bbox 145 1545 862 1581; baseline -0.003 -2"><span class='ocrx_word' id='word_1_114' title='bbox 145 1546 275 1581; x_wconf 79' lang='lat' dir='ltr'><strong>ticanis</strong></span> <span class='ocrx_word' id='word_1_115' title='bbox 300 1545 445 1580; x_wconf 87' lang='lat' dir='ltr'><strong>oblata:</strong></span> <span class='ocrx_word' id='word_1_116' title='bbox 471 1555 551 1579; x_wconf 88' lang='lat' dir='ltr'><strong>nam</strong></span> <span class='ocrx_word' id='word_1_117' title='bbox 578 1545 633 1579; x_wconf 86' lang='lat' dir='ltr'><strong>vis</strong></span> <span class='ocrx_word' id='word_1_118' title='bbox 658 1545 862 1578; x_wconf 84' lang='lat' dir='ltr'><strong>sententiae</strong></span> 
     </span>
     <span class='ocr_line' id='line_1_24' title="bbox 146 1593 862 1638; baseline -0.004 -10"><span class='ocrx_word' id='word_1_119' title='bbox 146 1595 184 1629; x_wconf 89' lang='lat' dir='ltr'><strong>in</strong></span> <span class='ocrx_word' id='word_1_120' title='bbox 208 1594 354 1628; x_wconf 86' lang='lat' dir='ltr'><strong>nomine</strong></span> <span class='ocrx_word' id='word_1_121' title='bbox 379 1593 519 1628; x_wconf 83' lang='lat' dir='ltr'><strong>labores</strong></span> <span class='ocrx_word' id='word_1_122' title='bbox 536 1620 546 1636; x_wconf 91' lang='lat'>‚</span> <span class='ocrx_word' id='word_1_123' title='bbox 587 1603 658 1626; x_wconf 89' lang='lat' dir='ltr'><strong>non</strong></span> <span class='ocrx_word' id='word_1_124' title='bbox 686 1594 722 1626; x_wconf 91' lang='lat' dir='ltr'><strong>in</strong></span> <span class='ocrx_word' id='word_1_125' title='bbox 748 1594 862 1638; x_wconf 86' lang='lat' dir='ltr'><strong>parti-</strong></span> 
     </span>
     <span class='ocr_line' id='line_1_25' title="bbox 149 1641 863 1687; baseline -0.004 -10"><span class='ocrx_word' id='word_1_126' title='bbox 149 1641 231 1677; x_wconf 83' lang='lat' dir='ltr'><strong>cula</strong></span> <span class='ocrx_word' id='word_1_127' title='bbox 257 1642 377 1685; x_wconf 79' lang='lat' dir='ltr'><strong>modo,</strong></span> <span class='ocrx_word' id='word_1_128' title='bbox 410 1653 503 1687; x_wconf 89' lang='lat' dir='ltr'><strong>quae</strong></span> <span class='ocrx_word' id='word_1_129' title='bbox 529 1641 748 1687; x_wconf 82' lang='lat' dir='ltr'><strong>praecedere</strong></span> <span class='ocrx_word' id='word_1_130' title='bbox 776 1651 863 1686; x_wconf 82' lang='lat' dir='ltr'><strong>pos-</strong></span> 
     </span>
     <span class='ocr_line' id='line_1_26' title="bbox 148 1690 854 1735; baseline -0.007 -8"><span class='ocrx_word' id='word_1_131' title='bbox 148 1695 216 1735; x_wconf 79' lang='lat' dir='ltr'><strong>set,</strong></span> <span class='ocrx_word' id='word_1_132' title='bbox 241 1691 271 1725; x_wconf 83' lang='lat' dir='ltr'><strong>si</strong></span> <span class='ocrx_word' id='word_1_133' title='bbox 296 1702 368 1725; x_wconf 84' lang='lat' dir='ltr'><strong>non</strong></span> <span class='ocrx_word' id='word_1_134' title='bbox 394 1690 551 1725; x_wconf 86' lang='lat' dir='ltr'><strong>additum</strong></span> <span class='ocrx_word' id='word_1_135' title='bbox 568 1694 674 1732; x_wconf 84' lang='lat' dir='ltr'><strong>esset,</strong></span> <span class='ocrx_word' id='word_1_136' title='bbox 703 1694 742 1722; x_wconf 87' lang='lat' dir='ltr'><strong>ut</strong></span> <span class='ocrx_word' id='word_1_137' title='bbox 763 1690 854 1725; x_wconf 76' lang='lat'><strong>160:</strong></span> 
     </span>
     <span class='ocr_line' id='line_1_27' title="bbox 150 1738 864 1787; baseline -0.006 -13"><span class='ocrx_word' id='word_1_138' title='bbox 150 1740 281 1787; x_wconf 79' lang='lat' dir='ltr'><strong>conciti</strong></span> <span class='ocrx_word' id='word_1_139' title='bbox 306 1751 373 1786; x_wconf 81' lang='lat' dir='ltr'><strong>per</strong></span> <span class='ocrx_word' id='word_1_140' title='bbox 402 1739 492 1773; x_wconf 78' lang='lat' dir='ltr'><strong>haec</strong></span> <span class='ocrx_word' id='word_1_141' title='bbox 524 1750 596 1772; x_wconf 86' lang='lat' dir='ltr'><strong>non</strong></span> <span class='ocrx_word' id='word_1_142' title='bbox 630 1738 731 1771; x_wconf 79' lang='lat' dir='ltr'><strong>modo</strong></span> <span class='ocrx_word' id='word_1_143' title='bbox 770 1738 864 1772; x_wconf 81' lang='lat' dir='ltr'><strong>Che-</strong></span> 
     </span>
     <span class='ocr_line' id='line_1_28' title="bbox 150 1787 865 1833; baseline -0.007 -9"><span class='ocrx_word' id='word_1_144' title='bbox 150 1789 249 1824; x_wconf 74' lang='lat' dir='ltr'><strong>rusci</strong></span> <span class='ocrx_word' id='word_1_145' title='bbox 271 1788 333 1823; x_wconf 70' lang='lat' dir='ltr'><strong>sed</strong></span> <span class='ocrx_word' id='word_1_146' title='bbox 357 1789 597 1822; x_wconf 78' lang='lat' dir='ltr'><strong>conterminae</strong></span> <span class='ocrx_word' id='word_1_147' title='bbox 625 1792 764 1833; x_wconf 73' lang='lat' dir='ltr'><strong>yentes3</strong></span> <span class='ocrx_word' id='word_1_148' title='bbox 794 1787 865 1821; x_wconf 80' lang='lat'><strong>77:</strong></span> 
     </span>
     <span class='ocr_line' id='line_1_29' title="bbox 151 1834 868 1881; baseline -0.007 -9"><span class='ocrx_word' id='word_1_149' title='bbox 151 1849 224 1872; x_wconf 80' lang='lat' dir='ltr'><strong>non</strong></span> <span class='ocrx_word' id='word_1_150' title='bbox 248 1836 349 1871; x_wconf 74' lang='lat' dir='ltr'><strong>modo</strong></span> <span class='ocrx_word' id='word_1_151' title='bbox 376 1849 394 1870; x_wconf 87' lang='lat' dir='ltr'><strong>e</strong></span> <span class='ocrx_word' id='word_1_152' title='bbox 418 1836 516 1881; x_wconf 80' lang='lat' dir='ltr'><strong>plebe</strong></span> <span class='ocrx_word' id='word_1_153' title='bbox 551 1836 612 1870; x_wconf 79' lang='lat' dir='ltr'><strong>secl</strong></span> <span class='ocrx_word' id='word_1_154' title='bbox 645 1834 809 1869; x_wconf 77' lang='lat' dir='ltr'><strong>militibus</strong></span> <span class='ocrx_word' id='word_1_155' title='bbox 837 1839 868 1868; x_wconf 81' lang='lat' dir='ltr'><strong>et</strong></span> 
     </span>
     <span class='ocr_line' id='line_1_30' title="bbox 153 1883 871 1928; baseline -0.007 -8"><span class='ocrx_word' id='word_1_156' title='bbox 153 1887 377 1928; x_wconf 64' lang='lat' dir='ltr'><strong>centurione,-</strong></span> <span class='ocrx_word' id='word_1_157' title='bbox 402 1884 450 1919; x_wconf 81' lang='grc' dir='ltr'><strong>ΠΙ</strong></span> <span class='ocrx_word' id='word_1_158' title='bbox 472 1885 536 1921; x_wconf 87' lang='lat'><strong>19:</strong></span> <span class='ocrx_word' id='word_1_159' title='bbox 562 1895 635 1918; x_wconf 84' lang='lat' dir='ltr'><strong>non</strong></span> <span class='ocrx_word' id='word_1_160' title='bbox 661 1883 761 1917; x_wconf 82' lang='lat' dir='ltr'><strong>modo</strong></span> <span class='ocrx_word' id='word_1_161' title='bbox 778 1883 871 1928; x_wconf 80' lang='lat' dir='ltr'><strong>apud</strong></span> 
     </span>
     <span class='ocr_line' id='line_1_31' title="bbox 151 1932 871 1976; baseline -0.007 -7"><span class='ocrx_word' id='word_1_162' title='bbox 151 1933 232 1970; x_wconf 79' lang='lat' dir='ltr'><strong>illos</strong></span> <span class='ocrx_word' id='word_1_163' title='bbox 256 1933 415 1968; x_wconf 70' lang='lat' dir='ltr'><strong>homiues</strong></span> <span class='ocrx_word' id='word_1_164' title='bbox 431 1953 485 1976; x_wconf 82' lang='lat'><strong>—‚</strong></span> <span class='ocrx_word' id='word_1_165' title='bbox 499 1934 603 1968; x_wconf 83' lang='lat' dir='ltr'><strong>etiam</strong></span> <span class='ocrx_word' id='word_1_166' title='bbox 632 1932 759 1967; x_wconf 83' lang='lat' dir='ltr'><strong>secatis</strong></span> <span class='ocrx_word' id='word_1_167' title='bbox 783 1937 871 1965; x_wconf 84' lang='lat' dir='ltr'><strong>tem-</strong></span> 
     </span>
     <span class='ocr_line' id='line_1_32' title="bbox 150 1980 871 2029; baseline -0.006 -12"><span class='ocrx_word' id='word_1_168' title='bbox 150 1983 308 2029; x_wconf 76' lang='lat' dir='ltr'><strong>poribus.</strong></span> <span class='ocrx_word' id='word_1_169' title='bbox 334 1981 377 2016; x_wconf 78' lang='lat' dir='ltr'><strong>ll.</strong></span> <span class='ocrx_word' id='word_1_170' title='bbox 402 1981 418 2016; x_wconf 93' lang='lat' dir='ltr'><strong>l</strong></span> <span class='ocrx_word' id='word_1_171' title='bbox 443 1985 491 2017; x_wconf 78' lang='lat'><strong>4:</strong></span> <span class='ocrx_word' id='word_1_172' title='bbox 517 1988 554 2016; x_wconf 84' lang='lat' dir='ltr'><strong>ut</strong></span> <span class='ocrx_word' id='word_1_173' title='bbox 579 1993 651 2015; x_wconf 85' lang='lat' dir='ltr'><strong>non</strong></span> <span class='ocrx_word' id='word_1_174' title='bbox 675 1980 776 2014; x_wconf 83' lang='lat' dir='ltr'><strong>modo</strong></span> <span class='ocrx_word' id='word_1_175' title='bbox 806 1991 871 2013; x_wconf 82' lang='lat' dir='ltr'><strong>ca-</strong></span> 
     </span>
     <span class='ocr_line' id='line_1_33' title="bbox 154 2029 872 2075; baseline -0.007 -9"><span class='ocrx_word' id='word_1_176' title='bbox 154 2043 212 2066; x_wconf 73' lang='lat' dir='ltr'><strong>sus</strong></span> <span class='ocrx_word' id='word_1_177' title='bbox 237 2036 443 2075; x_wconf 69' lang='lat' dir='ltr'><strong>eventusque</strong></span> <span class='ocrx_word' id='word_1_178' title='bbox 468 2042 599 2073; x_wconf 77' lang='lat' dir='ltr'><strong>reram,</strong></span> <span class='ocrx_word' id='word_1_179' title='bbox 617 2051 662 2057; x_wconf 87' lang='lat'><strong>—-</strong></span> <span class='ocrx_word' id='word_1_180' title='bbox 689 2029 752 2063; x_wconf 72' lang='lat' dir='ltr'><strong>secl</strong></span> <span class='ocrx_word' id='word_1_181' title='bbox 778 2029 872 2062; x_wconf 80' lang='lat' dir='ltr'><strong>ratio</strong></span> 
     </span>
     <span class='ocr_line' id='line_1_34' title="bbox 156 2077 873 2124; baseline -0.008 -8"><span class='ocrx_word' id='word_1_182' title='bbox 156 2081 263 2117; x_wconf 70' lang='lat' dir='ltr'><strong>etiam</strong></span> <span class='ocrx_word' id='word_1_183' title='bbox 286 2090 482 2124; x_wconf 71' lang='lat' dir='ltr'><strong>causaeque</strong></span> <span class='ocrx_word' id='word_1_184' title='bbox 507 2084 723 2119; x_wconf 61' lang='lat' dir='ltr'><strong>noso-antam</strong></span> <span class='ocrx_word' id='word_1_185' title='bbox 760 2077 873 2111; x_wconf 89' lang='lat' dir='ltr'><strong>ibid.:</strong></span> 
     </span>
     <span class='ocr_line' id='line_1_35' title="bbox 155 2126 871 2174; baseline -0.007 -11"><span class='ocrx_word' id='word_1_186' title='bbox 155 2139 228 2174; x_wconf 66' lang='lat' dir='ltr'><strong>non</strong></span> <span class='ocrx_word' id='word_1_187' title='bbox 251 2127 353 2163; x_wconf 73' lang='lat' dir='ltr'><strong>morlo</strong></span> <span class='ocrx_word' id='word_1_188' title='bbox 376 2128 416 2162; x_wconf 77' lang='lat' dir='ltr'><strong>in</strong></span> <span class='ocrx_word' id='word_1_189' title='bbox 438 2127 525 2162; x_wconf 80' lang='lat' dir='ltr'><strong>arbe</strong></span> <span class='ocrx_word' id='word_1_190' title='bbox 552 2126 647 2173; x_wconf 78' lang='lat' dir='ltr'><strong>apud</strong></span> <span class='ocrx_word' id='word_1_191' title='bbox 666 2132 788 2172; x_wconf 82' lang='lat' dir='ltr'><strong>patres</strong></span> <span class='ocrx_word' id='word_1_192' title='bbox 833 2146 871 2152; x_wconf 84' lang='lat'>-</span> 
     </span>
     <span class='ocr_line' id='line_1_36' title="bbox 155 2172 873 2222; baseline -0.007 -10"><span class='ocrx_word' id='word_1_193' title='bbox 155 2176 217 2212; x_wconf 75' lang='lat' dir='ltr'><strong>secl</strong></span> <span class='ocrx_word' id='word_1_194' title='bbox 241 2188 359 2216; x_wconf 75' lang='lat' dir='ltr'><strong>omnes</strong></span> <span class='ocrx_word' id='word_1_195' title='bbox 384 2176 549 2222; x_wconf 59' lang='lat' dir='ltr'><strong>legiones.</strong></span> <span class='ocrx_word' id='word_1_196' title='bbox 610 2174 742 2209; x_wconf 83' lang='lat' dir='ltr'><strong>Contra</strong></span> <span class='ocrx_word' id='word_1_197' title='bbox 768 2172 783 2207; x_wconf 93' lang='lat'>1</span> <span class='ocrx_word' id='word_1_198' title='bbox 808 2174 873 2208; x_wconf 81' lang='lat'><strong>71:</strong></span> 
     </span>
     <span class='ocr_line' id='line_1_37' title="bbox 157 2221 876 2269; baseline -0.008 -8"><span class='ocrx_word' id='word_1_199' title='bbox 157 2227 269 2261; x_wconf 70' lang='lat' dir='ltr'><strong>armis</strong></span> <span class='ocrx_word' id='word_1_200' title='bbox 310 2225 411 2259; x_wconf 76' lang='lat' dir='ltr'><strong>modo</strong></span> <span class='ocrx_word' id='word_1_201' title='bbox 459 2231 490 2258; x_wconf 83' lang='lat' dir='ltr'><strong>et</strong></span> <span class='ocrx_word' id='word_1_202' title='bbox 531 2225 628 2269; x_wconf 75' lang='lat' dir='ltr'><strong>equis</strong></span> <span class='ocrx_word' id='word_1_203' title='bbox 664 2224 711 2257; x_wconf 80' lang='lat' dir='ltr'><strong>ad</strong></span> <span class='ocrx_word' id='word_1_204' title='bbox 750 2221 876 2256; x_wconf 85' lang='lat' dir='ltr'><strong>bellum</strong></span> 
     </span>
     <span class='ocr_line' id='line_1_38' title="bbox 157 2271 876 2320; baseline -0.01 -10"><span class='ocrx_word' id='word_1_205' title='bbox 157 2275 312 2320; x_wconf 68' lang='lat' dir='ltr'><strong>sumptis.</strong></span> <span class='ocrx_word' id='word_1_206' title='bbox 355 2273 413 2308; x_wconf 88' lang='lat' dir='ltr'><strong>Sic</strong></span> <span class='ocrx_word' id='word_1_207' title='bbox 434 2274 539 2307; x_wconf 90' lang='lat' dir='ltr'><strong>etiam</strong></span> <span class='ocrx_word' id='word_1_208' title='bbox 566 2271 735 2306; x_wconf 86' lang='lat' dir='ltr'><strong>adiuncta</strong></span> <span class='ocrx_word' id='word_1_209' title='bbox 761 2281 876 2315; x_wconf 84' lang='lat' dir='ltr'><strong>nega-</strong></span> 
     </span>
     <span class='ocr_line' id='line_1_39' title="bbox 159 2319 878 2366; baseline -0.007 -11"><span class='ocrx_word' id='word_1_210' title='bbox 159 2323 260 2357; x_wconf 80' lang='lat' dir='ltr'><strong>tione</strong></span> <span class='ocrx_word' id='word_1_211' title='bbox 286 2322 440 2366; x_wconf 84' lang='lat' dir='ltr'><strong>positum</strong></span> <span class='ocrx_word' id='word_1_212' title='bbox 471 2319 503 2354; x_wconf 91' lang='lat' dir='ltr'><strong>ll</strong></span> <span class='ocrx_word' id='word_1_213' title='bbox 532 2322 595 2354; x_wconf 72' lang='lat'><strong>14:</strong></span> <span class='ocrx_word' id='word_1_214' title='bbox 639 2331 712 2353; x_wconf 86' lang='lat' dir='ltr'><strong>non</strong></span> <span class='ocrx_word' id='word_1_215' title='bbox 739 2329 878 2362; x_wconf 83' lang='lat' dir='ltr'><strong>campos</strong></span> 
     </span>
     <span class='ocr_line' id='line_1_40' title="bbox 159 2365 879 2412; baseline -0.011 -7"><span class='ocrx_word' id='word_1_216' title='bbox 159 2371 261 2405; x_wconf 82' lang='lat' dir='ltr'><strong>modo</strong></span> <span class='ocrx_word' id='word_1_217' title='bbox 294 2369 397 2404; x_wconf 79' lang='lat' dir='ltr'><strong>militi</strong></span> <span class='ocrx_word' id='word_1_218' title='bbox 421 2370 583 2403; x_wconf 85' lang='lat' dir='ltr'><strong>Romano</strong></span> <span class='ocrx_word' id='word_1_219' title='bbox 623 2368 671 2401; x_wconf 79' lang='lat' dir='ltr'><strong>acl</strong></span> <span class='ocrx_word' id='word_1_220' title='bbox 706 2365 879 2412; x_wconf 79' lang='lat' dir='ltr'><strong>proelium</strong></span> 
     </span>
     <span class='ocr_line' id='line_1_41' title="bbox 162 2413 879 2461; baseline -0.011 -7"><span class='ocrx_word' id='word_1_221' title='bbox 162 2420 279 2454; x_wconf 80' lang='lat' dir='ltr'><strong>bonos.</strong></span> <span class='ocrx_word' id='word_1_222' title='bbox 334 2415 444 2452; x_wconf 89' lang='lat' dir='ltr'><strong>Paulo</strong></span> <span class='ocrx_word' id='word_1_223' title='bbox 484 2421 564 2461; x_wconf 88' lang='lat' dir='ltr'><strong>post</strong></span> <span class='ocrx_word' id='word_1_224' title='bbox 601 2413 879 2449; x_wconf 76' lang='lat' dir='ltr'><strong>communicabat</strong></span> 
     </span>
     <span class='ocr_line' id='line_1_42' title="bbox 162 2463 878 2511; baseline -0.011 -9"><span class='ocrx_word' id='word_1_225' title='bbox 162 2467 328 2502; x_wconf 84' lang='lat' dir='ltr'><strong>absolute</strong></span> <span class='ocrx_word' id='word_1_226' title='bbox 356 2466 512 2511; x_wconf 87' lang='lat' dir='ltr'><strong>positum</strong></span> <span class='ocrx_word' id='word_1_227' title='bbox 548 2475 610 2510; x_wconf 88' lang='lat' dir='ltr'><strong>pro</strong></span> <span class='ocrx_word' id='word_1_228' title='bbox 638 2463 878 2498; x_wconf 80' lang='lat' dir='ltr'><strong>communica-</strong></span> 
     </span>
     <span class='ocr_line' id='line_1_43' title="bbox 163 2513 534 2561; baseline -0.016 -9"><span class='ocrx_word' id='word_1_229' title='bbox 163 2516 222 2551; x_wconf 84' lang='lat' dir='ltr'><strong>bat</strong></span> <span class='ocrx_word' id='word_1_230' title='bbox 249 2526 327 2551; x_wconf 83' lang='lat' dir='ltr'><strong>cmn</strong></span> <span class='ocrx_word' id='word_1_231' title='bbox 351 2513 534 2561; x_wconf 71' lang='lat' dir='ltr'><strong>Ayricola.</strong></span> 
     </span>
    </p>
   </div>
   <div class='ocr_carea' id='block_1_18' title="bbox 163 2581 888 3020">
    <p class='ocr_par' dir='ltr' id='par_1_18' title="bbox 163 2581 888 3020">
     <span class='ocr_line' id='line_1_44' title="bbox 235 2581 877 2631; baseline -0.014 -9"><span class='ocrx_word' id='word_1_232' title='bbox 235 2585 323 2631; x_wconf 79' lang='lat' dir='ltr'><strong>Cap.</strong></span> <span class='ocrx_word' id='word_1_233' title='bbox 350 2586 385 2621; x_wconf 91' lang='lat'><strong>9.</strong></span> <span class='ocrx_word' id='word_1_234' title='bbox 441 2590 671 2619; x_wconf 82' lang='lat' dir='ltr'><strong>revertentem</strong></span> <span class='ocrx_word' id='word_1_235' title='bbox 696 2605 741 2611; x_wconf 89' lang='lat'><em>-</em></span> <span class='ocrx_word' id='word_1_236' title='bbox 781 2581 877 2615; x_wconf 73' lang='lat' dir='ltr'><strong>dicus</strong></span> 
     </span>
     <span class='ocr_line' id='line_1_45' title="bbox 171 2629 877 2682; baseline -0.013 -12"><span class='ocrx_word' id='word_1_237' title='bbox 171 2635 404 2682; x_wconf 72' lang='lat' dir='ltr'><strong>Vespasianus</strong></span> <span class='ocrx_word' id='word_1_238' title='bbox 422 2634 515 2667; x_wconf 81' lang='lat' dir='ltr'><strong>inter</strong></span> <span class='ocrx_word' id='word_1_239' title='bbox 536 2633 708 2679; x_wconf 81' lang='lat' dir='ltr'><strong>patricios</strong></span> <span class='ocrx_word' id='word_1_240' title='bbox 733 2629 877 2664; x_wconf 68' lang='lat' dir='ltr'><strong>ascivit.-</strong></span> 
     </span>
     <span class='ocr_line' id='line_1_46' title="bbox 163 2677 880 2717; baseline -0.011 0"><span class='ocrx_word' id='word_1_241' title='bbox 163 2682 333 2717; x_wconf 80' lang='lat' dir='ltr'><strong>Anrelius</strong></span> <span class='ocrx_word' id='word_1_242' title='bbox 370 2682 494 2715; x_wconf 84' lang='lat' dir='ltr'><strong>Victor</strong></span> <span class='ocrx_word' id='word_1_243' title='bbox 531 2681 576 2714; x_wconf 89' lang='lat' dir='ltr'><strong>de</strong></span> <span class='ocrx_word' id='word_1_244' title='bbox 603 2680 706 2713; x_wconf 84' lang='lat' dir='ltr'><strong>Caes.</strong></span> <span class='ocrx_word' id='word_1_245' title='bbox 734 2678 779 2712; x_wconf 87' lang='lat'><strong>9:</strong></span> <span class='ocrx_word' id='word_1_246' title='bbox 828 2677 880 2710; x_wconf 88' lang='lat' dir='ltr'><strong>si-</strong></span> 
     </span>
     <span class='ocr_line' id='line_1_47' title="bbox 164 2725 880 2766; baseline -0.013 0"><span class='ocrx_word' id='word_1_247' title='bbox 164 2731 235 2766; x_wconf 77' lang='lat' dir='ltr'><strong>mul</strong></span> <span class='ocrx_word' id='word_1_248' title='bbox 260 2742 365 2765; x_wconf 78' lang='lat' dir='ltr'><strong>censu</strong></span> <span class='ocrx_word' id='word_1_249' title='bbox 403 2741 499 2762; x_wconf 82' lang='lat' dir='ltr'><strong>more</strong></span> <span class='ocrx_word' id='word_1_250' title='bbox 531 2734 686 2762; x_wconf 70' lang='lat' dir='ltr'><strong>veterum</strong></span> <span class='ocrx_word' id='word_1_251' title='bbox 726 2725 880 2760; x_wconf 72' lang='lat' dir='ltr'><strong>exercito</strong></span> 
     </span>
     <span class='ocr_line' id='line_1_48' title="bbox 166 2775 880 2822; baseline -0.011 -8"><span class='ocrx_word' id='word_1_252' title='bbox 166 2785 291 2815; x_wconf 71' lang='lat' dir='ltr'><strong>senatu</strong></span> <span class='ocrx_word' id='word_1_253' title='bbox 331 2784 441 2812; x_wconf 79' lang='lat' dir='ltr'><strong>motas</strong></span> <span class='ocrx_word' id='word_1_254' title='bbox 480 2777 684 2822; x_wconf 81' lang='lat' dir='ltr'><strong>probrosior</strong></span> <span class='ocrx_word' id='word_1_255' title='bbox 720 2775 880 2819; x_wconf 79' lang='lat' dir='ltr'><strong>quisque,</strong></span> 
     </span>
     <span class='ocr_line' id='line_1_49' title="bbox 169 2821 883 2870; baseline -0.013 -7"><span class='ocrx_word' id='word_1_256' title='bbox 169 2840 214 2863; x_wconf 83' lang='lat' dir='ltr'><strong>ae</strong></span> <span class='ocrx_word' id='word_1_257' title='bbox 238 2827 337 2862; x_wconf 78' lang='lat' dir='ltr'><strong>lectis</strong></span> <span class='ocrx_word' id='word_1_258' title='bbox 360 2826 512 2870; x_wconf 73' lang='lat' dir='ltr'><strong>undique</strong></span> <span class='ocrx_word' id='word_1_259' title='bbox 531 2825 667 2870; x_wconf 78' lang='lat' dir='ltr'><strong>optimis</strong></span> <span class='ocrx_word' id='word_1_260' title='bbox 687 2824 773 2857; x_wconf 76' lang='lat' dir='ltr'><strong>viris</strong></span> <span class='ocrx_word' id='word_1_261' title='bbox 789 2821 883 2855; x_wconf 70' lang='lat' dir='ltr'><strong>mitte</strong></span> 
     </span>
     <span class='ocr_line' id='line_1_50' title="bbox 170 2871 885 2923; baseline -0.013 -12"><span class='ocrx_word' id='word_1_262' title='bbox 170 2883 289 2923; x_wconf 62' lang='lat' dir='ltr'><strong>flentes</strong></span> <span class='ocrx_word' id='word_1_263' title='bbox 322 2875 558 2921; x_wconf 81' lang='lat' dir='ltr'><strong>compositae,</strong></span> <span class='ocrx_word' id='word_1_264' title='bbox 604 2883 682 2906; x_wconf 84' lang='lat' dir='ltr'><strong>cum</strong></span> <span class='ocrx_word' id='word_1_265' title='bbox 719 2871 885 2904; x_wconf 79' lang='lat' dir='ltr'><strong>ducentas</strong></span> 
     </span>
     <span class='ocr_line' id='line_1_51' title="bbox 172 2919 888 2971; baseline -0.014 -11"><span class='ocrx_word' id='word_1_266' title='bbox 172 2925 367 2971; x_wconf 71' lang='lat' dir='ltr'><strong>aeyerrime</strong></span> <span class='ocrx_word' id='word_1_267' title='bbox 392 2923 611 2969; x_wconf 80' lang='lat' dir='ltr'><strong>repperisset.</strong></span> <span class='ocrx_word' id='word_1_268' title='bbox 654 2919 708 2953; x_wconf 88' lang='lat' dir='ltr'><strong>De</strong></span> <span class='ocrx_word' id='word_1_269' title='bbox 735 2927 888 2953; x_wconf 77' lang='lat' dir='ltr'><strong>censura</strong></span> 
     </span>
     <span class='ocr_line' id='line_1_52' title="bbox 176 2964 887 3020; baseline -0.015 -10"><span class='ocrx_word' id='word_1_270' title='bbox 176 2973 387 3020; x_wconf 79' lang='lat' dir='ltr'><strong>Vespasiani</strong></span> <span class='ocrx_word' id='word_1_271' title='bbox 416 2964 524 3006; x_wconf 76' lang='lat' dir='ltr'><strong>etiat‘u</strong></span> <span class='ocrx_word' id='word_1_272' title='bbox 538 2968 731 3006; x_wconf 70' lang='lat' dir='ltr'><strong>Suetonius</strong></span> <span class='ocrx_word' id='word_1_273' title='bbox 750 2967 788 3002; x_wconf 88' lang='lat' dir='ltr'><strong>iu</strong></span> <span class='ocrx_word' id='word_1_274' title='bbox 810 2967 887 3001; x_wconf 86' lang='lat' dir='ltr'><strong>eius</strong></span> 
     </span>
    </p>
   </div>
   <div class='ocr_carea' id='block_1_19' title="bbox 283 3054 481 3090">
    <p class='ocr_par' dir='ltr' id='par_1_19' title="bbox 283 3054 481 3090">
     <span class='ocr_line' id='line_1_53' title="bbox 283 3054 481 3090; baseline -0.025 0"><span class='ocrx_word' id='word_1_275' title='bbox 283 3057 406 3090; x_wconf 72' lang='lat' dir='ltr'><strong>Tacitus</strong></span> <span class='ocrx_word' id='word_1_276' title='bbox 427 3054 481 3086; x_wconf 83' lang='lat' dir='ltr'><strong>IV.</strong></span> 
     </span>
    </p>
   </div>
   <div class='ocr_carea' id='block_1_20' title="bbox 859 1104 1644 1159">
    <p class='ocr_par' dir='ltr' id='par_1_20' title="bbox 859 1104 1644 1159">
     <span class='ocr_line' id='line_1_54' title="bbox 859 1104 1644 1159; baseline 0.001 -14"><span class='ocrx_word' id='word_1_277' title='bbox 859 1104 1042 1146; x_wconf 87' lang='lat' dir='ltr'><strong>Credunt</strong></span> <span class='ocrx_word' id='word_1_278' title='bbox 1074 1104 1262 1159; x_wconf 84' lang='lat' dir='ltr'><strong>plerique</strong></span> <span class='ocrx_word' id='word_1_279' title='bbox 1293 1105 1539 1147; x_wconf 87' lang='lat' dir='ltr'><strong>militaribus</strong></span> <span class='ocrx_word' id='word_1_280' title='bbox 1575 1105 1644 1146; x_wconf 83' lang='lat' dir='ltr'><strong>in-</strong></span> 
     </span>
    </p>
   </div>
   <div class='ocr_carea' id='block_1_21' title="bbox 1050 1224 1646 1368">
    <p class='ocr_par' dir='ltr' id='par_1_21' title="bbox 1050 1224 1646 1368">
     <span class='ocr_line' id='line_1_55' title="bbox 1387 1224 1646 1260; baseline -0.004 0"><span class='ocrx_word' id='word_1_281' title='bbox 1387 1225 1422 1260; x_wconf 83' lang='lat'><strong>4.</strong></span> <span class='ocrx_word' id='word_1_282' title='bbox 1453 1236 1498 1259; x_wconf 84' lang='lat' dir='ltr'><strong>ac</strong></span> <span class='ocrx_word' id='word_1_283' title='bbox 1523 1224 1646 1259; x_wconf 79' lang='lat' dir='ltr'><strong>ducem</strong></span> 
     </span>
     <span class='ocr_line' id='line_1_56' title="bbox 1295 1272 1644 1319; baseline -0.003 -12"><span class='ocrx_word' id='word_1_284' title='bbox 1295 1276 1346 1319; x_wconf 82' lang='grc' dir='ltr'><strong>Δ)</strong></span> <span class='ocrx_word' id='word_1_285' title='bbox 1361 1299 1371 1315; x_wconf 92' lang='grc'>,</span> <span class='ocrx_word' id='word_1_286' title='bbox 1397 1272 1462 1306; x_wconf 89' lang='lat' dir='ltr'><strong>sed</strong></span> <span class='ocrx_word' id='word_1_287' title='bbox 1486 1274 1522 1306; x_wconf 93' lang='lat' dir='ltr'><strong>in</strong></span> <span class='ocrx_word' id='word_1_288' title='bbox 1547 1283 1644 1306; x_wconf 88' lang='lat' dir='ltr'><strong>mar-</strong></span> 
     </span>
     <span class='ocr_line' id='line_1_57' title="bbox 1050 1321 1642 1368; baseline -0.007 -10"><span class='ocrx_word' id='word_1_289' title='bbox 1050 1324 1105 1358; x_wconf 88' lang='grc'><strong>10.</strong></span> <span class='ocrx_word' id='word_1_290' title='bbox 1135 1323 1301 1368; x_wconf 71' lang='lat' dir='ltr'><strong>diynitati</strong></span> <span class='ocrx_word' id='word_1_291' title='bbox 1331 1322 1470 1355; x_wconf 84' lang='lat' dir='ltr'><strong>editor:</strong></span> <span class='ocrx_word' id='word_1_292' title='bbox 1499 1321 1642 1358; x_wconf 86' lang='lat' dir='ltr'><strong>codices</strong></span> 
     </span>
    </p>
   </div>
   <div class='ocr_carea' id='block_1_22' title="bbox 928 1490 1643 1626">
    <p class='ocr_par' dir='ltr' id='par_1_22' title="bbox 928 1490 1643 1626">
     <span class='ocr_line' id='line_1_58' title="bbox 928 1490 1642 1538; baseline -0.007 -10"><span class='ocrx_word' id='word_1_293' title='bbox 928 1495 1002 1529; x_wconf 79' lang='lat' dir='ltr'><strong>vita</strong></span> <span class='ocrx_word' id='word_1_294' title='bbox 1029 1505 1059 1528; x_wconf 91' lang='lat' dir='ltr'><strong>c.</strong></span> <span class='ocrx_word' id='word_1_295' title='bbox 1076 1493 1108 1529; x_wconf 85' lang='lat'><strong>9.</strong></span> <span class='ocrx_word' id='word_1_296' title='bbox 1145 1492 1199 1527; x_wconf 89' lang='lat' dir='ltr'><strong>De</strong></span> <span class='ocrx_word' id='word_1_297' title='bbox 1226 1492 1385 1537; x_wconf 88' lang='lat' dir='ltr'><strong>patriciis</strong></span> <span class='ocrx_word' id='word_1_298' title='bbox 1411 1490 1454 1526; x_wconf 84' lang='lat' dir='ltr'><strong>ab</strong></span> <span class='ocrx_word' id='word_1_299' title='bbox 1479 1491 1642 1538; x_wconf 87' lang='lat' dir='ltr'><strong>Augusto</strong></span> 
     </span>
     <span class='ocr_line' id='line_1_59' title="bbox 929 1538 1643 1626; baseline -0.007 -49"><span class='ocrx_word' id='word_1_300' title='bbox 929 1543 1069 1626; x_wconf 45' lang='lat' dir='ltr'><strong>‘geffijs</strong></span> <span class='ocrx_word' id='word_1_301' title='bbox 1111 1546 1146 1576; x_wconf 83' lang='lat' dir='ltr'><strong>et</strong></span> <span class='ocrx_word' id='word_1_302' title='bbox 1176 1541 1327 1576; x_wconf 88' lang='lat' dir='ltr'><strong>Claudio</strong></span> <span class='ocrx_word' id='word_1_303' title='bbox 1359 1540 1500 1575; x_wconf 85' lang='lat' dir='ltr'><strong>Tacitus</strong></span> <span class='ocrx_word' id='word_1_304' title='bbox 1535 1538 1643 1573; x_wconf 83' lang='lat' dir='ltr'><strong>tradit</strong></span> 
     </span>
    </p>
   </div>
   <div class='ocr_carea' id='block_1_23' title="bbox 933 1657 1672 3007">
    <p class='ocr_par' dir='ltr' id='par_1_23' title="bbox 933 1657 1672 3007">
     <span class='ocr_line' id='line_1_60' title="bbox 1006 1657 1652 1706; baseline -0.006 -11"><span class='ocrx_word' id='word_1_305' title='bbox 1006 1661 1219 1706; x_wconf 79' lang='lat' dir='ltr'><strong>Aquitaniae</strong></span> <span class='ocrx_word' id='word_1_306' title='bbox 1242 1661 1465 1706; x_wconf 79' lang='lat' dir='ltr'><strong>praeposuit,</strong></span> <span class='ocrx_word' id='word_1_307' title='bbox 1490 1657 1652 1705; x_wconf 82' lang='lat' dir='ltr'><strong>splendi-</strong></span> 
     </span>
     <span class='ocr_line' id='line_1_61' title="bbox 933 1707 1650 1756; baseline -0.006 -13"><span class='ocrx_word' id='word_1_308' title='bbox 933 1711 999 1744; x_wconf 84' lang='lat' dir='ltr'><strong>dae</strong></span> <span class='ocrx_word' id='word_1_309' title='bbox 1025 1711 1188 1756; x_wconf 77' lang='lat' dir='ltr'><strong>inprimis</strong></span> <span class='ocrx_word' id='word_1_310' title='bbox 1216 1709 1380 1755; x_wconf 65' lang='lat' dir='ltr'><strong>dignitati</strong></span> <span class='ocrx_word' id='word_1_311' title='bbox 1415 1707 1650 1743; x_wconf 79' lang='lat' dir='ltr'><strong>administra-</strong></span> 
     </span>
     <span class='ocr_line' id='line_1_62' title="bbox 934 1755 1651 1804; baseline -0.008 -11"><span class='ocrx_word' id='word_1_312' title='bbox 934 1761 1027 1793; x_wconf 81' lang='lat' dir='ltr'><strong>tione</strong></span> <span class='ocrx_word' id='word_1_313' title='bbox 1054 1764 1086 1792; x_wconf 86' lang='lat' dir='ltr'><strong>et</strong></span> <span class='ocrx_word' id='word_1_314' title='bbox 1111 1770 1170 1804; x_wconf 87' lang='lat' dir='ltr'><strong>spe</strong></span> <span class='ocrx_word' id='word_1_315' title='bbox 1199 1757 1421 1791; x_wconf 82' lang='lat' dir='ltr'><strong>consulatus:</strong></span> <span class='ocrx_word' id='word_1_316' title='bbox 1464 1755 1651 1801; x_wconf 77' lang='lat' dir='ltr'><strong>dignitatis</strong></span> 
     </span>
     <span class='ocr_line' id='line_1_63' title="bbox 935 1803 1651 1852; baseline -0.008 -11"><span class='ocrx_word' id='word_1_317' title='bbox 935 1807 1105 1852; x_wconf 86' lang='lat' dir='ltr'><strong>splendor</strong></span> <span class='ocrx_word' id='word_1_318' title='bbox 1129 1806 1265 1840; x_wconf 83' lang='lat' dir='ltr'><strong>duabus</strong></span> <span class='ocrx_word' id='word_1_319' title='bbox 1286 1806 1393 1839; x_wconf 86' lang='lat' dir='ltr'><strong>rebus</strong></span> <span class='ocrx_word' id='word_1_320' title='bbox 1414 1803 1651 1845; x_wconf 78' lang='lat' dir='ltr'><strong>efficiebatur,</strong></span> 
     </span>
     <span class='ocr_line' id='line_1_64' title="bbox 938 1851 1652 1899; baseline -0.008 -10"><span class='ocrx_word' id='word_1_321' title='bbox 938 1856 1246 1889; x_wconf 78' lang='lat' dir='ltr'><strong>administratione</strong></span> <span class='ocrx_word' id='word_1_322' title='bbox 1270 1864 1421 1899; x_wconf 86' lang='lat' dir='ltr'><strong>magnae</strong></span> <span class='ocrx_word' id='word_1_323' title='bbox 1442 1851 1652 1897; x_wconf 84' lang='lat' dir='ltr'><strong>provinciae</strong></span> 
     </span>
     <span class='ocr_line' id='line_1_65' title="bbox 940 1899 1652 1948; baseline -0.01 -10"><span class='ocrx_word' id='word_1_324' title='bbox 940 1909 975 1938; x_wconf 86' lang='lat' dir='ltr'><strong>et</strong></span> <span class='ocrx_word' id='word_1_325' title='bbox 1001 1915 1064 1948; x_wconf 83' lang='lat' dir='ltr'><strong>spe</strong></span> <span class='ocrx_word' id='word_1_326' title='bbox 1093 1902 1312 1937; x_wconf 78' lang='lat' dir='ltr'><strong>consulatus,</strong></span> <span class='ocrx_word' id='word_1_327' title='bbox 1354 1901 1508 1947; x_wconf 82' lang='lat' dir='ltr'><strong>Vulgata</strong></span> <span class='ocrx_word' id='word_1_328' title='bbox 1534 1899 1652 1944; x_wconf 66' lang='lat' dir='ltr'><strong>digni-</strong></span> 
     </span>
     <span class='ocr_line' id='line_1_66' title="bbox 940 1948 1655 1987; baseline -0.01 0"><span class='ocrx_word' id='word_1_329' title='bbox 940 1954 1023 1987; x_wconf 81' lang='lat' dir='ltr'><strong>tatis</strong></span> <span class='ocrx_word' id='word_1_330' title='bbox 1064 1957 1124 1986; x_wconf 82' lang='lat' dir='ltr'><strong>aut</strong></span> <span class='ocrx_word' id='word_1_331' title='bbox 1169 1950 1388 1985; x_wconf 85' lang='lat' dir='ltr'><strong>assimilandi</strong></span> <span class='ocrx_word' id='word_1_332' title='bbox 1428 1948 1655 1983; x_wconf 82' lang='lat' dir='ltr'><strong>aberratione</strong></span> 
     </span>
     <span class='ocr_line' id='line_1_67' title="bbox 942 1999 1658 2047; baseline -0.011 -12"><span class='ocrx_word' id='word_1_333' title='bbox 942 2001 1119 2047; x_wconf 81' lang='lat' dir='ltr'><strong>(inprimis</strong></span> <span class='ocrx_word' id='word_1_334' title='bbox 1152 2000 1375 2046; x_wconf 68' lang='lat' dir='ltr'><strong>diynitatis),</strong></span> <span class='ocrx_word' id='word_1_335' title='bbox 1412 2001 1473 2032; x_wconf 81' lang='lat' dir='ltr'><strong>aut</strong></span> <span class='ocrx_word' id='word_1_336' title='bbox 1512 1999 1658 2041; x_wconf 86' lang='lat' dir='ltr'><strong>propter</strong></span> 
     </span>
     <span class='ocr_line' id='line_1_68' title="bbox 941 2043 1657 2095; baseline -0.01 -12"><span class='ocrx_word' id='word_1_337' title='bbox 941 2050 1140 2095; x_wconf 84' lang='lat' dir='ltr'><strong>proximum</strong></span> <span class='ocrx_word' id='word_1_338' title='bbox 1169 2057 1299 2082; x_wconf 90' lang='lat' dir='ltr'><strong>nomen</strong></span> <span class='ocrx_word' id='word_1_339' title='bbox 1319 2045 1517 2092; x_wconf 66' lang='lat' dir='ltr'><strong>(dignitatis</strong></span> <span class='ocrx_word' id='word_1_340' title='bbox 1540 2043 1657 2077; x_wconf 84' lang='lat' dir='ltr'><strong>admi-</strong></span> 
     </span>
     <span class='ocr_line' id='line_1_69' title="bbox 941 2091 1659 2141; baseline -0.01 -9"><span class='ocrx_word' id='word_1_341' title='bbox 941 2099 1167 2141; x_wconf 79' lang='lat' dir='ltr'><strong>nistratione)</strong></span> <span class='ocrx_word' id='word_1_342' title='bbox 1205 2101 1383 2140; x_wconf 88' lang='lat' dir='ltr'><strong>tamquam</strong></span> <span class='ocrx_word' id='word_1_343' title='bbox 1409 2092 1493 2127; x_wconf 88' lang='lat' dir='ltr'><strong>inde</strong></span> <span class='ocrx_word' id='word_1_344' title='bbox 1518 2091 1659 2137; x_wconf 92' lang='lat' dir='ltr'><strong>pende-</strong></span> 
     </span>
     <span class='ocr_line' id='line_1_70' title="bbox 942 2140 1658 2192; baseline -0.013 -11"><span class='ocrx_word' id='word_1_345' title='bbox 942 2151 997 2181; x_wconf 84' lang='lat' dir='ltr'><strong>ret</strong></span> <span class='ocrx_word' id='word_1_346' title='bbox 1027 2147 1222 2192; x_wconf 88' lang='lat' dir='ltr'><strong>genitivus,</strong></span> <span class='ocrx_word' id='word_1_347' title='bbox 1250 2148 1328 2176; x_wconf 87' lang='lat' dir='ltr'><strong>orta</strong></span> <span class='ocrx_word' id='word_1_348' title='bbox 1354 2147 1420 2177; x_wconf 86' lang='lat' dir='ltr'><strong>est.</strong></span> <span class='ocrx_word' id='word_1_349' title='bbox 1466 2140 1547 2185; x_wconf 87' lang='lat' dir='ltr'><strong>Ipsa</strong></span> <span class='ocrx_word' id='word_1_350' title='bbox 1573 2149 1658 2184; x_wconf 87' lang='lat' dir='ltr'><strong>pro-</strong></span> 
     </span>
     <span class='ocr_line' id='line_1_71' title="bbox 943 2190 1659 2236; baseline -0.013 -7"><span class='ocrx_word' id='word_1_351' title='bbox 943 2195 1063 2228; x_wconf 80' lang='lat' dir='ltr'><strong>vincia</strong></span> <span class='ocrx_word' id='word_1_352' title='bbox 1113 2199 1149 2228; x_wconf 87' lang='lat' dir='ltr'><strong>et</strong></span> <span class='ocrx_word' id='word_1_353' title='bbox 1190 2199 1283 2227; x_wconf 85' lang='lat' dir='ltr'><strong>terra</strong></span> <span class='ocrx_word' id='word_1_354' title='bbox 1328 2190 1490 2236; x_wconf 82' lang='lat' dir='ltr'><strong>quamvis</strong></span> <span class='ocrx_word' id='word_1_355' title='bbox 1529 2197 1659 2235; x_wconf 79' lang='lat' dir='ltr'><strong>magna</strong></span> 
     </span>
     <span class='ocr_line' id='line_1_72' title="bbox 943 2237 1655 2288; baseline -0.014 -11"><span class='ocrx_word' id='word_1_356' title='bbox 943 2243 1145 2288; x_wconf 75' lang='lat' dir='ltr'><strong>splendidae</strong></span> <span class='ocrx_word' id='word_1_357' title='bbox 1172 2241 1352 2286; x_wconf 66' lang='lat' dir='ltr'><strong>dignitatis</strong></span> <span class='ocrx_word' id='word_1_358' title='bbox 1392 2238 1463 2271; x_wconf 90' lang='lat' dir='ltr'><strong>dici</strong></span> <span class='ocrx_word' id='word_1_359' title='bbox 1502 2237 1655 2280; x_wconf 87' lang='lat' dir='ltr'><strong>nequit:</strong></span> 
     </span>
     <span class='ocr_line' id='line_1_73' title="bbox 944 2283 1660 2328; baseline -0.015 -3"><span class='ocrx_word' id='word_1_360' title='bbox 944 2302 1066 2324; x_wconf 80' lang='lat' dir='ltr'><strong>munus</strong></span> <span class='ocrx_word' id='word_1_361' title='bbox 1101 2294 1219 2323; x_wconf 89' lang='lat' dir='ltr'><strong>autem</strong></span> <span class='ocrx_word' id='word_1_362' title='bbox 1261 2289 1355 2320; x_wconf 91' lang='lat' dir='ltr'><strong>iuste</strong></span> <span class='ocrx_word' id='word_1_363' title='bbox 1397 2283 1556 2328; x_wconf 88' lang='lat' dir='ltr'><strong>suppleri</strong></span> <span class='ocrx_word' id='word_1_364' title='bbox 1589 2291 1660 2315; x_wconf 89' lang='lat' dir='ltr'><strong>non</strong></span> 
     </span>
     <span class='ocr_line' id='line_1_74' title="bbox 945 2329 1661 2383; baseline -0.015 -11"><span class='ocrx_word' id='word_1_365' title='bbox 945 2343 1076 2383; x_wconf 79' lang='lat' dir='ltr'><strong>potest.</strong></span> <span class='ocrx_word' id='word_1_366' title='bbox 1105 2337 1144 2370; x_wconf 89' lang='lat' dir='ltr'><strong>ln</strong></span> <span class='ocrx_word' id='word_1_367' title='bbox 1169 2335 1355 2370; x_wconf 85' lang='lat' dir='ltr'><strong>emendata</strong></span> <span class='ocrx_word' id='word_1_368' title='bbox 1381 2333 1556 2375; x_wconf 81' lang='lat' dir='ltr'><strong>scriptura</strong></span> <span class='ocrx_word' id='word_1_369' title='bbox 1572 2329 1661 2363; x_wconf 85' lang='lat' dir='ltr'><strong>sub-</strong></span> 
     </span>
     <span class='ocr_line' id='line_1_75' title="bbox 946 2379 1663 2420; baseline -0.014 0"><span class='ocrx_word' id='word_1_370' title='bbox 946 2388 1077 2420; x_wconf 87' lang='lat' dir='ltr'><strong>iectum</strong></span> <span class='ocrx_word' id='word_1_371' title='bbox 1124 2384 1313 2418; x_wconf 87' lang='lat' dir='ltr'><strong>verborum</strong></span> <span class='ocrx_word' id='word_1_372' title='bbox 1362 2381 1420 2414; x_wconf 78' lang='lat' dir='ltr'><strong>cui</strong></span> <span class='ocrx_word' id='word_1_373' title='bbox 1467 2379 1663 2413; x_wconf 82' lang='lat' dir='ltr'><strong>destinarat</strong></span> 
     </span>
     <span class='ocr_line' id='line_1_76' title="bbox 947 2426 1663 2477; baseline -0.014 -9"><span class='ocrx_word' id='word_1_374' title='bbox 947 2434 1047 2468; x_wconf 83' lang='lat' dir='ltr'><strong>adest</strong></span> <span class='ocrx_word' id='word_1_375' title='bbox 1071 2438 1190 2477; x_wconf 87' lang='lat' dir='ltr'><strong>aptum</strong></span> <span class='ocrx_word' id='word_1_376' title='bbox 1218 2437 1255 2466; x_wconf 84' lang='lat' dir='ltr'><strong>et</strong></span> <span class='ocrx_word' id='word_1_377' title='bbox 1281 2429 1502 2464; x_wconf 87' lang='lat' dir='ltr'><strong>conveniens</strong></span> <span class='ocrx_word' id='word_1_378' title='bbox 1526 2426 1663 2474; x_wconf 68' lang='lat' dir='ltr'><strong>(digni-</strong></span> 
     </span>
     <span class='ocr_line' id='line_1_77' title="bbox 948 2477 1663 2527; baseline -0.014 -11"><span class='ocrx_word' id='word_1_379' title='bbox 948 2485 1028 2527; x_wconf 84' lang='lat' dir='ltr'><strong>tas).</strong></span> <span class='ocrx_word' id='word_1_380' title='bbox 1079 2481 1182 2515; x_wconf 56' lang='lat' dir='ltr'><strong>Dum&gt;</strong></span> <span class='ocrx_word' id='word_1_381' title='bbox 1208 2479 1308 2524; x_wconf 87' lang='lat' dir='ltr'><strong>ponit</strong></span> <span class='ocrx_word' id='word_1_382' title='bbox 1334 2477 1551 2518; x_wconf 80' lang='lat' dir='ltr'><strong>destinarat,</strong></span> <span class='ocrx_word' id='word_1_383' title='bbox 1591 2483 1663 2512; x_wconf 81' lang='lat' dir='ltr'><strong>non</strong></span> 
     </span>
     <span class='ocr_line' id='line_1_78' title="bbox 948 2524 1664 2576; baseline -0.013 -12"><span class='ocrx_word' id='word_1_384' title='bbox 948 2530 1041 2576; x_wconf 86' lang='lat' dir='ltr'><strong>quod</strong></span> <span class='ocrx_word' id='word_1_385' title='bbox 1069 2534 1298 2573; x_wconf 81' lang='lat' dir='ltr'><strong>expectamus</strong></span> <span class='ocrx_word' id='word_1_386' title='bbox 1332 2524 1547 2565; x_wconf 85' lang='lat' dir='ltr'><strong>destinabat,</strong></span> <span class='ocrx_word' id='word_1_387' title='bbox 1584 2531 1664 2555; x_wconf 89' lang='lat' dir='ltr'><strong>mo-</strong></span> 
     </span>
     <span class='ocr_line' id='line_1_79' title="bbox 952 2575 1666 2613; baseline -0.017 0"><span class='ocrx_word' id='word_1_388' title='bbox 952 2590 1026 2613; x_wconf 86' lang='lat' dir='ltr'><strong>rcm</strong></span> <span class='ocrx_word' id='word_1_389' title='bbox 1071 2578 1186 2612; x_wconf 87' lang='lat' dir='ltr'><strong>adhuc</strong></span> <span class='ocrx_word' id='word_1_390' title='bbox 1238 2576 1464 2609; x_wconf 79' lang='lat' dir='ltr'><strong>observatum</strong></span> <span class='ocrx_word' id='word_1_391' title='bbox 1506 2575 1666 2604; x_wconf 85' lang='lat' dir='ltr'><strong>narrator</strong></span> 
     </span>
     <span class='ocr_line' id='line_1_80' title="bbox 948 2618 1663 2672; baseline -0.018 -10"><span class='ocrx_word' id='word_1_392' title='bbox 948 2628 1128 2672; x_wconf 77' lang='lat' dir='ltr'><strong>respexit:</strong></span> <span class='ocrx_word' id='word_1_393' title='bbox 1165 2626 1297 2671; x_wconf 89' lang='lat' dir='ltr'><strong>quippe</strong></span> <span class='ocrx_word' id='word_1_394' title='bbox 1326 2627 1484 2656; x_wconf 83' lang='lat' dir='ltr'><strong>rectores</strong></span> <span class='ocrx_word' id='word_1_395' title='bbox 1511 2618 1663 2662; x_wconf 82' lang='lat' dir='ltr'><strong>Aquita-</strong></span> 
     </span>
     <span class='ocr_line' id='line_1_81' title="bbox 948 2664 1666 2719; baseline -0.019 -9"><span class='ocrx_word' id='word_1_396' title='bbox 948 2677 1035 2710; x_wconf 83' lang='lat' dir='ltr'><strong>niae</strong></span> <span class='ocrx_word' id='word_1_397' title='bbox 1054 2679 1135 2719; x_wconf 87' lang='lat' dir='ltr'><strong>post</strong></span> <span class='ocrx_word' id='word_1_398' title='bbox 1154 2674 1375 2718; x_wconf 84' lang='lat' dir='ltr'><strong>legationem</strong></span> <span class='ocrx_word' id='word_1_399' title='bbox 1398 2670 1475 2702; x_wconf 88' lang='lat' dir='ltr'><strong>l&#39;ere</strong></span> <span class='ocrx_word' id='word_1_400' title='bbox 1499 2664 1666 2699; x_wconf 85' lang='lat' dir='ltr'><strong>consules</strong></span> 
     </span>
     <span class='ocr_line' id='line_1_82' title="bbox 951 2713 1667 2762; baseline -0.021 -4"><span class='ocrx_word' id='word_1_401' title='bbox 951 2725 1035 2758; x_wconf 76' lang='lat' dir='ltr'><strong>facti</strong></span> <span class='ocrx_word' id='word_1_402' title='bbox 1063 2727 1173 2757; x_wconf 83' lang='lat' dir='ltr'><strong>erant.</strong></span> <span class='ocrx_word' id='word_1_403' title='bbox 1235 2720 1453 2762; x_wconf 79' lang='lat' dir='ltr'><strong>interpretes</strong></span> <span class='ocrx_word' id='word_1_404' title='bbox 1480 2713 1667 2747; x_wconf 86' lang='lat' dir='ltr'><strong>destinan-</strong></span> 
     </span>
     <span class='ocr_line' id='line_1_83' title="bbox 952 2761 1668 2814; baseline -0.02 -8"><span class='ocrx_word' id='word_1_405' title='bbox 952 2777 1022 2806; x_wconf 87' lang='lat' dir='ltr'><strong>tem</strong></span> <span class='ocrx_word' id='word_1_406' title='bbox 1070 2770 1278 2814; x_wconf 82' lang='lat' dir='ltr'><strong>intelligunt</strong></span> <span class='ocrx_word' id='word_1_407' title='bbox 1338 2765 1401 2798; x_wconf 83' lang='lat' dir='ltr'><strong>alii</strong></span> <span class='ocrx_word' id='word_1_408' title='bbox 1447 2761 1668 2806; x_wconf 81' lang='lat' dir='ltr'><strong>provinciam</strong></span> 
     </span>
     <span class='ocr_line' id='line_1_84' title="bbox 951 2806 1670 2864; baseline -0.018 -11"><span class='ocrx_word' id='word_1_409' title='bbox 951 2820 1198 2864; x_wconf 81' lang='lat' dir='ltr'><strong>Aquitaniam,</strong></span> <span class='ocrx_word' id='word_1_410' title='bbox 1234 2815 1298 2849; x_wconf 85' lang='lat' dir='ltr'><strong>alii</strong></span> <span class='ocrx_word' id='word_1_411' title='bbox 1325 2813 1527 2846; x_wconf 82' lang='lat' dir='ltr'><strong>Caesarem.</strong></span> <span class='ocrx_word' id='word_1_412' title='bbox 1582 2806 1670 2841; x_wconf 77' lang='lat' dir='ltr'><strong>tlal-</strong></span> 
     </span>
     <span class='ocr_line' id='line_1_85' title="bbox 954 2857 1669 2907; baseline -0.018 -6"><span class='ocrx_word' id='word_1_413' title='bbox 954 2868 1045 2902; x_wconf 80' lang='lat' dir='ltr'><strong>mius</strong></span> <span class='ocrx_word' id='word_1_414' title='bbox 1073 2865 1228 2900; x_wconf 85' lang='lat' dir='ltr'><strong>coniecit</strong></span> <span class='ocrx_word' id='word_1_415' title='bbox 1248 2862 1418 2907; x_wconf 67' lang='lat' dir='ltr'><strong>dignitate</strong></span> <span class='ocrx_word' id='word_1_416' title='bbox 1438 2857 1669 2893; x_wconf 79' lang='lat' dir='ltr'><strong>administra·</strong></span> 
     </span>
     <span class='ocr_line' id='line_1_86' title="bbox 956 2903 1671 2957; baseline -0.018 -8"><span class='ocrx_word' id='word_1_417' title='bbox 956 2915 1084 2957; x_wconf 86' lang='lat' dir='ltr'><strong>tionis,</strong></span> <span class='ocrx_word' id='word_1_418' title='bbox 1124 2913 1268 2946; x_wconf 86' lang='lat' dir='ltr'><strong>nescius</strong></span> <span class='ocrx_word' id='word_1_419' title='bbox 1294 2920 1333 2943; x_wconf 84' lang='lat' dir='ltr'><strong>se</strong></span> <span class='ocrx_word' id='word_1_420' title='bbox 1363 2908 1523 2953; x_wconf 80' lang='lat' dir='ltr'><strong>proferre</strong></span> <span class='ocrx_word' id='word_1_421' title='bbox 1550 2903 1671 2948; x_wconf 84' lang='lat' dir='ltr'><strong>suspi-</strong></span> 
     </span>
     <span class='ocr_line' id='line_1_87' title="bbox 956 2951 1672 3007; baseline -0.018 -8"><span class='ocrx_word' id='word_1_422' title='bbox 956 2964 1097 2999; x_wconf 84' lang='lat' dir='ltr'><strong>cionem</strong></span> <span class='ocrx_word' id='word_1_423' title='bbox 1123 2964 1333 3007; x_wconf 84' lang='lat' dir='ltr'><strong>occupatam</strong></span> <span class='ocrx_word' id='word_1_424' title='bbox 1367 2958 1436 2992; x_wconf 87' lang='lat' dir='ltr'><strong>iam</strong></span> <span class='ocrx_word' id='word_1_425' title='bbox 1467 2966 1489 2990; x_wconf 90' lang='lat' dir='ltr'><strong>a</strong></span> <span class='ocrx_word' id='word_1_426' title='bbox 1523 2951 1672 3000; x_wconf 75' lang='lat' dir='ltr'><strong>Riglero</strong></span> 
     </span>
    </p>
   </div>
   <div class='ocr_carea' id='block_1_24' title="bbox 1448 3021 1471 3068">
    <p class='ocr_par' dir='ltr' id='par_1_24' title="bbox 1448 3021 1471 3068">
     <span class='ocr_line' id='line_1_88' title="bbox 1448 3021 1471 3068; baseline 0 0"><span class='ocrx_word' id='word_1_427' title='bbox 1448 3021 1471 3068; x_wconf 87' lang='grc'><strong>7</strong></span> 
     </span>
    </p>
   </div>
  </div>
 </body>
</html>
