1768 3216
142 173 233 215 ac.
258 175 322 216 Θ.

668 174 806 212 LIBER
831 174 861 213 1.
911 173 1002 213 cu.
1028 174 1138 215 5-6.

1609 172 1659 210 11

144 295 413 341 verebantur.
471 294 670 343 Accessit
709 294 868 339 Galbae
912 306 999 339 vox
1041 305 1120 350 pro
1167 305 1219 339 re
1257 292 1426 351 publica
1469 291 1664 347 honesta,
1701 333 1714 350 f

145 371 227 430 ipsi
257 383 433 429 anceps,
460 370 550 428 legi
578 383 603 417 a
632 383 681 417 se
711 370 899 424 militem,
931 382 1017 413 non
1047 370 1144 416 emi.
1203 368 1293 415 Neo
1322 368 1434 414 enim
1471 367 1526 412 ad
1556 352 1768 442 hancfssj

103 430 345 493 ssformffis
356 451 499 492 cetera
526 450 661 492 erant,
721 445 953 489 Invalidum
986 458 1131 490 senem
1160 445 1275 489 Titus
1304 444 1454 490 Vinius
1482 448 1526 488 et
1555 443 1666 488 Cor·
1684 436 1763 460 “²²“

145 523 283 570 aetius
310 522 450 577 Laco,
495 521 603 568 alter
632 521 884 567 deterrimus
914 520 1174 573 mortalium,
1217 519 1323 565 alter
1353 519 1666 576 ignavissimus,

144 597 249 646 dio
294 598 551 656 flagitiorum
592 601 809 643 oneratum
860 600 1100 652 contemptu
1146 596 1327 640 inertiae
1380 595 1665 640 destmebant.
1682 608 1701 638 5

145 673 326 719 Tardum
357 673 516 719 Galbae
545 674 626 717 iter
654 677 698 718 et
727 677 960 726 cruentum,
992 671 1226 717 intersectis
1247 657 1668 727 Cingonidvarrone

149 749 325 795 consule
354 749 577 806 designato
625 754 669 795 et
702 749 898 795 Petronio
939 747 1181 803 Turpiliano
1228 746 1464 794 consulari·
1511 746 1582 790 ille
1624 749 1670 790 ut
1710 792 1713 793 ⁷

108 825 387 886 *Nymphidii
414 826 575 880 socius,
606 825 677 869 hic
705 829 752 870 ut
781 824 867 870 dux
879 823 1078 877 NeroniS‚
1111 822 1301 868 inauditi
1315 827 1440 878 atque
1459 821 1702 866 indefensi

147 906 358 960 tamquam
384 902 633 948 innocentes
662 901 889 961 perierant.
952 900 1150 943 Introitus
1182 899 1226 944 in
1266 899 1415 943 urbem
1452 897 1670 942 trucidatis
1710 921 1729 934 ›

147 981 215 1023 tot
250 975 1138 1063 milQmffltpmoinfaustus
1179 974 1347 1027 omine,
1392 977 1517 1030 atque
1567 973 1725 1029 ipsisw

148 1053 276 1100 etiam
308 1054 380 1112 qui
409 1053 657 1102 occiderant
682 1051 1000 1098 formidolosus.
1041 1050 1215 1097 Inducta
1240 1049 1412 1108 legione
1427 1048 1671 1121 Hispanico,

752 1115 893 1149 β’

288 1205 327 1245 6
352 1204 492 1244 ciccum
516 1204 674 1240 bunone
697 1200 766 1248 113,
790 1202 928 1239 ciconio
954 1212 1113 1239 narrante
1143 1200 1198 1240 G·
1226 1211 1248 1236 e
1275 1198 1395 1238 Vatic.
1422 1198 1581 1233 correxit
1607 1196 1671 1234 Li-

152 1253 264 1302 psius
343 1254 382 1290 8.
406 1253 589 1302 nimpkydi
618 1251 683 1288 ⁵1²¹.

774 1253 831 1288 10.
862 1251 1003 1286 homine
1035 1249 1102 1286 Μ3.

1189 1250 1245 1285 11.
1283 1248 1441 1296 legiones
1467 1245 1591 1291 ³1²¹‚G
1616 1245 1672 1282 le-

151 1304 270 1354 qo’ono.
345 1304 546 1357 Hique-ica
570 1302 708 1343 editor:
734 1301 881 1344 codices
907 1301 1083 1354 Hispana.

157 1444 306 1494 διοσημει-
333 1446 492 1493 aquilam
517 1453 550 1483 et
583 1447 689 1494 signa
709 1446 879 1494 pertina-

155 1495 232 1531 cius
258 1494 462 1542 flagitantes
499 1508 575 1532 ιιοιι
597 1496 699 1531 modo
725 1496 878 1531 innuisse

154 1545 743 1640 iffixissffissiffiss‘ffl‘f
750 1551 879 1631 13‘·⁸“''⁸

107 1661 136 1692 3
156 1647 220 1679 aut
253 1643 432 1690 xiphilini
473 1647 720 1691 epitomatoris
756 1655 879 1680 errore

154 1692 382 1742 δορυφόροι
398 1696 659 1742 (praetoriani)
682 1697 881 1739 Νέρωνος,

156 1752 232 1777 non
259 1745 390 1788 ἐρέται
415 1742 647 1790 (classiarii),
673 1753 881 1778 memoran-

162 1795 231 1827 tur.
260 1790 391 1827 Diouis
416 1801 576 1828 errorem
590 1793 727 1839 primus
740 1793 882 1826 notavit

160 1840 351 1876 Reimarus
375 1839 423 1875 ad
449 1841 474 1876 l.
502 1853 535 1876 c.
580 1841 731 1877 Scilicet
755 1845 884 1875 auctor

159 1899 183 1925 ι
206 1899 305 1925 vero>
321 1889 494 1925 seductus
521 1894 577 1926 est
602 1890 782 1925 similibus
793 1889 882 1924 Tra-

159 1938 235 1974 iani
260 1938 489 1985 imperatoris
515 1945 553 1975 ct
566 1939 733 1986 Septimii
754 1940 882 1975 Severi

162 1987 354 2034 exemplis,
382 1990 446 2034 qui
465 1990 726 2035 praetoriarum
747 1989 883 2024 cobor-

157 2038 249 2072 tium
268 2035 502 2073 insolentiam
529 2044 566 2073 et
590 2038 727 2074 delicta
757 2039 883 2085 gravi-

158 2086 228 2121 bus
263 2088 393 2131 poenis
433 2089 716 2135 castigaverant.
766 2087 885 2123 Aliter

162 2137 298 2171 erravit
338 2136 554 2172 Plutarchus
595 2138 633 2171 in
669 2137 783 2172 Galba
822 2137 884 2171 ubi

162 2184 278 2220 refert
304 2185 350 2221 de
378 2186 574 2236 classiariis
600 2186 645 2221 ab
673 2186 744 2221 hoc
770 2187 886 2221 truci-

162 2233 257 2269 datis
296 2236 436 2271 c.15:
479 2237 588 2273 οὗτοι
624 2235 661 2270 δ’
689 2234 789 2281 ἦσαν
823 2235 887 2276 οὓς

162 2284 220 2321 εἰς
260 2281 305 2318 ’ἓν
348 2285 480 2334 τάγμα
526 2285 583 2330 (in
621 2284 826 2332 legionem)
866 2284 886 2320 ὁ

164 2334 304 2379 Νέρων
323 2334 555 2380 συλλοχίσας
568 2332 749 2382 ἀπέφηνε
767 2347 886 2382 σιρα-

162 2382 314 2421 ιιιὸιας.
356 2381 517 2429 Namque
536 2393 607 2416 non
628 2382 729 2429 legio
752 2385 898 2429 (prima-

160 2429 348 2478 Adiutrix)
383 2442 406 2466 a
439 2432 583 2467 Nerone
619 2443 665 2466 ex
692 2431 888 2468 classiariis

165 2481 367 2524 composita
413 2491 435 2515 a
479 2480 593 2515 Galba
640 2480 779 2516 bonore
821 2492 887 2516 suo

163 2529 304 2573 privata
329 2534 386 2563 est
408 2534 470 2564 aut
494 2529 683 2574 trucidata,
711 2532 820 2565 immo
847 2532 884 2566 in

165 2576 405 2613 seditionibus
444 2585 481 2613 et
515 2579 623 2614 bellis
667 2590 761 2625 quae
801 2589 884 2614 mox

166 2633 391 2669 exarserunt,
421 2627 511 2663 baec
538 2629 735 2673 praecipua
767 2629 883 2674 gloria

164 2676 242 2720 egit
277 2678 333 2720 (v.
359 2676 470 2711 Taciti
497 2677 540 2712 H.
570 2678 583 2711 1
608 2679 651 2711 31
683 2683 719 2711 et
745 2678 814 2716 36,
852 2678 882 2712 11

165 2725 209 2758 11
242 2730 278 2758 et
304 2726 449 2760 23-26
475 2730 512 2759 et
537 2727 586 2761 43
609 2731 645 2760 et
669 2726 730 2769 86,
762 2726 808 2760 111
838 2729 882 2761 13

164 2777 202 2806 et
226 2774 307 2820 43).
336 2773 447 2808 Galba
473 2779 593 2808 autem
615 2774 881 2810 commilitones

165 2831 311 2865 eorum,
350 2823 384 2856 h.
414 2835 446 2858 e.
474 2823 651 2869 reliquam
676 2824 880 2859 multitudi-

165 2879 247 2904 nem
282 2883 303 2905 e
330 2871 447 2906 classe
473 2874 645 2914 accitam,
681 2884 701 2907 a
738 2872 881 2908 Nerone

165 2918 323 2954 nondum
342 2921 379 2954 in
399 2921 584 2967 legionem
601 2922 797 2965 ordinatos,
817 2923 881 2957 sed

166 2970 285 3003 tamen
309 2979 375 3014 pro
402 2969 596 3007 classiariis
614 2972 727 3006 iustos
746 2971 879 3007 milites

951 1446 1021 1482 iam
1039 1447 1253 1492 declaratos,
1275 1445 1320 1482 ad
1338 1450 1484 1493 pontem
1495 1444 1669 1482 Mulvium

944 1496 1162 1542 trucidavit,
1196 1496 1360 1545 reliquos
1391 1497 1429 1531 in
1468 1494 1668 1531 custodiam

946 1546 1068 1583 dedit:
1106 1558 1140 1582 v.
1180 1548 1223 1584 tl.
1258 1544 1273 1581 l
1306 1547 1352 1582 31
1381 1551 1418 1580 et
1442 1544 1509 1589 87,
1551 1543 1669 1580 1111.

944 1595 1172 1631 Admonendi
1197 1601 1281 1631 sunt
1307 1595 1465 1630 lectores
1488 1594 1670 1629 Historia-

946 1657 1025 1679 rum
1052 1646 1185 1688 Taciti,
1220 1657 1267 1680 ne
1302 1644 1487 1690 legionem
1520 1644 1670 1688 primam

947 1694 1173 1729 Adiutricem
1205 1705 1228 1728 a
1262 1694 1405 1728 Nerone
1434 1693 1675 1737 conscriptam

948 1754 1070 1789 neque
1117 1754 1139 1778 a
1180 1742 1454 1778 successoribus
1496 1740 1675 1776 sublatam

949 1795 1189 1827 commiscere
1232 1792 1350 1827 velint
1391 1802 1472 1826 eum
1523 1790 1674 1838 legione

950 1843 1066 1886 prima
1100 1842 1313 1888 (minervia)
1351 1852 1398 1876 ex
1436 1840 1629 1876 Germania
1653 1850 1675 1874 a

954 1890 1106 1926 vitellio
1133 1896 1220 1925 tunc
1246 1892 1283 1925 in
1309 1889 1451 1925 ltaliam
1478 1890 1587 1924 missa
1610 1893 1673 1924 aut

952 1951 1033 1975 cum
1054 1941 1170 1986 prima
1197 1940 1324 1975 Italica
1349 1950 1371 1974 a
1399 1939 1608 1974 Vitellianis
1627 1949 1673 1973 ex

951 1990 1076 2026 castris
1092 1989 1394 2037 Lugdunensibus
1413 1988 1580 2024 deducta.
1595 1988 1674 2023 l'ri-

953 2050 1011 2074 ma
1035 2039 1204 2074 Adiutrix
1229 2049 1374 2084 semper
1408 2038 1558 2073 adversa
1587 2048 1673 2083 par-

954 2089 1051 2123 tibus
1079 2088 1220 2124 Vitellii
1252 2089 1406 2133 primum
1437 2087 1508 2122 fida
1533 2086 1668 2122 Othoni

954 2138 1036 2181 fuit,
1063 2148 1147 2172 mox
1172 2137 1217 2172 ad
1234 2137 1430 2172 Flavianos
1447 2142 1673 2183 transgressa

954 2192 1031 2231 est;
1057 2197 1092 2221 v.
1122 2187 1299 2222 1nd.hist.
1328 2186 1399 2221 Dio
1419 2197 1500 2221 cum
1521 2187 1673 2231 primam

951 2236 1176 2271 Adiutricem
1204 2237 1242 2270 in
1282 2236 1468 2271 Pannonia
1499 2247 1521 2270 a
1562 2234 1676 2270 Galba

954 2285 1171 2320 collocatam
1203 2284 1317 2320 refert
1342 2285 1404 2319 ΙΝ
1429 2287 1497 2328 24,
1529 2289 1591 2318 aut
1615 2295 1677 2318 er-

951 2335 1045 2368 ravit
1082 2339 1144 2368 aut
1180 2334 1276 2380 quod
1309 2335 1495 2369 decretum
1545 2338 1622 2368 erat
1656 2344 1677 2367 a

954 2383 1067 2418 Galba
1094 2389 1274 2429 tamquam
1302 2384 1437 2418 sactum
1467 2385 1638 2417 narravit.

1026 2433 1175 2467 inducta
1198 2433 1338 2479 legione
1361 2433 1581 2479 Hispanicu:
1608 2433 1676 2466 112·-

953 2493 1082 2529 spana,
1110 2487 1149 2516 ut
1165 2482 1278 2529 vulgo
1295 2482 1444 2529 legitur,
1470 2482 1563 2528 leqio
1582 2481 1678 2516 foret

955 2542 1003 2566 ex
1028 2531 1196 2576 Hispanis
1231 2533 1454 2577 composita3
1491 2531 1556 2566 sed
1592 2531 1675 2566 talis

954 2591 1076 2626 neque
1102 2585 1187 2614 tunc
1213 2586 1291 2614 erat
1317 2591 1437 2626 neque
1463 2582 1584 2614 extitit
1606 2591 1675 2612 un-

954 2640 1074 2675 quam.
1101 2630 1211 2663 Immo
1228 2630 1315 2663 dicit
1336 2630 1518 2676 legionem
1540 2630 1674 2663 civium

956 2679 1198 2713 Romanorum
1233 2690 1277 2713 ex
1316 2679 1510 2723 Hispaniae
1541 2677 1668 2710 'sarra-

955 2729 1123 2762 conensis
1172 2728 1417 2762 hibernaculis
1468 2729 1502 2760 in
1550 2726 1673 2760 urbem

952 2789 1033 2810 cum
1074 2777 1185 2811 Galba
1228 2777 1426 2820 profectam
1445 2801 1455 2816 ‚
1502 2774 1571 2808 hoc
1618 2780 1674 2809 est

952 2826 1206 2871 Hispanicum,
1244 2824 1544 2869 quemadmodum
1585 2824 1671 2858 alibi

952 2875 1119 2908 dicuntur
1167 2873 1422 2915 Germanicae,
1478 2874 1671 2917 Moesicae,

954 2924 1141 2967 Illyricae,
1178 2922 1437 2966 Britannicae,
1484 2922 1670 2958 Raeticae.

953 2971 1223 3014 Macedonicae,
1251 2971 1416 3007 Italicae.
1467 2971 1522 3007 cf.
1544 2976 1667 3009 annot.

1687 815 1768 902 me,
