1768 3216
148 214 195 254 10
722 203 1026 245 HISTORIARVM

1414 209 1447 236 a.
1471 205 1508 236 ι.
1533 195 1619 236 822.

146 343 250 386 sum,
282 343 413 386 neque
442 329 600 386 magnis
629 326 781 370 meritis
813 337 861 367 ac
890 322 1085 379 praemiis
1116 319 1291 364 eundem
1314 317 1357 360 in
1374 329 1482 374 pace
1501 328 1622 373 quem

147 408 188 451 in
217 406 323 449 bello
354 406 510 458 locum,
546 406 889 458 praeventamque
919 399 1093 456 gratiam
1123 395 1326 451 intellegit
1362 392 1472 450 apud
1500 392 1623 448 prin-

147 482 276 538 cipem
306 494 328 523 a
356 479 585 535 legionibus
617 478 781 530 factum,
813 487 967 532 pronus
999 474 1049 517 ad
1081 485 1212 517 novas
1242 484 1327 525 res,
1358 469 1523 514 scelere
1553 467 1623 511 in-

146 568 268 611 super
310 554 542 610 Nymphidii
589 553 729 596 Sabini
779 551 980 607 praefecti
1026 549 1238 605 imperium
1289 547 1369 591 sibi
1413 545 1622 591 molientis

114 630 330 686 sagitatur.
389 629 438 672 Et
468 628 738 684 Nymphidius
777 627 939 682 quidem
985 626 1025 668 in
1067 625 1156 680 ipso
1189 627 1338 666 conatu
1369 622 1623 678 oppresfflx'

141 704 214 748 sed
245 703 427 760 quamvis
458 704 590 759 capite
620 703 865 746 defectionis
896 701 1046 754 ablato,
1081 699 1271 743 manebat
1299 698 1511 755 plerisque
1539 695 1623 741 mi-

140 779 251 822 litum
281 779 547 833 conscientia,
578 791 656 821 nec
687 778 856 821 deerant
885 788 1100 820 sermones
1130 775 1290 821 senium
1321 778 1446 832 atque
1474 771 1622 818 avari-

141 854 238 896 tiam
289 853 440 897 Galbae
483 854 794 911 increpantium.
852 853 1032 897 Laudata
1071 851 1168 896 olim
1212 854 1254 894 et
1298 849 1465 895 multari
1511 848 1622 894 rama

146 928 349 971 celebrata
379 930 576 972 severitas
608 930 695 972 eius
736 930 915 985 angebat
957 931 1225 983 aspernantes
1262 930 1446 978 veterem
1487 923 1623 969 disci—

97 1003 317 1058 ioplinam,
350 1008 469 1058 atque
501 1005 555 1047 ita
584 1005 908 1060 quattuordecim
938 1005 1056 1047 annis
1086 1017 1108 1046 a
1139 1003 1305 1046 Nerone
1336 1001 1621 1055 adsuefactos,

143 1081 187 1120 ut
215 1077 322 1122 haud
352 1079 482 1122 minus
525 1080 622 1122 vitia
660 1080 887 1139 principum
927 1083 1112 1123 amarent
1153 1091 1273 1137 quam
1319 1078 1417 1121 olim
1449 1077 1624 1122 virtutes

273 1208 308 1245 6.
333 1210 393 1244 sed
417 1210 628 1246 Rhenanus:
656 1210 707 1246 Ma
734 1216 776 1246 et.

863 1212 896 1248 7.
925 1210 1128 1246 consecutio
1151 1206 1216 1254 Ma,
1251 1196 1443 1245 conscientes
1468 1204 1510 1244 G.
1585 1203 1623 1243 9.

143 1256 291 1303 anqebat
312 1269 335 1292 a
361 1259 416 1305 (in
441 1269 564 1294 versus
592 1259 681 1308 fine)
709 1265 937 1307 aspernantes
965 1258 1029 1295 Ma.

143 1370 210 1405 bae
235 1372 461 1416 promiserat3
487 1382 522 1407 v.
548 1372 638 1407 Plut.
657 1373 680 1408 l.
701 1383 731 1408 c.
750 1373 840 1409 Sue-

145 1423 216 1454 ton.
246 1418 342 1455 Galb.
374 1420 427 1462 lxo.

218 1468 348 1503 scelere
386 1470 526 1516 insuper
565 1471 762 1516 Nymphidii
799 1491 843 1498 -—

145 1517 318 1563 agitaturt
359 1518 427 1552 hoc
468 1518 584 1553 scelus
626 1525 661 1554 et
700 1519 844 1554 caedem

144 1565 347 1612 Nymphidii
365 1567 482 1601 Sabini
504 1569 648 1612 copiose
675 1573 845 1603 executus

146 1618 200 1649 est
231 1614 438 1650 Plutarchus
478 1617 513 1650 in
540 1616 649 1651 Galba
682 1629 712 1651 c.
737 1616 846 1652 8-9

146 1667 182 1697 et
209 1663 359 1699 13—14.
411 1663 464 1698 Cf.
494 1665 638 1700 Sueton.
667 1665 765 1700 Galb.
789 1667 844 1700 11.

144 1710 307 1756 Aqitatur
316 1717 502 1756 praesente
513 1713 683 1748 historico
692 1715 844 1759 positum

146 1759 238 1794 idem
260 1760 355 1794 valet
375 1761 468 1806 quod
492 1763 642 1807 ayitatus
668 1769 727 1805 est,
753 1762 846 1808 quod

147 1818 218 1842 non
242 1817 438 1852 monerem,
471 1811 540 1844 nisi
573 1816 608 1845 et
632 1810 846 1845 Gronovium

149 1855 306 1891 haesisse
331 1863 366 1892 et
387 1857 604 1894 waltherum
631 1859 720 1893 falsa
745 1860 848 1893 dubi-

150 1905 292 1939 tationis
327 1905 571 1941 Gronovianae
607 1907 850 1952 expediendae

150 1954 286 1988 ratione
312 1964 411 1988 usum
438 1965 516 1990 esse
540 1955 711 1990 viderem.

222 2003 408 2038 avaritiam
450 2004 605 2039 Galbae:
643 2015 678 2039 v.
706 2004 850 2040 Sueton.

152 2049 250 2087 Galb.
281 2051 336 2086 12.
362 2051 430 2086 Dio
456 2052 562 2087 LXIV
589 2055 623 2088 2.

234 2098 302 2144 leyi
337 2111 360 2133 a
392 2111 429 2134 se
468 2101 629 2136 mituem:
669 2112 740 2135 non
771 2102 853 2136 emi:

153 2148 297 2183 Sueton.
326 2148 424 2184 Galb.
455 2149 519 2185 16:
545 2150 687 2184 subinde
712 2151 856 2184 iactavit

152 2197 266 2242 lcqere
293 2208 329 2230 se
352 2197 511 2240 militem,
536 2209 607 2232 non
633 2210 744 2232 emere
770 2210 856 2233 con-

152 2244 278 2280 suesse.
327 2245 395 2279 Dio
421 2246 529 2280 LXIV
554 2248 589 2282 3.
637 2247 728 2282 Plut.
756 2247 855 2282 Galb.

156 2292 211 2328 18.
261 2292 331 2337 lpsi
359 2293 490 2329 Galbae
516 2307 643 2342 anceps
670 2296 760 2330 haec
785 2307 855 2331 vox

155 2346 240 2385 erat,
267 2342 360 2387 quod
380 2345 564 2387 pecuniam
580 2345 751 2379 militibus
766 2345 857 2379 haud

156 2400 358 2424 concessam
384 2392 463 2426 aliis
502 2394 570 2426 viis
603 2393 763 2438 dissipari
793 2405 857 2437 pa-

157 2438 321 2474 tiebatur.
378 2439 444 2475 Per
476 2453 510 2476 v.
541 2447 658 2476 cetera
683 2442 859 2488 significat

159 2491 312 2520 ceteram
352 2488 491 2535 imperii
533 2490 705 2525 rationem
743 2492 858 2525 statim

160 2535 383 2580 explicatam.

232 2582 316 2629 Cap.
344 2584 378 2619 6.
435 2586 524 2621 Titus
561 2587 679 2622 Vinius
714 2595 745 2623 et
771 2589 861 2624 C'or-

156 2632 269 2666 nelius
306 2633 424 2668 Laco:
469 2636 613 2671 Sueton.
653 2636 750 2672 Galb.
791 2637 861 2672 14:

158 2681 342 2726 reyebatur
356 2683 459 2718 trium
476 2685 622 2719 arbitrio
634 2706 689 2717 —-.
702 2686 746 2719 Hi
763 2693 863 2720 crant

164 2730 252 2764 Titus
287 2730 425 2775 Vinius,
464 2733 597 2778 leyalus
632 2737 702 2768 eius
729 2736 766 2768 in
795 2736 861 2769 Hi-

158 2779 294 2822 spania,
321 2781 518 2826 cupiditatis
543 2783 730 2817 immensae
739 2796 751 2826 ‚·
773 2783 863 2817 Cor-

159 2826 268 2860 nelius
284 2827 389 2872 Laco,
417 2842 458 2863 em
471 2842 644 2866 assessore
664 2835 863 2878 praefectus

158 2877 356 2920 praetorio,
388 2879 599 2924 adrogantia
636 2881 863 2925 socordiaque

161 2922 411 2969 intolerabilis‚·
438 2928 575 2962 libertus
602 2929 732 2972 Icelus,
756 2931 862 2976 paulo

161 2976 244 3009 ante
269 2972 383 3008 anulis
409 2977 524 3011 aureis
552 2983 583 3013 et
600 2978 782 3014 Marciani
802 2990 864 3015 co-

911 1373 1072 1420 gnomine
1104 1377 1248 1406 ornatus
1285 1381 1330 1405 ac
1363 1370 1436 1404 iam
1468 1377 1623 1404 summae

913 1423 1077 1468 equestris
1103 1421 1234 1468 gradus
1260 1419 1481 1455 candidatus.
1517 1416 1622 1453 Gonf.

913 1471 997 1506 ibid.
1026 1473 1083 1507 22.
1120 1470 1228 1504 Tacit.
1256 1470 1297 1504 fl.
1326 1468 1340 1503 1
1370 1469 1425 1504 13.
1477 1466 1568 1502 mut.
1596 1464 1622 1501 Ι.

915 1532 945 1554 c.
985 1521 1004 1555 7
1040 1524 1075 1554 et
1116 1520 1159 1555 10
1194 1523 1229 1553 et
1271 1520 1314 1553 12
1346 1522 1382 1552 et
1421 1515 1463 1551 16
1498 1520 1534 1551 et
1562 1514 1622 1553 29.

915 1569 983 1603 Dio
1009 1568 1114 1603 1.le
1141 1570 1175 1603 2.
1227 1566 1391 1601 Ceterum
1430 1565 1624 1600 translatae

916 1618 1086 1651 orationis
1112 1616 1304 1651 invalidum
1327 1626 1443 1650 senem
1472 1635 1518 1642 —-
1544 1613 1624 1649 odio

914 1667 1124 1712 slaqitiorum
1134 1671 1315 1700 oneratum
1323 1669 1516 1710 contemptu
1524 1663 1627 1698 iner-

916 1717 985 1749 tiae
1012 1714 1232 1750 destruebant
1261 1715 1380 1761 imago
1408 1717 1549 1757 sumpta
1571 1715 1628 1748 est

916 1764 959 1799 ab
994 1763 1158 1798 aedilicio
1200 1768 1346 1805 vetere,
1387 1763 1445 1797 cui
1477 1761 1627 1796 nimium

918 1812 1054 1857 pondus
1089 1812 1420 1857 superimpositum,
1458 1809 1628 1856 quodque

917 1861 1066 1895 sublatis
1107 1861 1260 1906 singulis
1298 1859 1458 1894 trabibus
1499 1864 1535 1894 et
1570 1858 1627 1894 ln-

921 1909 1062 1954 pidibus
1088 1914 1268 1953 postremo
1284 1908 1487 1943 destruitur.
1524 1906 1630 1942 Conl-

921 1957 968 1993 IV
999 1957 1065 1992 18:
1098 1957 1229 1992 destrui
1249 1968 1315 2003 per
1339 1956 1428 1991 haec
1453 1957 1633 2002 fortunam

922 2017 1020 2041 suam
1046 2006 1181 2041 Caesar
1207 2026 1252 2033 -
1279 2005 1434 2040 rebatur.

998 2055 1168 2100 Cinqonio
1210 2055 1370 2090 Varrone
1394 2074 1440 2082 -
1467 2052 1630 2088 Petronio

930 2103 1156 2149 Turpiliano:
1195 2103 1241 2138 cf.
1278 2103 1369 2139 Plut.
1408 2102 1434 2138 1.
1461 2113 1492 2137 c.
1529 2101 1574 2138 14
1599 2105 1636 2137 et

930 2153 972 2187 15
1001 2157 1036 2187 et
1066 2154 1122 2187 17.
1149 2152 1260 2188 'l'aciti
1286 2152 1331 2187 de
1354 2156 1507 2198 utroque
1533 2149 1635 2187 locos

926 2200 1033 2235 index
1067 2201 1149 2237 hist.
1189 2201 1410 2235 monstrabit.
1509 2199 1567 2234 hic
1598 2205 1636 2237 ut

928 2250 998 2283 dua:
1023 2250 1195 2284 Neronis.-
1223 2249 1464 2295 'turpilianum
1489 2249 1525 2282 in
1551 2248 1634 2284 Bri-

928 2300 1047 2333 tannia
1074 2299 1230 2345 legatum
1244 2299 1395 2333 Neronis
1418 2298 1532 2332 fuisse
1548 2296 1648 2343 (Ta-'

930 2348 989 2382 cit.
1002 2347 1081 2381 XlV
1095 2349 1158 2393 39)
1177 2353 1297 2382 monet
1316 2347 1492 2383 Orellius:
1511 2357 1634 2382 verum

930 2396 965 2430 id
986 2396 1123 2430 Tacitus
1149 2408 1242 2430 nunc
1265 2408 1336 2430 non
1357 2397 1528 2440 respexit,
1556 2407 1634 2430 cum

930 2446 1071 2489 scripsit
1097 2445 1204 2480 verba
1228 2451 1265 2479 ut
1292 2446 1361 2479 dux
1376 2445 1541 2487 Neronis,
1569 2455 1634 2479 ne-

932 2504 1000 2538 que
1027 2493 1159 2540 legatio
1188 2494 1251 2528 illa
1276 2495 1413 2529 crimini
1432 2493 1636 2538 Turpiliano

931 2543 1023 2576 verti
1049 2548 1198 2587 poterat.
1249 2543 1358 2577 Immo
1385 2542 1480 2577 Nero
1509 2540 1637 2587 Turpi..

932 2590 1077 2634 lianum,
1104 2593 1170 2625 sibi
1198 2593 1436 2637 gratissimum
1452 2590 1536 2636 (XV
1559 2591 1638 2637 72),

933 2639 1101 2674 adversus
1129 2641 1313 2674 Vindicem
1342 2645 1377 2675 et
1398 2639 1543 2673 Galbam
1570 2639 1637 2674 ‹lu-

934 2699 1009 2721 cem
1062 2689 1301 2723 destinaverat
1348 2688 1635 2733 praeponendum

934 2736 1103 2771 militibus
1140 2738 1387 2782 undecumque
1433 2739 1636 2771 contractis.

1003 2787 1163 2820 introitus
1195 2788 1232 2820 in
1265 2787 1407 2820 vtrbem:
1445 2797 1480 2820 v.
1514 2797 1544 2821 c.
1579 2787 1636 2820 31.

936 2834 1080 2868 Sueton.
1106 2835 1205 2869 Galb.
1225 2837 1293 2871 12:
1321 2846 1396 2869 cum
1424 2835 1636 2878 classiarios,

933 2894 1014 2927 quos
1062 2883 1155 2918 Nero
1209 2895 1252 2917 ex
1293 2884 1479 2929 remiyibus
1524 2885 1629 2918 iustos

931 2932 1055 2966 milites
1080 2934 1227 2979 fecerat,
1254 2933 1370 2967 redire
1390 2933 1435 2966 ad
1453 2933 1638 2978 pristinum

933 2986 1058 3016 statum
1095 2987 1250 3026 cogeret,
1295 2987 1493 3017 recusantes
1536 2987 1637 3028 atque
