1768 3216
152 210 226 246 102
766 201 1030 239 Aomcomut

155 327 301 378 derna,
331 336 529 378 nusquam
560 322 681 365 latius
714 321 920 363 dominari
949 333 1086 374 mare,
1129 322 1296 364 multum
1329 322 1648 367 fluminumsshuc

155 406 275 455 atque
306 400 400 440 illuc
432 399 568 451 serre,
611 410 691 439 nec
718 397 842 439 litore
871 401 990 439 tenus
1025 409 1273 440 accrescere
1315 401 1384 439 aut
1417 397 1647 457 resorberi,

151 475 227 517 sed
260 474 434 514 influere
465 473 628 527 penitus
658 476 783 526 atque
811 472 985 524 ambire,
1021 476 1061 514 et
1093 473 1201 527 iugis
1233 473 1424 514 etiam-ac
1441 471 1649 515 montibus

152 549 281 590 inseri
310 548 422 590 velut
454 549 494 589 in
526 560 615 589 suo.
691 547 883 589 Ceterum
916 547 1170 589 Britanniam
1202 548 1271 601 qui
1300 546 1499 590 mortales
1530 547 1648 590 initio
1661 547 1715 588 11

121 624 379 676 scoluerint,
424 623 648 678 indigenae
681 635 733 665 an
774 622 961 675 advecti,
1008 627 1053 664 ut
1091 622 1200 665 inter
1237 623 1464 676 barbaros,
1506 635 1650 678 parum

153 702 425 752 compertum.
468 698 640 740 Habitus
672 710 892 751 corporum
922 697 1044 750 varii,
1077 702 1200 751 atque
1229 710 1281 739 cx
1309 710 1360 740 eo
1393 702 1651 753 argumenta.

151 774 337 826 Namque
366 773 515 814 rutilae
547 772 817 814 Caledoniam
850 772 1117 814 habitantium
1151 784 1321 825 comae,
1368 773 1510 828 magni
1540 777 1652 822 artus

154 848 444 889 Germanicam
476 848 680 902 originem
722 847 988 888 adseverant.
1055 846 1234 889 Silurum
1282 847 1459 890 colorati
1501 847 1650 900 vultus,

152 923 249 964 torti
280 922 519 976 plerumque
552 922 712 974 crines,
755 925 794 962 et
837 921 973 974 posita
1025 925 1169 962 contra
1197 922 1441 975 Hispania„
1471 922 1652 965 Hiberos

94 1001 132 1033 ¹0
152 1002 316 1039 veteres
367 997 584 1038 traiecisse
636 1007 791 1049 easque
841 996 965 1037 sedes
1017 1007 1248 1049 occupasse
1297 996 1421 1038 fidem
1478 996 1650 1038 faciunt.
1712 1055 1723 1058 ‚

153 1072 335 1112 Proximi
369 1070 495 1112 Gallis
528 1074 568 1110 et
597 1070 755 1111 similes
791 1074 908 1122 sunt,
958 1082 1033 1111 seu
1065 1069 1240 1111 durante
1272 1070 1450 1124 originis
1480 1071 1545 1124 vi,
1579 1083 1655 1122 scu

229 1193 259 1226 1.
288 1190 421 1225 ‹Irt‘nari
447 1193 477 1225 Γ
501 1195 536 1224 ct
562 1191 596 1224 in
624 1190 799 1236 margine
820 1189 927 1223 tlnari
952 1200 1030 1223 cum
1058 1194 1142 1224 nota
1167 1191 1189 1225 2
1220 1189 1312 1223 infra
1338 1189 1406 1224 litt.
1434 1201 1470 1224 n.
1534 1191 1569 1226 3.
1596 1191 1655 1225 iu-

151 1242 204 1286 yis
229 1240 333 1273 etiam
359 1250 404 1273 ac
430 1241 513 1275 TA:
540 1240 644 1273 etiam
670 1239 760 1283 iupis
787 1244 889 1283 atque
913 1237 1143 1273 Puteolanus.
1298 1239 1333 1273 4.
1371 1239 1409 1272 in
1435 1238 1654 1274 britanniam

153 1288 382 1322 Puteolanus,
537 1288 571 1321 7.
601 1286 833 1331 Calydonium
861 1289 900 1332 (y
932 1287 1160 1321 subnotat-um
1188 1292 1224 1320 ct
1250 1288 1529 1332 superscriptum
1555 1291 1591 1335 e)
1615 1290 1654 1332 Γ,

157 1337 384 1370 Caledoniam
409 1337 451 1369 Δ.
527 1346 632 1369 arcus
657 1337 701 1370 Λ.
790 1335 823 1370 9.
855 1335 938 1369 torti
964 1338 1052 1372 121:
1083 1341 1115 1370 et
1141 1337 1224 1370 torti
1249 1335 1478 1370 Puteolanus.
1587 1336 1655 1370 Hi-

151 1386 313 1430 spaniam
339 1387 426 1420 TA:
455 1385 610 1418 correxit
637 1384 804 1418 Muretus.
836 1383 1152 1431 Iliber0s(littei·ae
1177 1395 1195 1417 o
1222 1395 1403 1428 superscr.
1430 1389 1472 1431 a)
1502 1387 1549 1421 1⁷:
1573 1384 1655 1426 ibet-

152 1445 210 1466 ros
236 1433 465 1467 Puteolanus.
532 1434 586 1468 10.
605 1432 734 1465 hitasse
762 1433 902 1476 punctis
931 1434 1127 1478 suppositis
1141 1435 1185 1468 F:
1215 1443 1403 1479 occupasse
1422 1444 1493 1480 mg.
1511 1435 1542 1469 Γ
1557 1438 1593 1469 et
1609 1435 1665 1475 A„

155 1483 211 1516 11.
238 1493 302 1515 usu
329 1483 408 1517 TA:
435 1482 473 1514 ui
499 1482 608 1514 tacite
623 1480 829 1514 Rhenanus.

151 1575 173 1611 3
201 1575 220 1609 7
246 1585 280 1619 p.
309 1576 366 1618 53,
394 1574 442 1608 lll
471 1575 491 1609 5
522 1575 563 1608 11
591 1585 624 1619 p.
644 1575 723 1610 173.
760 1574 866 1608 Pom·
933 1575 1107 1619 ruptionis
1134 1585 1241 1609 causa
1264 1574 1396 1610 dictum
1432 1574 1476 1609 ad
1516 1585 1594 1620 cap.
1621 1576 1644 1612 9

151 1633 232 1667 pon.
260 1623 353 1658 Mela
378 1622 425 1656 ΙΙΙ
452 1625 482 1657 1.
936 1623 1037 1658 nulla
1068 1623 1165 1658 ultra
1188 1626 1369 1670 potestatis
1398 1635 1576 1670 persona,
1610 1623 1655 1669 de

223 1694 377 1739 Calull.
407 1693 536 1727 rutilae
569 1715 612 1720 —
634 1694 866 1728 adseret-ant:
936 1677 1136 1707 su'ucturae
1164 1684 1298 1718 genere
1323 1673 1367 1707 ad
1397 1673 1446 1707 lu
1478 1674 1534 1708 13·

154 1743 200 1776 cf.
230 1744 269 1777 G.
295 1743 338 1778 4:
384 1742 511 1775 rutilae
549 1754 693 1785 comae,
736 1754 868 1788 magma

152 1802 304 1837 corpora
330 1797 361 1824 et
386 1796 520 1824 tantum
546 1791 593 1824 ad
616 1792 778 1836 impetum
801 1803 867 1826 va-

1017 1743 1114 1778 sedes
1162 1755 1350 1789 occupasse
1374 1756 1386 1777 .·
1430 1745 1654 1790 ¹Pomponius

938 1791 1067 1826 Laetus
1095 1797 1156 1826 aut
1185 1803 1275 1827 voce
1311 1792 1418 1837 paulo
1453 1797 1537 1828 ante
1562 1794 1655 1828 scri..

153 1839 237 1873 lida.
290 1839 342 1873 De
381 1840 424 1872 iis
463 1849 553 1883 quae
591 1839 786 1874 lornandes
823 1851 868 1874 ex
904 1850 905 1853 ’

153 1887 221 1921 hoc
244 1888 359 1931 capite
387 1891 421 1920 et
437 1888 595 1930 proximo
617 1888 758 1921 videtur
777 1888 868 1922 hau-

153 1936 256 1978 sisse,
286 1936 417 1968 dictum
445 1936 480 1968 in
508 1935 694 1969 Prooeniio
723 1948 752 1971 c.
784 1938 841 1972 25.

226 2004 380 2038 Silurum
407 2004 557 2039 colorati
586 2006 724 2039 vultus:
763 2007 866 2040 colo-

154 2053 223 2086 rari
251 2063 327 2086 cnm
358 2053 520 2086 homines
558 2058 592 2087 et
619 2054 772 2088 inductis
800 2065 865 2089 co-

154 2100 290 2135 loribus
318 2106 352 2134 et
376 2101 464 2134 solis
490 2102 596 2135 radiis
623 2103 771 2146 possint,
798 2103 866 2137 hoc

154 2149 235 2183 loco
264 2154 380 2183 tamen
408 2151 549 2183 nonnisi
581 2149 625 2184 dc
651 2151 783 2184 effectu
807 2162 866 2185 ar-

155 2197 250 2230 doris
283 2208 353 2231 vox
388 2198 538 2232 colorati
573 2198 775 2245 (gebrctunt)
803 2211 866 2234 ac-

155 2246 319 2290 cipienda
345 2251 409 2280 est.
446 2245 531 2280 Nam
559 2246 627 2280 hoc
654 2246 730 2280 vult
755 2248 866 2282 intel-

153 2293 240 2339 ligi,
276 2288 434 2328 habitum
472 2295 591 2329 vultus
627 2295 705 2329 sole
736 2296 866 2341 Hispa-

153 2343 233 2375 nico
270 2343 479 2387 impressum
519 2343 655 2377 incolas
691 2344 774 2379 inde
801 2345 866 2379 ad-

155 2395 277 2424 vectos
293 2392 464 2434 tenuisse,
484 2392 776 2437 quemadmodum
795 2394 866 2427 Ca-

152 2439 288 2472 ledonii
326 2439 449 2473 rutilas
491 2450 608 2473 comas
647 2445 682 2473 et
718 2452 866 2487 magnos

153 2491 250 2520 artus
277 2486 526 2521 Germanorum
555 2499 599 2521 ex
626 2489 780 2534 antiquis
805 2502 868 2524 se..

154 2535 256 2568 dibus
282 2545 403 2570 secum
431 2536 699 2570 transtulerunt.
742 2538 867 2583 ltaque

153 2583 223 2617 huc
249 2583 339 2618 nihil
369 2585 525 2628 pertinet
543 2584 638 2629 quod
655 2585 758 2618 tradit
773 2587 867 2620 Cae-

152 2643 208 2665 sar
235 2631 275 2666 B.
306 2631 345 2666 G.
376 2633 400 2666 V
430 2633 499 2667 14:
551 2643 667 2667 omnes
709 2646 790 2668 vero
831 2647 866 2668 se

153 2681 318 2714 Britanni
342 2682 430 2715 vitro
454 2682 632 2724 inficiunt,
661 2683 750 2726 quod
781 2694 866 2716 cae-

151 2728 285 2762 ruleum
317 2730 426 2774 ‘efficit
459 2730 634 2772 colorem,
672 2736 774 2775 atque
800 2731 866 2765 hoc

152 2775 350 2810 horridiore
378 2783 456 2811 sunt
480 2779 518 2811 in
540 2789 660 2823 puyna
678 2780 863 2824 adspectu;

152 2824 196 2857 cf.
228 2825 400 2858 Martialis
436 2826 482 2859 XI
510 2827 567 2860 54.

153 2871 305 2906 Silurum
333 2873 378 2907 cf.
406 2874 449 2907 ad
478 2886 507 2908 c.
540 2875 595 2909 17.

631 2826 684 2861 De
720 2827 863 2862 sedibus

190 2978 193 2979 γ
210 2944 326 2988 posita
353 2950 478 2980 contra
489 2946 686 2994 Hispania.-
714 2946 758 2983 de
780 2958 862 2983 cor-

938 1846 999 1884 pta
1021 1841 1254 1875 habitantium
1286 1846 1346 1875 aut
1379 1841 1655 1887 significationis

938 1889 1173 1923 similitudine
1195 1890 1360 1933 inductus
1387 1900 1450 1935 pro
1466 1901 1655 1937 occupasse

939 1939 1116 1981 expressit
1153 1938 1327 1972 habitasse
1376 1941 1460 1983 (per
1496 1941 1652 1985 comps),

938 1986 1000 2019 sed
1026 1987 1116 2019 vitio
1145 1986 1391 2020 animadverso
1423 1987 1492 2022 hoc
1515 1988 1655 2035 subno-

938 2035 1027 2067 tavit
1053 2039 1089 2068 et
1114 2035 1150 2068 in
1181 2035 1342 2080 margine
1368 2046 1489 2071 venam
1519 2036 1653 2070 lectio-

938 2093 1017 2116 nem
1044 2093 1231 2127 occupasse
1257 2082 1449 2127 supplevit.
1496 2083 1653 2119 Orellius

937 2131 1112 2165 habitasse
1142 2131 1292 2176 recepit.

1022 2202 1176 2247 proximi
1203 2202 1314 2236 Gallis
1344 2209 1375 2237 et
1399 2202 1528 2237 similes
1552 2209 1652 2238 sunt:

939 2249 1070 2284 Caesar
1098 2250 1139 2284 B.
1169 2250 1206 2285 G.
1235 2251 1261 2285 V
1293 2251 1354 2286 14:
1390 2263 1433 2284 ea:
1458 2251 1511 2286 his
1538 2253 1652 2288 omni-

938 2298 998 2332 bus
1016 2298 1117 2344 lonye
1132 2305 1211 2334 sunt
1230 2299 1471 2334 humanissimi
1484 2301 1653 2345 quiC'an-

936 2349 1020 2381 tium
1048 2347 1205 2382 incolunt
1223 2374 1231 2390 ‚
1263 2359 1350 2393 quae
1376 2349 1472 2394 regio
1500 2355 1548 2383 est
1573 2361 1653 2383 ma-

937 2396 1056 2430 ritima
1082 2397 1204 2437 omnis,
1229 2408 1339 2442 neque
1363 2397 1507 2432 multum
1525 2409 1548 2431 a
1564 2397 1653 2434 Gat-

937 2444 1008 2477 lica
1036 2445 1203 2490 differunt
1233 2446 1491 2486 consuetudine.

1021 2526 1081 2547 seu
1116 2516 1404 2559 procurrentibus
1442 2517 1480 2550 in
1513 2517 1652 2551 diversa

936 2563 1065 2596 terris.-
1111 2567 1205 2597 terra
1232 2563 1413 2598 Gallorum
1438 2565 1475 2598 in
1501 2569 1651 2610 septen-

936 2611 1086 2645 trionem
1114 2613 1301 2655 procurrit,
1329 2613 1511 2647 Britannia
1539 2615 1650 2648 meri-

936 2658 1027 2692 diem
1055 2669 1191 2694 versus.
1247 2661 1394 2695 Scilicet
1419 2672 1536 2707 neque
1565 2663 1650 2696 uni...

934 2717 1072 2741 versam
1101 2708 1250 2743 Galliam
1287 2720 1404 2755 neque
1430 2710 1650 2744 Britanniam

936 2756 1124 2799 complecti
1159 2757 1304 2800 voluit,
1343 2758 1406 2792 sed
1441 2757 1648 2797 Britanniae

933 2809 1068 2847 partem
1094 2805 1388 2849 meridionalem,
1422 2806 1559 2842 Galliae
1584 2818 1647 2842 se-

933 2853 1221 2895 ptentrionalem.
1243 2855 1375 2888 Vocem
1393 2857 1496 2890 terris
1511 2855 1647 2890 Graece

932 2901 1167 2945 interpretare
1189 2903 1346 2949 χώραις,
1372 2913 1443 2937 non
1465 2910 1547 2943 ταῖς
1565 2906 1646 2951 χιό-ι-Δ

934 2962 1021 2999 ραις
1054 2951 1156 2997 (oder
1190 2951 1269 2988 weit
1293 2952 1332 2988 in
1359 2951 1553 2997 Landcrn,
1590 2951 1647 2989 dte
