1768 3216
724 199 1034 236 HISTORIARVM

137 208 210 244 266
1417 213 1449 237 a.
1474 207 1511 237 u.
1538 201 1622 240 822.

139 324 220 380 qui.
260 324 469 365 Postremo
501 318 674 362 abiectis
706 318 832 360 armis
863 317 1004 373 sugam
1033 322 1074 359 et
1103 316 1274 360 fallendi
1303 323 1415 362 artes
1442 319 1628 362 circum-

137 398 385 453 spectabant.
447 395 683 447 Inrumpunt
729 392 938 434 Vitelliani
970 398 1027 443 *et
1059 397 1209 435 cuncta
1258 394 1464 449 sanguine
1510 394 1626 438 ferro

135 471 387 523 flammisque
417 468 629 510 miscent.-
664 467 789 509 Pauci
829 468 1066 510 militarium
1114 469 1326 521 virorum,
1372 468 1482 511 inter
1524 475 1631 523 ques

134 545 309 588 maxime
340 543 527 598 insignes
560 542 776 584 Cornelius
809 543 1026 595 Martialis,
1059 542 1265 585 Aemilius
1307 543 1518 596 Pacensis,
1546 542 1632 586 Oa·-

103 619 294 674 ssperius
311 618 454 673 Niger,
473 617 619 659 Didius
642 617 816 670 Scaeva,
848 629 1029 673 pugnam
1062 618 1151 660 ausi
1184 618 1496 660 obtruncantur.
1533 616 1632 662 Fla·
1675 649 1677 651 -

129 693 240 734 vium
271 692 467 735 Sabinum
500 692 701 733 inermem
741 703 877 745 neque
918 692 1058 747 sugam
1100 696 1361 746 coeptantem
1404 692 1631 734 circumsi-

129 771 251 819 stunt,
282 771 322 808 et
341 766 549 816 Quintium
568 765 750 808 Atticum
780 767 1011 819 consulem,
1045 767 1189 809 umbra
1219 767 1394 810 lionoris
1414 771 1456 810 et
1473 770 1634 810 suamet

128 842 307 883 vanitate
339 845 625 893 monstratum,
659 842 770 895 quod
804 842 941 884 edicta
973 843 1014 883 in
1044 842 1239 896 populum
1265 853 1341 896 pro
1373 833 1632 896 Vespasiano

131 916 382 971 magnifica,
428 916 633 970 probrosa
677 916 880 958 adversus
911 916 1119 958 Vitellium
1149 917 1318 959 iecerat.
1381 917 1520 959 Ceteri
1560 928 1635 970 per

79 990 269 1032 novarios
301 1001 422 1032 casus
455 990 598 1044 elapsi,
639 991 805 1044 quidam
829 991 974 1034 servili
1010 992 1174 1045 habitu,
1216 991 1286 1033 alii
1318 991 1399 1034 fide
1423 991 1634 1034 clientium

129 1066 310 1107 contecti
332 1069 371 1107 et
388 1066 496 1107 inter
511 1065 701 1107 sarcinas
725 1065 866 1107 abditi.
891 1067 1024 1109 Fuere
1040 1068 1110 1121 qui
1127 1071 1303 1121 excepto
1315 1066 1631 1109 Vitellianorum

128 1141 361 1195 signo,qu0
385 1140 493 1182 inter
509 1152 555 1182 se
571 1141 868 1194 noscebantur,
890 1141 997 1183 ultro
1021 1142 1252 1203 rogitantes
1275 1141 1634 1196 respondentesve

127 1214 345 1257 audaciam
376 1227 450 1268 pro
485 1214 642 1256 latebra
670 1215 885 1257 haberent.
937 1216 1198 1258 Domitianus
1229 1215 1362 1270 prima
1393 1215 1633 1270 inruptione
1647 1217 1705 1257 ⁷4

126 1288 232 1342 apud
265 1289 473 1348 aedituum
506 1289 751 1342 occultatus,
785 1289 971 1332 sollertia
1001 1290 1140 1333 liberti
1171 1289 1282 1333 lineo
1315 1289 1467 1332 amictu
1485 1288 1634 1334 turbae

76 1359 423 1409 1⁵sacricolarum
458 1365 666 1406 immixtus
704 1365 1018 1420 ignoratusque,
1052 1364 1158 1419 apud
1182 1364 1422 1407 Cornelium
1452 1364 1631 1408 Primum

125 1441 339 1492 paternum
375 1438 566 1481 clientem
598 1440 711 1480 iuxta
736 1439 958 1481 Velabrum
982 1439 1156 1481 delituit.
1205 1439 1269 1481 Ac
1288 1440 1474 1494 potiente
1493 1451 1634 1483 rerum

123 1516 239 1566 pat-re
286 1513 462 1555 disiecto
505 1514 658 1556 aeditui
701 1515 1003 1568 contubernio,
1050 1515 1260 1556 modicum
1301 1513 1500 1557 sacellum
1542 1513 1632 1558 Iovi

124 1586 419 1632 Conservatori
441 1586 793 1646 aramque'posuit
810 1602 930 1648 casus
949 1602 1048 1648 suos
1071 1590 1112 1632 in
1134 1602 1341 1649 marmore
1360 1601 1603 1648 exlil‘ssfflffli!
1621 1603 1633 1642 ;

27 1610 133 1701 „aix
168 1671 170 1673 ,
589 1644 827 1669 ,ms-m
1045 1649 1059 1653 a
1100 1648 1102 1650 ψ

256 1728 290 1762 4.
321 1728 469 1773 ἰηεί9ηἰε
495 1727 569 1762 Ma:
601 1729 629 1763 G
656 1729 822 1774 insignes.
900 1729 933 1764 6.
961 1734 1072 1774 caept.
1105 1726 1170 1762 Ma.
1253 1729 1308 1764 10.
1334 1727 1404 1773 fid&
1431 1725 1496 1762 Ma.
1572 1726 1628 1763 15.

121 1774 204 1808 inm.
235 1774 298 1809 Ma.
400 1777 453 1811 18.
500 1777 651 1812 fortasse
679 1778 747 1811 fuit
774 1783 806 1811 et
833 1789 934 1812 casus
959 1789 1039 1812 suos
1065 1778 1103 1810 in
1137 1787 1314 1812 marmore
1350 1787 1546 1823 expressos.
1601 1774 1630 1811 G

123 1833 289 1870 casusque
314 1835 393 1859 suos
416 1826 456 1859 in
480 1837 656 1860 marmore
683 1827 864 1872 expressit.

196 1952 227 1980 et
255 1952 382 1981 cuncta
406 1949 579 1994 sanquine
610 1950 707 1993 ferro
734 1950 837 1994 [lam-

123 1995 252 2039 misque
286 1996 453 2030 miscent:
491 1997 677 2030 Vitelliani
711 1998 740 2030 si
768 1998 836 2030 mi-

122 2052 188 2076 nus
222 2048 413 2086 auctores»,
452 2049 486 2077 at
529 2055 635 2078 causa
666 2044 837 2089 Capitolii

123 2091 263 2125 incensi
302 2091 475 2126 fuerunt:
514 2093 620 2127 iidem
660 2103 698 2126 re
727 2093 837 2127 semel

123 2139 291 2174 inchoata
316 2151 429 2186 usque
463 2141 506 2174 ad
540 2140 717 2175 excidium
755 2152 839 2185 per-

123 2189 303 2222 stiterunt.
353 2189 444 2223 Hinc
477 2200 583 2223 causa
621 2189 838 2235 intelligitur

125 2247 186 2270 our
210 2248 229 2270 a
254 2239 485 2282 scriptoribus
514 2248 636 2281 parum
671 2244 838 2272 accurate

123 2287 346 2320 narrantibus
375 2287 484 2320 totius
501 2286 712 2320 calamitatis
735 2286 837 2330 culpa

126 2334 329 2369 Vitellianis
376 2335 602 2377 ascribatur,
655 2335 766 2368 veluti
819 2346 839 2368 a

123 2382 239 2416 Plinio
268 2382 306 2416 N.
335 2383 375 2416 ll.
410 2383 555 2417 xxxiv
586 2385 648 2425 17,
684 2383 837 2427 losepho

123 2430 163 2464 Β.
199 2429 274 2464 lud.
307 2431 354 2464 lv
386 2434 425 2465 11.
469 2434 503 2474 ἕ.
531 2435 574 2474 4,
623 2432 740 2466 Dione
779 2443 834 2476 ap.

123 2477 258 2523 Xiphil.
286 2478 379 2513 LXV
408 2481 462 2515 17.

196 2527 284 2571 quod
311 2527 426 2560 edicta
454 2529 499 2560 in
521 2528 685 2573 populum
713 2549 757 2554 —-
784 2529 838 2562 ie-

126 2580 243 2608 cerat:
269 2586 380 2609 vanus
406 2576 511 2609 homo
540 2576 666 2609 edictis
691 2577 764 2609 suis
795 2588 838 2610 ex

125 2623 303 2667 Capitolio
330 2624 365 2657 in
395 2624 565 2668 populum
584 2625 746 2658 demissis
770 2626 838 2658 ini-

124 2677 245 2716 petum
271 2674 448 2706 ruentium
477 2672 594 2719 frangi
619 2679 837 2717 speraverat.

204 2720 271 2763 side
305 2721 508 2755 clientium.-
552 2721 616 2755 hos
655 2723 690 2755 in
738 2722 841 2756 turba

126 2767 325 2802 cohortium
371 2770 558 2815 plebisque
601 2770 757 2804 urbanae
804 2774 840 2804 in

126 2815 339 2861 Capitolium
361 2829 571 2864 progressos
593 2830 672 2853 esse
689 2820 839 2864 cogites.

199 2865 385 2900 audaciam
403 2878 467 2911 pro
491 2867 628 2901 latebra
652 2868 840 2901 haberent:

126 2911 310 2947 Ernestius
347 2914 503 2948 laudavit
538 2916 697 2950 Sallustii
732 2916 835 2950 Catil.

130 2959 193 2995 58:
221 2962 373 2996 (audacia
394 2973 460 3009 pro
486 2974 583 2998 muro
610 2963 768 3004 liabetur.

979 1946 1063 1991 Cap.
1093 1947 1149 1981 74.
1205 1946 1299 1992 apud
1339 1946 1542 1993 (redituum.-
1577 1949 1632 1980 est

907 1995 1071 2030 aedituus
1098 1994 1221 2038 templi
1239 1994 1447 2038 Capitolini.
1479 1993 1625 2028 sueton.

906 2045 1008 2078 Dom.
1044 2045 1085 2077 1:
1111 2043 1387 2088 inrumpentibus
1414 2042 1631 2076 adversariis

909 2098 940 2126 et
968 2092 1113 2125 ardente
1151 2091 1274 2136 templo
1318 2090 1411 2136 apud
1454 2091 1631 2124 aedituum

908 2141 999 2173 clam
1022 2141 1272 2185 pernoctavit,
1314 2150 1358 2172 ac
1391 2150 1494 2172 mane
1522 2139 1632 2173 Isiaci

908 2188 1040 2222 celatus
1066 2187 1188 2221 habitu
1219 2189 1377 2232 interque
1412 2186 1632 2231 sacrificulos

907 2249 1021 2271 vanae
1047 2237 1322 2281 superstitionis,
1361 2248 1438 2270 cum
1463 2247 1499 2270 se
1525 2241 1627 2270 trans

912 2285 1058 2319 Tiberim
1086 2284 1132 2318 ad
1146 2284 1378 2330 condiscipuli
1403 2286 1457 2318 sui
1483 2289 1632 2318 matrem

908 2335 1030 2367 comite
1064 2344 1133 2366 uno
1170 2333 1394 2376 contulisset,
1438 2334 1491 2366 ita
1520 2331 1631 2366 ‘latuit

906 2388 942 2416 ut
968 2382 1215 2424 scrutantibus,
1242 2382 1301 2426 qui
1325 2382 1472 2427 vestiyia
1508 2380 1630 2414 subse-

909 2432 978 2464 cuti
1005 2436 1131 2471 erant,
1174 2430 1388 2475 deprehendi
1413 2440 1484 2463 non
1506 2434 1630 2474 potue-

907 2480 964 2513 rit.
1018 2479 1056 2512 ln
1085 2478 1140 2512 his
1175 2479 1285 2513 Isiaci
1327 2477 1448 2512 habitu
1480 2481 1535 2512 est
1568 2477 1630 2523 qui

908 2527 1000 2571 apud
1026 2527 1183 2562 Tacitum
1211 2527 1323 2560 lineus
1350 2527 1508 2560 amictus.
1574 2524 1630 2559 Ab

910 2586 951 2610 co
980 2578 1112 2609 vestitu
1140 2576 1245 2610 lsiaci
1280 2574 1423 2621 lini-qen
1450 2574 1628 2608 dicuntur.

910 2624 1032 2659 luven.
1066 2624 1111 2658 VI
1140 2625 1232 2659 533:
1265 2624 1322 2668 qui
1346 2635 1452 2669 yreye
1479 2623 1630 2669 liniyero

910 2673 1144 2707 circumdatus
1170 2678 1203 2706 et
1226 2684 1332 2718 yreqe
1359 2671 1471 2706 catvo.

982 2733 1149 2766 aramque
1183 2722 1300 2768 posuit
1343 2732 1444 2755 casus
1484 2730 1564 2753 suos
1593 2719 1632 2752 in

910 2782 1085 2805 marmore
1122 2780 1323 2816 expressam
1341 2780 1354 2802 .·

913 2830 992 2853 csse
1020 2829 1090 2852 non
1112 2819 1289 2853 videntur.
1317 2817 1415 2851 Nihil
1432 2816 1526 2862 quod
1541 2826 1633 2849 con-

912 2869 995 2901 ferri
1024 2869 1136 2911 possit
1171 2867 1266 2911 apud
1293 2866 1451 2899 'l'acitum
1487 2869 1542 2899 est
1569 2864 1630 2898 au't

910 2916 1018 2949 alium
1052 2917 1227 2950 sermonis
1261 2913 1439 2958 pedestris
1476 2913 1633 2960 scripto-

910 2974 997 2999 rem.
1050 2964 1146 2999 Unus
1176 2961 1341 2999 Valerius
1364 2961 1517 2998 Flaccus
1542 2961 1639 3009 (Ar-

1410 2768 1501 2802 haec
1546 2777 1632 2802 sana
1665 2766 1670 2772 '
