1768 3216
712 194 800 230 CAr.
830 195 919 231 41-
928 197 988 230 42.
1530 194 1603 231 245

114 309 222 358 v‘nas
251 322 303 352 ac
337 314 477 353 vestra
507 314 693 365 tempora
722 315 894 365 repente
926 315 1152 363 mutasset,
1192 323 1272 352 nec
1298 311 1420 354 vobis
1450 324 1610 355 summa

114 383 186 427 illa
215 383 306 427 laus
337 388 379 427 et
408 385 548 440 gloria
575 385 618 427 in
644 385 879 439 eloquentia
911 398 1045 440 neque
1076 385 1158 427 illis
1188 385 1335 428 modus
1366 390 1407 428 et
1447 390 1610 440 tempe..

115 463 346 502 ramentum
377 459 593 501 defuisset.
654 461 802 512 Nunc,
850 461 1045 514 quoniam
1080 472 1203 502 nemo
1245 461 1402 502 eodem>
1423 464 1610 515 tempore

117 533 294 588 adsequi
322 537 460 588 potest
488 545 683 589 magnam
711 534 863 576 samam
894 538 936 575 et
964 546 1159 589 magnam
1178 534 1373 588 quietem,
1403 535 1514 576 bono
1535 547 1611 576 se-

117 607 203 654 culi
232 607 299 650 sui
327 608 503 663 quisque
535 609 639 650 citra
668 608 1013 650 obtrectationem
1044 608 1215 650 alterius
1248 613 1398 651 utatur.
1624 613 1644 642 ⁵

254 682 438 725 Finierat
464 683 691 725 Maternus.
751 683 850 725 Tum
881 683 1073 735 Messala,
1106 683 1234 725 Erant
1259 683 1407 736 quibus
1438 687 1612 726 contra-

118 756 329 810 dicerem,
378 762 497 800 erant
527 757 579 800 de
611 758 759 812 quibus
798 758 914 812 plura
953 757 1037 799 dici
1074 757 1246 810 vellem,
1287 757 1369 798 uisi
1397 757 1490 814 iam·
1519 758 1611 800 dies

118 835 233 874 esset
256 835 441 874 exactus.
502 832 603 884 Fiet,
632 832 765 886 inquit
792 831 1018 884 Maternus,
1045 835 1190 886 postea
1221 832 1422 873 arbitratu
1450 835 1536 884 tuo,
1568 836 1610 874 et

117 907 156 949 si
185 918 266 961 qua
294 906 371 948 tibi
401 906 581 948 obscura
612 906 655 947 in
686 907 769 948 hoc
799 918 893 948 meo
932 919 1126 948 sermone
1167 907 1257 948 visa
1298 911 1419 958 sunt,
1467 907 1520 948 de
1561 907 1613 948 iis

117 991 263 1023 rursus
294 980 573 1022 conferemus.
624 980 689 1021 Ac
719 979 839 1021 simul
866 980 1099 1035 adsurgens
1129 984 1170 1021 et
1184 981 1340 1034 Aprum
1359 980 1612 1033 complexus,
1630 994 1670 1023 ιο

118 1054 228 1110 Ego,
258 1053 415 1108 inquit,
446 1057 488 1095 te
517 1053 669 1108 poetis,
699 1052 879 1095 Messala
911 1053 1154 1107 antiquariis
1187 1053 1507 1097 criminabimur.
1559 1052 1615 1094 At

120 1141 203 1184 ego
235 1141 315 1171 vos
345 1128 582 1171 rhetoribus
618 1132 660 1168 et
689 1127 969 1179 scholasticis,
1002 1127 1144 1180 inquit.

257 1203 359 1246 Cum
389 1203 652 1255 adrisissent,
686 1202 970 1243 discessimus.

47 686 105 727 42

221 1364 252 1398 1.
277 1363 373 1397 uitas
399 1373 445 1396 ac
468 1367 590 1396 uestra
617 1361 667 1394 P:
693 1360 784 1395 vitas
809 1371 854 1394 ac
877 1365 1012 1394 vestras
1037 1358 1076 1401 F,
1117 1360 1148 1392 si
1176 1359 1371 1393 Niebuhrio
1398 1358 1499 1400 fides,
1524 1359 1614 1392 vitas

122 1422 169 1446 ac
194 1416 322 1455 vestra,
347 1411 378 1445 si
404 1410 642 1456 Schluttigius
667 1419 792 1443 verum
818 1408 918 1442 vidit.
1035 1407 1070 1441 3.
1101 1419 1195 1441 nunc
1220 1409 1275 1452 qni
1297 1407 1333 1441 P.
1458 1408 1492 1441 5.
1523 1407 1559 1439 in
1586 1405 1613 1439 F

124 1463 216 1506 (non
242 1461 350 1495 etiam
375 1460 412 1493 in
439 1458 481 1504 P)
509 1463 589 1503 post
614 1463 734 1492 utatur
757 1467 909 1491 vacuum
934 1457 1099 1501 spatium,
1125 1457 1290 1489 nimirum
1315 1455 1358 1489 ad
1388 1454 1615 1489 indicandum

122 1509 231 1544 finem
254 1508 477 1554 quaestionis
502 1512 539 1541 et
564 1506 828 1551 disputationis.

124 1561 325 1592 correctum
349 1556 393 1590 ab
422 1556 577 1600 antiquis
602 1554 812 1590 editoribus.

123 1610 208 1640 ante
235 1604 455 1640 Rhenanam.

124 1654 337 1699 antiquariis
362 1651 592 1686 Puteolanus.

126 1804 235 1839 animi
277 1803 334 1838 sui
379 1803 595 1836 sententiam
640 1799 754 1835 libere
807 1804 843 1834 et

127 1858 269 1898 aperte,
302 1855 342 1885 ut
366 1849 517 1885 decebat
543 1850 722 1883 hominem
755 1858 842 1893 pro-

127 1902 211 1936 bum
238 1905 274 1935 et
298 1898 518 1943 simplicem,
561 1897 743 1942 professus
777 1901 843 1939 est,

127 1959 247 1996 neque
271 1947 413 1983 Tacitus
448 1946 610 1981 adhibuit
640 1944 841 1987 artificium,

129 2007 200 2044 quo
225 1998 304 2031 sine
330 2005 465 2030 summo
493 1994 722 2028 obscuritatis
752 1994 841 2026 vitio

129 2046 181 2081 uti
206 2055 278 2080 non
303 2048 455 2090 poterat.

204 2141 289 2187 cap.
314 2143 374 2176 42.
417 2146 487 2174 tum
514 2137 691 2173 Messala:
721 2135 844 2170 eadem

131 2191 275 2226 dicendi
301 2189 416 2223 forma
441 2200 472 2222 c.
502 2189 547 2222 25
574 2191 609 2220 et
635 2185 692 2220 28.
745 2184 846 2218 Doe-

131 2239 304 2274 derliuius
330 2238 458 2271 vitium
488 2235 588 2268 libris
616 2233 758 2276 scriptis
772 2236 847 2265 tra-

132 2287 244 2322 ditum
270 2296 348 2320 eum
373 2282 530 2318 Messala
553 2281 694 2315 admisit
712 2284 746 2313 et
762 2289 847 2322 pro..

132 2336 252 2371 batum
277 2335 344 2368 ivit
370 2330 535 2375 exemplo
566 2341 596 2363 c.
616 2327 683 2362 14:
707 2326 848 2360 vixdum

130 2385 275 2429 finierat
301 2381 497 2421 Maternus,
528 2398 572 2404 —
600 2387 677 2410 cum
711 2375 848 2419 Vipsta-

133 2444 200 2467 nus
216 2429 374 2467 Messala
399 2427 593 2462 cubiculum
619 2426 692 2458 eius
706 2423 847 2468 ingres-

134 2492 192 2515 m
217 2485 279 2522 est,
308 2478 372 2512 sed
396 2476 452 2510 his
475 2474 594 2509 verbis
620 2482 690 2506 non
717 2479 848 2515 appro-

134 2529 211 2563 bari
237 2532 277 2560 ut
299 2526 424 2560 Latine
456 2523 613 2557 dicamus
647 2531 723 2554 cum
750 2519 846 2552 Mes-

136 2576 216 2611 sala
248 2585 311 2620 pro
347 2583 390 2608 eo
417 2571 510 2617 quod
550 2574 604 2602 est
640 2580 716 2601 cnm
748 2566 844 2599 Mes-

136 2624 216 2658 sala
242 2624 329 2657 dixit
355 2620 414 2655 vel
448 2617 649 2663 respondit,
684 2616 769 2648 satis
797 2614 843 2647 li-

135 2675 232 2718 quet.

530 1604 565 1638 9.
588 1604 632 1638 iis
657 1602 724 1645 FP,
750 1612 822 1635 non
848 1601 914 1635 lois.

697 1651 751 1685 13.
778 1661 854 1684 arr.
882 1649 918 1684 P.

914 1505 949 1540 6.
976 1516 1052 1538 cum
1079 1503 1235 1538 Messala
1260 1504 1336 1538 FP:
1363 1510 1433 1537 tum
1460 1501 1617 1537 Messala

933 1555 966 1588 7.
994 1553 1036 1586 de
1062 1552 1181 1597 quibus
1207 1552 1289 1586 FP:
1317 1552 1435 1596 quibus
1462 1551 1618 1584 editores

982 1602 1036 1634 11.
1065 1602 1108 1634 ct'c'
1134 1601 1344 1644 antiquariis
1369 1599 1393 1632 P
1419 1603 1453 1633 et
1480 1599 1617 1633 ceteri:

987 1797 1143 1832 Messala
1175 1797 1408 1841 antiquariis:
1442 1806 1518 1828 cum
1544 1799 1626 1828 ante

914 1847 1124 1891 antiquariis
1136 1846 1171 1879 in
1186 1845 1327 1889 scriptis
1339 1844 1437 1877 libris
1451 1854 1494 1877 ex
1509 1843 1627 1877 verbis

914 1895 1064 1939 proximi
1091 1904 1215 1928 versus
1242 1904 1318 1926 cum
1340 1892 1544 1925 adrisissent
1566 1901 1627 1925 re-

914 1943 1063 1987 petitum
1091 1941 1243 1975 videtur.
1288 1940 1390 1982 Quod
1415 1940 1492 1973 fieri
1521 1938 1629 1973 facilc

915 1992 1051 2036 potuit,
1094 1991 1123 2024 si
1168 1991 1204 2023 in
1243 1994 1366 2022 vetere
1403 1987 1496 2021 libro
1534 1986 1630 2031 prior

915 2050 1039 2073 versus
1071 2049 1091 2072 a
1117 2048 1208 2072 voce
1237 2036 1468 2081 antiquariis,
1494 2034 1584 2068 alter
1609 2045 1631 2068 a

916 2099 992 2122 cum
1015 2087 1220 2120 adrisissem
1247 2086 1435 2129 inciperet.

988 2180 1227 2214 discessimus.-
1264 2178 1310 2211 ‘in
1339 2177 1408 2209 fine
1435 2179 1552 2208 autem
1580 2173 1629 2207 li-

916 2228 1025 2269 belli,
1054 2233 1092 2260 ut
1119 2228 1233 2260 cnivis
1260 2225 1382 2258 videre
1414 2227 1489 2263 est,
1518 2220 1629 2254 multa

916 2275 1055 2315 desunt,
1085 2280 1191 2318 atque
1220 2272 1309 2305 adeo
1337 2271 1529 2315 praecipua
1554 2268 1630 2302 dis-

918 2323 1122 2356 sertationis
1149 2321 1251 2364 pars’.
1280 2319 1434 2352 Ltt'stus.
1474 2315 1628 2350 Credere

919 2371 993 2403 noli
1024 2369 1259 2403 confidentius
1294 2377 1397 2411 quam
1424 2365 1545 2398 verius
1571 2363 1628 2397 af-

919 2418 1081 2451 firmanti.
1109 2415 1207 2450 Nihil
1236 2415 1293 2448 hic
1322 2414 1435 2447 deest.
1484 2413 1628 2446 Sermo-

918 2467 971 2499 nis
999 2469 1244 2511 argumentum
1270 2466 1435 2496 accurate
1462 2465 1497 2494 et
1522 2459 1630 2504 plene

917 2518 1100 2548 tractatum
1130 2517 1205 2549 est,
1251 2516 1285 2544 et-
1313 2510 1454 2555 qnidem
1482 2518 1525 2541 eo
1553 2507 1627 2540 dis..

915 2562 1110 2607 putationis
1137 2560 1260 2593 ordine
1280 2569 1392 2602 eaque
1417 2556 1627 2594 variatione,

913 2621 1004 2656 quae
1031 2609 1096 2643 sub
1124 2609 1228 2642 finem
1258 2607 1384 2649 eapitis
1415 2604 1513 2648 primi
1542 2611 1628 2645 pro..

912 2660 1025 2703 posita
1052 2662 1116 2692 est.

686 2851 907 2860 ——-—-—.-—-
921 2850 1041 2855 „,-.‚v
1057 2849 1071 2851 —
