1768 3216
176 207 253 251 ‘HG

181 332 339 388 regnis.

182 481 357 522 ludaeos
397 479 587 520 vocitari.

796 210 1106 248 HISTORIARVM

1468 223 1501 247 a.
1528 222 1565 248 u.
1589 212 1674 251 823.

400 332 699 386 Argumentum
740 342 763 370 e
802 330 969 371 nomine
1011 330 1184 384 petitur:
1225 329 1424 373 inclutum
1470 331 1514 375 in
1554 331 1675 378 Creta

31 424 155 470 Um.
182 408 293 449 Idam
325 411 529 455 montem3
562 405 729 446 accolas
750 404 900 447 Idaeos
932 409 1052 446 aucto
1084 405 1126 445 in
1156 405 1379 466 barbarum
1394 410 1675 461 cognomento

1386 459 1414 465 --
1419 460 1484 469 .,.„½„
1489 465 1542 472 ...Q
1551 464 1604 473 -p-

663 479 839 529 Quidam
882 465 1089 534 regnante
1129 463 1241 521 Iside
1285 480 1563 522 exundantem
1601 493 1677 535 per

182 554 416 608 Aegyptum
449 554 748 596 multitudinem
767 586 778 607 ,
813 555 986 596 ducibus
1017 554 1308 609 Hierosolymo
1338 568 1388 596 ac
1419 555 1517 597 Iuda
1537 585 1550 608 ,
1575 567 1678 610 pro-

149 628 309 677 5ximas
359 628 401 668 in
449 632 582 670 terras
631 632 927 680 exoneratam3
973 628 1161 683 plerique
1201 629 1452 685 Aethiopum
1498 629 1674 684 prolem,

178 715 280 756 quos
313 715 415 757 rege
448 702 615 756 Cepheo
647 708 778 745 metus
812 708 934 758 atque
965 703 1106 746 odium
1137 707 1296 746 mutare
1326 700 1677 759 sedes'perpule-

176 778 242 818 rit.
303 777 404 819 Sunt
435 778 503 831 qui
535 778 699 819 tradant
728 778 928 834 Assyrios
962 791 1174 838 convenas
1193 810 1205 832 ,
1248 779 1434 835 indigum
1477 791 1675 835 agnorum

176 852 384 906 populum,
417 857 533 906 parte
552 853 732 908 Aegypti
762 855 931 908 potitos,
964 837 1071 896 mo}
1081 854 1271 908 proprias
1291 855 1416 897 urbes
1435 855 1677 898 Hebraeas-

179 939 257 981 que
287 931 421 969 terras
449 931 489 969 et
521 928 719 982 propiora
750 928 898 983 Syriae
943 928 1138 971 coluisse.

310 1077 341 1120 1„
370 1075 536 1120 inclytum
563 1075 629 1119 Ma,
657 1077 816 1112 inclitum
841 1078 880 1112 G.

177 1126 209 1159 7.
238 1123 381 1162 trdant
407 1124 479 1159 Ma:
522 1125 665 1159 tradunt
694 1126 734 1160 G.

249 1323 490 1363 arqumentum
524 1330 543 1352 e
568 1321 709 1354 nomine
735 1320 887 1365 petitur:

177 1367 418 1401 coniecturam
461 1377 540 1401 esse
588 1370 673 1402 satis
716 1368 888 1403 infirmam

177 1414 361 1449 luculente
405 1416 565 1458 monuit,
615 1418 748 1462 quippe
787 1418 889 1451 cuius

177 1465 377 1497 sententiae
415 1469 663 1509 argumentum
706 1475 776 1498 non
819 1467 889 1500 nisi

176 1512 321 1546 nomine
355 1513 542 1547 niteretur.
606 1513 701 1547 Dicit
745 1515 890 1548 nomina

177 1560 366 1594 Idaeorum
415 1565 450 1595 et
487 1560 606 1595 addito
643 1574 667 1596 u
701 1563 820 1607 (aucto
852 1565 891 1597 in

178 1608 367 1642 barbarum
393 1614 634 1658 cognomento)
664 1611 888 1646 Iudaeorum.

176 1656 233 1690 llli
262 1657 360 1691 creti
392 1664 423 1691 et
450 1657 538 1692 Pleti
575 1670 619 1692 ex
653 1658 685 1693 11
712 1659 889 1694 Samuelis

175 1704 198 1739 8
228 1705 271 1740 18
306 1706 349 1739 ad
375 1706 487 1740 Taciti
526 1707 636 1742 verba
677 1708 889 1753 explicanda

177 1763 247 1786 non
276 1754 470 1788 adhibendi
498 1761 592 1790 sunt.

238 1808 340 1836 aucto
366 1804 404 1836 in
433 1803 646 1838 barbarum:
674 1804 779 1839 huius
803 1815 890 1839 sen-

176 1852 311 1884 tentiae
349 1856 531 1886 auctorem
561 1853 733 1887 Graecum
771 1854 890 1888 homi-

177 1909 257 1932 nem
293 1909 372 1932 esse
410 1900 469 1934 vel
505 1911 549 1934 ex
584 1901 702 1934 addito
738 1903 777 1935 in
804 1902 890 1936 bar-

178 1946 301 1980 barum
338 1947 390 1992 (h.
424 1959 455 1981 e.
499 1953 537 1981 ut
570 1949 758 1983 barbarum
789 1950 891 1984 fieret

179 1998 215 2028 et
241 2006 260 2027 a
287 1995 423 2028 Graeco
450 1995 643 2043 abludens)
670 1998 795 2043 liquet.
835 1998 889 2032 Cf.

180 2041 229 2075 VI
255 2044 320 2077 42:
354 2053 463 2087 neque
499 2045 537 2077 in
577 2045 766 2080 barbarum
808 2058 891 2080 cor-

179 2095 293 2135 rupta.

253 2138 391 2182 quidam
417 2146 587 2184 reynante
614 2142 705 2176 Iside
734 2163 776 2168 -—-
804 2154 890 2176 exo-

179 2192 362 2220 neratam.-
388 2187 433 2221 cf.
455 2187 602 2223 Diodor.
633 2190 707 2226 128
735 2195 769 2225 et
790 2190 891 2225 Plut-

181 2234 307 2268 archus
334 2235 377 2269 de
404 2235 450 2269 Isi
481 2241 516 2270 et
542 2236 633 2272 Osir.
669 2250 697 2272 c.
729 2240 787 2274 31.
814 2240 892 2273 Au-

182 2287 256 2316 ctor
286 2284 499 2318 narrationis
525 2296 596 2319 non
624 2287 803 2333 cognitus.

240 2337 347 2365 metus
364 2338 471 2377 atque.
493 2333 629 2369 odium.-
653 2340 768 2368 metus
790 2336 893 2381 ipso-

181 2390 274 2423 rum,
312 2380 430 2414 odium
454 2381 684 2427 Aethiopum.
737 2384 790 2418 De
816 2385 892 2419 Ae-

181 2428 342 2472 thiopum
363 2430 578 2474 antiquitate
593 2431 770 2466 Diodorus
788 2432 891 2476 11123

181 2477 314 2520 Moysis
341 2477 510 2512 adversus
538 2489 599 2513 eos
626 2481 892 2524 expeditionem

181 2530 299 2558 narrat
324 2525 496 2570 Iosephus
521 2527 604 2562 Ant.
633 2528 708 2563 Iud.
739 2529 855 2565 1110.

253 2580 331 2607 sunt
359 2575 417 2619 qui
441 2575 607 2610 tradant.-
649 2581 702 2611 est
728 2578 806 2622 ipsa
831 2577 893 2611 Iu-

183 2621 349 2655 daeorum
379 2625 534 2657 narratio
564 2635 585 2658 a
608 2623 729 2659 Tacito
757 2637 801 2660 ex
823 2626 894 2660 ali-

183 2680 252 2714 quo
287 2671 462 2715 scriptore
499 2672 633 2707 Graeco
679 2678 740 2708 aut
788 2674 892 2717 Trojo

183 2717 352 2762 Pompeio
381 2720 495 2763 (conf.
523 2722 648 2755 Iustini
676 2722 823 2756 XXXVI
850 2725 892 2768 2)

185 2772 344 2811 accepta.
384 2767 514 2802 Genes.
541 2770 587 2803 XI
612 2769 657 2804 31
685 2776 721 2804 et
751 2771 814 2805 XII
835 2771 890 2813 12,

186 2813 265 2848 XIV
295 2816 357 2857 13,
411 2816 483 2850 XLI
510 2818 574 2860 55,
619 2818 727 2853 XLVI
768 2821 783 2854 1
812 2830 888 2864 sqq.

188 2861 312 2896 XLVII
339 2864 363 2897 4
389 2868 423 2897 et
444 2865 497 2899 11.
523 2865 636 2901 Exod.
669 2867 683 2901 1
714 2869 727 2900 1
750 2878 826 2913 sqq.
856 2872 892 2901 et

185 2908 277 2944 liber
301 2911 361 2956 qui
386 2911 591 2947 inscribitur
620 2914 739 2950 Iosue.
801 2915 892 2950 Pro-

185 2958 283 3002 prias
307 2957 408 2994 urbes
443 2959 529 2995 dicit
565 2973 651 3008 quas
683 2963 893 3000 habitavere

834 1126 868 1160 8.
903 1124 1116 1171 he‘breasque
1144 1125 1209 1160 Ma.

174 1185 196 1219 p
225 1183 402 1218 superscr.
431 1174 444 1207 i
469 1172 535 1217 Ma,
567 1173 660 1208 unde
688 1174 716 1207 G
739 1176 924 1221 propiora.

1200 929 1320 971 Clara
1339 929 1409 972 alii
1428 929 1676 975 Iudaeorum

965 1079 1000 1111 2.
1028 1077 1148 1112 iudeos
1174 1077 1240 1112 Ma.
1339 1078 1374 1113 4.
1407 1079 1583 1124 aegiptum
1606 1076 1674 1114 Μ’.

1316 1126 1349 1162 9.
1374 1137 1533 1173 propora
1555 1126 1674 1161 medio

998 1175 1180 1209 iudeorum
1207 1173 1274 1210 ΜΒ.

938 1324 1041 1354 ⁴ante
1083 1329 1187 1365 quam
1228 1325 1329 1365 parte
1359 1320 1519 1366 Aegypti
1565 1320 1671 1366 potiti

956 1373 1038 1402 sunt
1064 1367 1212 1413 (Genes.
1247 1369 1290 1403 XI
1315 1370 1396 1416 31).

1033 1417 1135 1450 clara
1160 1417 1224 1451 alii
1250 1438 1295 1443 —-
1310 1418 1456 1461 fecisse:
1483 1417 1574 1452 haec
1596 1428 1667 1452 non

956 1466 1035 1499 sine
1063 1465 1184 1510 aliqua
1202 1467 1369 1500 irrisione
1405 1476 1527 1500 eorum
1559 1467 1665 1510 dicta,

957 1515 1017 1560 qui
1043 1513 1187 1548 Homeri
1218 1514 1409 1549 versiculis
1437 1519 1572 1549 tantum
1601 1516 1669 1550 tri..

959 1562 1111 1596 buerent
1130 1589 1140 1605 ,
1179 1567 1217 1596 ut
1242 1563 1414 1608 populum
1452 1565 1487 1597 in
1523 1564 1567 1598 iis
1593 1575 1673 1598 me-

958 1614 1132 1645 moratum
1159 1621 1222 1656 pro
1249 1611 1346 1646 claro
1372 1611 1558 1646 haberent.

1035 1658 1216 1704 Solymos,
1274 1661 1488 1695 carminibus
1531 1661 1676 1695 Homeri

959 1708 1173 1742 celebratam
1185 1715 1344 1754 gentem:
1374 1720 1407 1743 v.
1424 1707 1526 1743 Iliad.
1543 1710 1577 1744 Z
1591 1708 1673 1752 184,

960 1756 1088 1800 odyss.
1116 1757 1244 1794 E283.
1273 1757 1370 1800 Quos
1398 1762 1576 1803 tamquam
1601 1757 1671 1791 ha-

959 1805 1114 1839 bitantes
1161 1808 1201 1843 ἐν
1237 1807 1431 1854 Σολύμοις
1467 1806 1575 1853 ὄρεσι
1611 1816 1673 1840 re-

959 1854 1100 1887 censuit
1126 1852 1316 1889 Choerilus
1347 1855 1484 1889 Samius
1510 1855 1548 1889 in
1575 1859 1675 1889 cata-

958 1902 1044 1948 logo
1061 1901 1212 1937 militum
1223 1903 1351 1938 Xerxis
1374 1902 1565 1949 (Iosephus
1584 1913 1675 1937 con-

958 1951 1152 1994 traApion.
1180 1951 1194 1985 1
1219 1953 1299 1998 22),
1329 1951 1530 1987 Phoenices
1556 1951 1673 1995 fuere,

958 2008 1030 2032 non
1057 1998 1192 2033 ludaei.

1034 2046 1276 2093 Hierosolyma
1305 2059 1433 2081 nomen
1468 2060 1486 2082 e
1523 2060 1584 2082 suo
1615 2049 1674 2094 fe..

960 2096 1079 2129 cisse:
1121 2095 1267 2129 formam
1308 2095 1586 2141 Hierosolymam
1606 2123 1617 2140 ‚
1654 2107 1675 2131 a

960 2143 1197 2177 deterioribus
1255 2144 1357 2178 libris
1399 2144 1673 2189 suppeditatum,

961 2193 1165 2236 procreavit
1201 2194 1382 2227 recentior
1407 2203 1531 2227 manus
1558 2195 1595 2227 in
1621 2192 1675 2228 Ma

963 2241 1039 2274 eius
1069 2241 1129 2285 qui
1156 2241 1282 2275 vitium
1309 2241 1566 2276 removendum
1594 2252 1674 2276 esse

959 2288 1098 2332 sedulo,
1125 2289 1189 2323 sed
1206 2290 1386 2333 imperite,
1413 2290 1674 2335 putaretxsci-

961 2336 1048 2371 licet
1083 2347 1213 2371 nomen
1241 2337 1491 2383 Hierosolyma
1526 2337 1674 2383 pluralis

960 2387 1100 2419 numeri
1126 2386 1307 2430 positione
1333 2386 1564 2421 scribendum
1594 2396 1675 2421 esse

962 2434 1161 2468 certissime
1177 2433 1260 2468 binc
1282 2435 1449 2478 efficitur,
1477 2434 1571 2481 quod
1589 2434 1675 2469 nul-

961 2482 1017 2515 lus
1052 2492 1154 2515 casus
1194 2492 1343 2516 numero
1381 2483 1556 2528 singulari
1581 2481 1676 2527 apud

960 2529 1118 2564 Tacitum
1154 2530 1190 2562 in
1226 2529 1317 2564 libro
1351 2532 1497 2576 antiquo
1534 2532 1674 2575 reperi-

961 2583 1028 2612 tur.
1083 2575 1186 2612 Conf.
1214 2577 1255 2612 H.
1281 2578 1312 2613 ΙΙ
1337 2579 1384 2614 4:
1417 2579 1674 2625 oppugnatione

962 2626 1292 2671 Hierosolymorum.
1330 2627 1418 2662 lbid.
1452 2628 1480 2662 V
1505 2626 1531 2662 4
1561 2631 1673 2661 extu:

961 2674 1057 2708 haud
1082 2674 1207 2720 procul
1227 2675 1488 2721 Hierosolymis.
1517 2675 1558 2711 9:
1584 2676 1676 2710 muri

963 2722 1293 2767 Hierosolymorum.
1332 2726 1397 2761 10:
1428 2730 1510 2759 ante
1535 2725 1676 2759 moenia

963 2771 1312 2815 Hierosolymorum3
1363 2773 1496 2808 ibidem
1531 2778 1675 2818 praeter
1718 2795 1721 2797 >

963 2819 1214 2864 Hierosolyma.
1247 2822 1287 2854 11
1303 2832 1312 2854 ε
1339 2831 1383 2855 ac
1399 2822 1437 2855 ni
1453 2822 1571 2855 statim
1587 2821 1674 2855 Hie-

961 2867 1137 2912 rosolyma
1170 2869 1417 2912 conciderent,
1456 2870 1593 2903 moran·
1617 2869 1681 2907 υἰ-,

963 2916 1147 2950 elebantur.
1199 2916 1238 2951 In
1269 2927 1346 2962 cap.
1373 2918 1396 2952 8
1431 2917 1676 2963 Hierosolyma

960 2965 1057 3011 qemi
1071 2971 1176 3012 caput
1196 2964 1345 3002 verbum
1371 2966 1537 3002 consulto
1561 2966 1674 3002 omis-
