1768 3216
765 231 853 268 GAr.
884 233 1040 270 18-19.
1588 238 1659 273 1⁹7

158 357 282 402 quem
311 358 429 389 reum
461 346 641 401 faciunt,
690 360 812 403 quem
852 349 1028 403 primum
1058 349 1276 394 adfirmant
1304 342 1475 396 flexisse
1505 353 1557 395 ab
1586 353 1657 396 illa

153 425 300 464 vetere
327 426 451 477 atque
481 422 648 465 dicendi
679 423 838 466 directa
871 425 963 478 via,
995 437 1079 467 non
1108 427 1344 469 infirmitate
1374 427 1535 483 ingenii
1577 441 1657 471 nec

154 497 323 541 inscitia
351 497 577 540 litterarum
610 499 872 541 transtulisse
902 512 949 542 se
978 500 1030 542 ad
1062 501 1162 543 illud
1195 501 1366 544 dicendi
1391 515 1526 557 genus
1546 515 1656 545 con-

152 572 295 624 tendo,
325 572 401 614 sed
436 572 592 614 iudicio
627 577 668 615 et
695 573 920 616 intellectu.
981 575 1093 617 Vidit
1122 588 1316 630 namque,
1349 580 1394 617 ut
1417 577 1538 631 paulo
1558 582 1654 620 ante

151 647 358 701 dicebam,
393 660 486 690 cum
516 648 759 690 conditione
788 653 1020 703 temporum
1050 654 1093 692 et
1118 650 1361 693 diversitate
1378 652 1539 693 aurium
1558 652 1684 699 for-5

151 734 259 765 mam
303 734 468 778 quoque
508 727 551 765 et
586 724 770 777 speciem
810 724 1012 766 orationis
1056 737 1152 767 csse
1192 726 1444 768 mutandam.
1512 726 1653 768 Facile

147 797 387 852 perferebat
415 798 532 852 prior
561 798 629 840 ille
660 798 864 853 populus,
906 803 951 840 ut
981 800 1195 854 imperitus
1228 804 1269 841 et
1298 800 1443 853 rudis,
1473 801 1653 855 impedi-

148 872 400 914 tissimarum
429 873 665 915 orationum
694 874 844 927 spatia,
878 877 1000 928 atque
1031 874 1071 915 id
1102 875 1236 928 ipsum
1259 874 1373 916 laudi
1392 875 1580 928 dabatur,
1613 876 1650 917 si

148 946 331 989 dicendo
360 947 453 1001 quis
480 946 591 989 diem
629 947 845 989 eximeret.
914 947 1000 990 lam
1037 960 1138 990 vero
1184 948 1311 1004 longa
1349 949 1648 1003 principiorum

143 1020 409 1076 praeparatio
449 1024 491 1062 et
534 1021 787 1063 narrationis
829 1021 910 1063 alte
949 1021 1126 1075 repetita
1166 1022 1301 1064 series
1343 1026 1384 1063 et
1430 1023 1647 1065 multarum
1661 1031 1702 1070 m

145 1094 395 1138 divisionum
427 1096 648 1138 ostentatio
680 1100 721 1138 et
752 1095 862 1138 mille
893 1100 1234 1152 argumentorum
1256 1096 1426 1152 gradus,
1460 1097 1648 1151 etquid-

244 1262 275 1296 1.
302 1261 432 1306 affirm.
459 1260 496 1295 Ρ.
572 1261 654 1308 illa]
683 1262 827 1296 videtur
852 1261 966 1296 fuisse
988 1262 1059 1296 ista
1088 1263 1124 1297 in
1152 1262 1188 1297 Ρ.
1280 1263 1315 1297 2.
1343 1262 1485 1296 dicendi
1511 1263 1649 1297 directa

145 1309 195 1344 P:
222 1309 360 1344 directa
381 1309 523 1344 dicendo·
546 1309 574 1344 F
596 1320 675 1344 cum
701 1309 794 1344 aliis.
923 1311 958 1345 3.
989 1310 1078 1344 illud
1103 1309 1183 1344 FP:
1221 1309 1260 1344 id
1284 1310 1463 1345 editiones
1489 1315 1644 1345 veteres.

145 1359 180 1394 5.
206 1358 413 1394 condicione
438 1358 475 1393 P.
552 1358 586 1394 6.
616 1364 648 1392 et
673 1359 822 1404 speciem
841 1358 889 1392 P:
922 1369 967 1392 ac
991 1360 1142 1404 speciem
1166 1363 1309 1392 veteres
1335 1359 1526 1393 editiones.
1609 1360 1643 1393 7.

146 1406 207 1442 ille
230 1406 283 1441 F:
311 1407 336 1441 P
360 1408 437 1442 iste.
538 1408 877 1453 imperitissimarum
902 1406 973 1441 FP:
1001 1408 1158 1441 correxit
1182 1407 1351 1442 Muretus.
1482 1408 1518 1442 8.
1546 1407 1645 1441 lauda·

144 1455 296 1491 dabatur
319 1455 372 1491 F:
397 1455 567 1491 laudabat
593 1455 618 1491 P
644 1466 723 1493 cum
751 1456 845 1491 aliis.
924 1457 979 1491 1¹.
1007 1455 1171 1501 quiequid
1194 1455 1230 1489 P.

217 1620 304 1668 Gap.
337 1621 392 1657 19.
422 1623 633 1657 constituere
657 1622 769 1657 sotem
796 1634 858 1657 us-

145 1682 209 1717 que
258 1670 307 1705 ad
343 1670 502 1706 cassium
540 1671 727 1715 Severum,
762 1683 861 1717 quem

145 1732 244 1754 reum
266 1719 416 1766 faciunt,
443 1731 561 1765 quem:
585 1721 621 1755 in
648 1720 740 1754 libro
757 1720 859 1754 Peri-

148 1769 302 1808 zoniano
327 1769 405 1802 sive
428 1768 596 1803 Leidensi
615 1769 710 1814 quod
726 1769 860 1815 legitur

144 1831 170 1867 q
197 1822 233 1852 et
256 1817 536 1862 superscribitur
560 1829 628 1861 an,
669 1822 859 1863 utrumque

146 1867 375 1900 coniecturae
399 1865 550 1901 debetur
576 1871 613 1901 et
636 1865 751 1901 falsae
775 1867 859 1911 opi-

143 1915 258 1958 nioni,
284 1913 412 1949 adesse
438 1916 621 1949 enuntiata
654 1916 859 1961 interroga-

143 1965 243 1997 tivat
288 1974 369 1998 nam
405 1965 504 2008 prius
540 1969 595 1997 est
627 1973 692 2008 pro
727 1965 788 2009 qui
822 1967 859 1997 et

143 2012 257 2057 ipsius
283 2011 432 2046 Pontani
467 2023 573 2046 manu
598 2017 638 2046 nt
665 2011 856 2047 delendum

143 2065 312 2104 notatur,
344 2060 497 2095 alterum
522 2060 661 2100 illatum
688 2065 727 2094 ut
762 2065 859 2095 esset

143 2120 193 2143 an
215 2120 323 2155 nsque
350 2109 400 2144 ad
425 2109 637 2152 caninat),
674 2108 710 2143 b.
739 2120 772 2143 e.
798 2108 857 2143 di-

143 2157 248 2192 cendi
274 2157 388 2192 forma
411 2158 584 2203 proximis
616 2158 763 2192 minime
796 2168 857 2191 ac-

143 2206 377 2241 commodata.
391 2206 446 2240 Ex
463 2206 526 2241 illo
541 2219 568 2252 g
580 2205 642 2240 alii
663 2206 807 2240 codices
822 2210 858 2240 et

143 2255 281 2300 antiqui
330 2255 486 2289 editores
534 2266 632 2299 quem
678 2255 855 2288 fecerunt.

143 2302 290 2337 Sublata
329 2314 437 2347 prava
490 2304 699 2337 coniectura
737 2303 857 2335 omnia

142 2350 236 2385 bene
262 2361 301 2384 se
327 2351 460 2385 habent
476 2377 485 2394 ‚
511 2351 579 2384 nisi
606 2349 700 2395 quod
727 2359 853 2382 nomen

144 2399 303 2434 Cassium
320 2399 440 2433 addito
460 2399 675 2445 cognomine
690 2398 856 2431 Severum

144 2447 359 2493 explendum
387 2452 452 2490 est,
480 2447 626 2481 ut'fecit
638 2445 855 2480 Puteolanus

142 2501 180 2531 et
203 2497 239 2531 in
267 2496 448 2531 Vaticanis
488 2496 588 2530 libris
612 2497 732 2529 inesse
762 2494 856 2528 dici-

142 2549 209 2579 tur.
238 2544 361 2580 Scriba
387 2544 550 2592 neglexit
568 2547 713 2589 propter
735 2553 853 2587 parem

141 2595 429 2628 terminationem
448 2593 615 2627 vocabuli
635 2591 855 2625 anteceden-

142 2643 201 2678 tis.
226 2642 443 2676 Puteolanus
454 2642 607 2675 licenter
623 2639 856 2683 interpolavit

140 2689 273 2727 solent:
301 2701 400 2735 quem
424 2701 530 2734 usque
546 2689 594 2722 ad
614 2688 773 2722 Cassium
786 2688 854 2721 Se-

140 2750 261 2773 verum
284 2738 447 2783 saciant:
482 2749 580 2782 quem
612 2737 762 2782 primum
792 2737 853 2781 af-

138 2788 281 2831 firmant
307 2791 391 2828 cet.‚
417 2797 508 2831 quae
533 2785 645 2831 vulgo
670 2785 851 2831 leguntur.

140 2835 303 2870 Nostram
338 2836 511 2869 rationem
547 2833 699 2879 praeivit
723 2833 852 2867 Brote-

141 2885 234 2926 rius,
272 2884 342 2917 nisi
378 2883 473 2929 quod
512 2893 574 2927 pro
612 2881 726 2916 altero
755 2893 852 2926 quem

140 2932 307 2966 substitui
333 2932 450 2966 voluit
472 2941 658 2976 quemque;
686 2929 748 2964 sed
767 2940 852 2974 par-

141 2980 286 3016 ticulam
314 2991 385 3015 non
412 2980 605 3015 desiderari
626 2984 724 3014 recte
741 2980 853 3013 sensit

929 1622 1121 1657 Dronkius.
1137 1622 1278 1656 Tacitus
1294 1632 1421 1656 vanam
1435 1623 1520 1667 Apri
1534 1622 1644 1658 uber-

928 1676 1037 1706 tatem
1065 1671 1233 1713 imitatur,
1261 1681 1303 1705 ac
1316 1675 1495 1705 structura
1510 1671 1643 1706 verbo-

928 1731 1003 1754 rum
1030 1720 1154 1754 eadem
1183 1724 1262 1762 est,
1286 1731 1391 1765 quam
1418 1721 1453 1753 in
1480 1720 1640 1754 eiusdem

927 1770 1078 1803 oratoris
1106 1778 1270 1802 sermone
1284 1779 1388 1813 supra
1404 1770 1640 1814 cognovimus

928 1820 980 1863 (c.
1006 1817 1072 1864 9):
1100 1829 1137 1851 se
1160 1818 1271 1862 ipsum
1297 1815 1424 1860 colere,
1453 1829 1552 1851 suum
1575 1829 1639 1862 qe-

925 1867 1022 1900 nium
1043 1866 1252 1912 propitiare.
1281 1865 1396 1899 Verba
1420 1876 1518 1910 quem
1541 1877 1640 1899 reum

924 1915 1065 1960 faciunt
1090 1925 1170 1948 cum
1196 1914 1316 1959 aliqua
1342 1915 1508 1948 irrisione
1545 1914 1639 1948 dicta

925 1968 1020 2006 sunt,
1045 1973 1150 2009 quam
1175 1962 1375 1996 Theodisce
1399 1962 1546 1996 reddas:
1572 1962 1640 1996 den

924 2013 975 2047 sie
1003 2012 1042 2045 in
1063 2010 1225 2056 Anktaqe
1247 2016 1436 2045 versetzen.

982 2059 1325 2106 impeditissimarum
1341 2060 1540 2093 orationum
1553 2070 1639 2105 spa-

925 2109 998 2142 tia:
1022 2113 1062 2142 ut
1087 2108 1170 2142 loca
1192 2107 1364 2152 impedita
1384 2112 1477 2150 sunt,
1504 2108 1540 2141 in
1555 2109 1638 2153 qui-

925 2156 990 2191 bus
1023 2167 1147 2191 cursus
1188 2161 1223 2191 et
1253 2155 1383 2202 gradus
1411 2156 1639 2200 implicantur

924 2211 985 2240 aut
1021 2205 1253 2247 cohibentur,
1289 2206 1342 2238 sic
1378 2205 1558 2238 orationes
1594 2214 1638 2238 eo

924 2255 1013 2288 vitio
1043 2253 1226 2295 laborant,
1269 2253 1329 2285 ubi
1372 2252 1515 2297 singula
1544 2252 1638 2285 male

924 2302 1118 2335 cohaerent
1145 2306 1179 2334 et
1209 2300 1388 2334 audientis
1413 2299 1636 2333 intellectum

923 2349 1133 2393 impediunt.
1179 2348 1248 2382 Sed
1275 2348 1442 2392 quoniam
1468 2347 1638 2391 impedita

924 2397 1003 2430 loca
1026 2397 1168 2441 proprie
1183 2396 1367 2437 dicuntur,
1392 2401 1475 2440 apte
1499 2396 1636 2429 oracio-

920 2457 1003 2479 mam
1026 2446 1142 2490 spatia
1160 2444 1290 2490 posuit.
1319 2442 1489 2478 Codicum
1510 2445 1635 2477 vitium

921 2493 1149 2528 antecedenti
1175 2493 1355 2538 imperitus
1378 2493 1555 2538 originem
1569 2491 1635 2526 de-

921 2542 993 2576 bet.
1030 2541 1066 2575 ln
1095 2542 1120 2575 P
1146 2547 1201 2576 est
1225 2545 1308 2575 nota
1335 2541 1611 2588 Qvitksimamm.

995 2590 1217 2624 narrationis
1257 2590 1328 2623 alte
1379 2590 1528 2635 repetita
1576 2599 1634 2621 se-

922 2639 992 2673 ries
1009 2651 1020 2672 .-
1064 2640 1219 2673 narratio
1246 2638 1319 2672 alte
1344 2639 1529 2682 repetitur,
1556 2637 1584 2669 si
1614 2645 1634 2668 a

924 2688 1041 2721 causis
1058 2688 1203 2722 remotis
1228 2687 1279 2721 rei
1310 2685 1503 2719 narrandae
1532 2684 1634 2728 prin-

923 2737 1054 2780 cipium
1081 2737 1243 2769 sumitur.
1289 2735 1407 2767 Series
1433 2730 1633 2778 longitudi-

922 2795 1001 2818 nem
1028 2784 1242 2818 narrationis
1280 2782 1477 2826 significat‚
1519 2789 1634 2824 eaque

921 2833 1098 2877 explicari
1136 2831 1194 2865 vel
1229 2831 1357 2875 exponi
1382 2834 1523 2874 potest,
1562 2838 1632 2861 non

921 2879 990 2913 alte
1016 2882 1135 2925 repeti.
1177 2879 1266 2912 llinc
1290 2879 1457 2924 repetitae
1481 2887 1544 2921 pro
1568 2887 1630 2909 re-

918 2929 1029 2974 petita
1075 2939 1095 2962 a
1128 2927 1237 2961 Taciti
1278 2937 1383 2960 manu
1435 2925 1633 2970 profectum

922 2987 1001 3011 esse
1028 2977 1209 3011 coniicere
1227 2976 1307 3022 quis
1330 2976 1462 3021 possit:
1489 2973 1551 3008 sed
1574 2984 1631 3007 re-
