1716 3282
398 723 896 784 CORNELII
953 721 1307 782 TAclTl

261 839 348 898 ΙΙ
392 839 437 894 1
484 841 532 897 S
579 838 648 894 Τ
695 839 753 895 0
799 837 878 895 R
919 837 966 894 1
1013 837 1084 894 A
1127 837 1206 894 R
1247 837 1318 894 V
1363 835 1444 892 M

610 959 788 1011 LIBER
838 958 1075 1010 PRIMVS.

531 1216 948 1262 BREVIARIVM
996 1217 1183 1262 LIBRI.

233 1326 323 1374 Cap.
351 1326 494 1363 1—11:
534 1328 754 1375 prooemium
785 1328 1038 1363 Historiarum.
1090 1327 1280 1363 Scribendi
1313 1337 1424 1362 causa
1450 1326 1616 1371 definitur

95 1393 130 1423 et
151 1389 368 1436 propositum
394 1389 450 1438 (1)
482 1399 529 1424 ae
561 1400 698 1424 summa
730 1400 851 1424 rerum
882 1389 950 1424 boc
985 1400 1094 1437 opere
1128 1388 1385 1424 tradendarum
1421 1387 1612 1434 exponitur

96 1449 242 1498 (2-3)‚
269 1461 353 1484 mox
377 1446 549 1496 repetitur
575 1450 690 1495 quatis
715 1456 827 1485 status
850 1450 950 1485 urbis
973 1452 1116 1498 (4-7),
1144 1461 1235 1496 quae
1259 1460 1357 1484 mens
1384 1449 1614 1491 exercituum,

95 1511 174 1556 quis
212 1509 353 1545 habitus
379 1511 651 1557 provinciam
688 1512 814 1546 Servio
850 1511 966 1547 Galba
999 1512 1127 1546 iteruin
1165 1511 1237 1546 Tito
1286 1510 1389 1545 Vinio
1416 1508 1615 1544 consulibus

99 1571 267 1619 (8-11).

235 1631 325 1678 Cap.
353 1632 521 1668 12—49:
554 1633 782 1679 imperatoris
816 1631 952 1668 Galbae
971 1637 1175 1679 postrema.
1228 1632 1362 1666 Seditio
1390 1631 1566 1677 legionum
1598 1641 1616 1663 e

94 1691 277 1737 amariore
303 1691 499 1727 Germania
523 1694 691 1727 nuntiata
716 1693 910 1727 maturavit
935 1683 1122 1727 consilium
1149 1691 1284 1727 Galbae
1309 1693 1382 1725 iam
1406 1691 1544 1737 pridem
1571 1689 1613 1723 de

96 1751 286 1798 adoptione
311 1764 428 1787 secum
455 1759 487 1787 et
509 1765 587 1787 cum
609 1754 783 1799 proximis
812 1754 995 1798 agitantis.
1037 1752 1227 1787 Praelatus
1255 1752 1382 1786 ceteris
1409 1751 1487 1785 Piso
1513 1751 1617 1785 Lici-

96 1812 228 1846 nianus
251 1813 442 1860 (12—14).
480 1813 615 1847 Galbae
641 1813 690 1847 ad
713 1813 809 1847 bunc
834 1814 949 1847 oratio
976 1818 1009 1847 et
1034 1813 1235 1847 exhortatio
1260 1813 1451 1859 (15—16)‚
1479 1811 1618 1846 Pisonis

96 1871 298 1907 moderatus
323 1866 464 1907 animus
489 1873 582 1919 (17).
631 1873 784 1919 Adoptio
808 1874 849 1907 in
875 1873 1004 1907 castris
1028 1878 1237 1920 nuncupata
1261 1873 1356 1920 apud
1380 1873 1526 1907 militem
1552 1874 1615 1907 do-

96 1932 254 1966 nativum
280 1932 403 1979 cupide
430 1938 463 1967 et
487 1935 626 1978 frustra
651 1939 906 1979 expectantem,
934 1939 1005 1967 tum
1030 1934 1127 1981 apud
1147 1939 1271 1981 patres
1299 1934 1490 1981 (18-19).
1543 1932 1617 1968 Le-

96 1994 173 2039 gati
194 1993 292 2028 missi
318 1993 367 2027 ad
390 1994 576 2028 seditiosas
604 1994 643 2028 in
673 1995 870 2029 Germania
897 1995 1066 2041 legiones.
1110 1995 1281 2029 Proxima
1302 1996 1478 2042 pecuniae
1506 2006 1616 2038 cura,-

98 2051 253 2087 Neronis
278 2053 487 2088 donationes
512 2055 695 2101 repetitae,
723 2061 757 2089 et
781 2055 865 2090 urbs
890 2056 1050 2101 inquieta
1075 2055 1298 2090 auctionibus
1319 2056 1415 2104 (20).
1468 2054 1616 2090 Othonis

93 2119 174 2160 post
198 2113 402 2160 adoptatum
428 2114 590 2150 Pisonem
615 2115 813 2162 desperatio
842 2122 875 2150 et
901 2127 1002 2150 omne
1029 2117 1068 2150 in
1094 2117 1232 2151 turbido
1258 2115 1464 2160 consilium,
1490 2118 1616 2150 stimu-

97 2173 190 2209 latus
222 2175 262 2209 in
298 2185 472 2222 praeceps
507 2187 531 2210 a
568 2177 827 2212 mathematicis
862 2184 895 2212 et
933 2178 1067 2212 intimis
1103 2177 1308 2212 libertorum
1355 2188 1614 2222 servorumque.

76 2233 227 2268 -Studia
259 2235 409 2269 militum
440 2236 514 2269 iam
553 2242 636 2270 ante
668 2243 832 2284 prompta
867 2236 999 2271 Othoni
1033 2243 1066 2272 et
1100 2239 1261 2284 quaesita
1295 2238 1486 2285 (21—24).
1539 2237 1574 2271 Is
1598 2248 1617 2270 e

97 2294 231 2329 libertis
271 2295 499 2330 Onomastum
528 2298 649 2342 futuro
687 2297 815 2332 sceleri
851 2299 1029 2344 praefecit
1067 2300 1159 2345 (25).
1212 2299 1336 2333 Etiam
1368 2298 1545 2343 leyionum
1584 2302 1617 2330 et

96 2353 313 2389 auxiliorum
339 2367 428 2400 quae
457 2362 540 2390 tunc
566 2357 605 2390 in
630 2357 715 2391 urbe
740 2364 856 2392 motae
881 2365 1013 2393 mentes
1022 2371 1035 2402 ;
1062 2364 1199 2405 parata
1223 2359 1318 2406 apud
1343 2358 1455 2392 malos
1476 2357 1615 2400 seditio,

97 2415 193 2462 apud
216 2416 373 2462 integros
399 2416 620 2452 dissimulata
639 2420 728 2465 (26).
776 2419 864 2454 Otho
893 2431 937 2454 ex
962 2419 1102 2454 Palatio
1131 2426 1164 2455 et
1190 2432 1214 2454 a
1244 2421 1471 2464 sacrificante
1502 2418 1618 2454 Galba

101 2475 277 2521 digressus
302 2488 326 2510 a
353 2478 506 2512 consciis
530 2479 571 2512 in
596 2485 718 2514 castra
754 2482 896 2527 rapitur
933 2487 966 2515 et
987 2483 1156 2529 princeps
1194 2482 1402 2517 declaratur
1423 2481 1614 2527 (27—28).

79 2537 176 2580 -Quo
200 2538 325 2571 nuntio
351 2538 400 2572 ad
428 2538 577 2574 Galbam
597 2540 737 2587 perlato
762 2541 899 2588 placuit
922 2544 1122 2589 pertentari
1155 2545 1312 2578 animum
1346 2542 1501 2577 cohortis
1527 2553 1617 2587 quae

99 2597 139 2631 in
165 2597 304 2632 Palatio
329 2600 516 2634 stationem
543 2602 691 2647 aqebat3
738 2603 876 2637 Pisonis
907 2603 956 2637 ad
993 2615 1071 2638 eam
1095 2605 1211 2639 oratio
1237 2605 1426 2651 (29-30).
1481 2603 1616 2638 Cohors

99 2668 174 2691 non
201 2665 397 2705 aspernata
423 2661 686 2697 contionantem
707 2670 819 2710 parat
841 2665 967 2710 signa:
996 2666 1107 2700 ceteri
1130 2664 1258 2700 milites
1285 2665 1333 2699 ad
1356 2664 1526 2699 Othonem
1552 2663 1616 2696 de-

96 2718 221 2761 ficiunt
248 2720 342 2768 (31).
396 2721 544 2756 Interim
567 2722 666 2769 plebs
692 2723 861 2759 adulatur
890 2725 1043 2768 Galbae,
1080 2726 1140 2770 qui
1171 2726 1329 2760 incertus
1354 2723 1610 2759 manendumne

98 2778 198 2812 intra
231 2778 369 2813 domum
405 2792 454 2815 an
489 2783 594 2817 iratis
631 2784 768 2818 obviam
804 2785 956 2819 eundum
993 2787 1182 2832 (32-33).
1245 2785 1359 2820 Galba
1396 2783 1615 2829 speciosiora

99 2838 325 2873 suadentibus
351 2842 511 2876 accessit.
564 2843 644 2877 Piso
668 2844 707 2877 in
735 2850 856 2878 castra
879 2846 1115 2891 praemissus,
1155 2856 1219 2890 quo
1253 2845 1314 2877 vix
1339 2855 1478 2889 egresso
1503 2854 1615 2889 vayus

102 2907 226 2932 rumor
262 2901 431 2950 occisum.
450 2903 488 2936 in
525 2905 652 2938 castris
690 2905 878 2950 Othonem,
917 2913 949 2940 et
977 2907 1091 2941 Galba
1116 2905 1206 2939 sella
1232 2905 1366 2938 letatus
1403 2916 1447 2938 ez
1471 2903 1612 2939 Palatio

96 2959 325 3002 progreditur
350 2963 539 3009 (34—35).
591 2965 699 3000 Haud
723 2966 850 3000 dubiae
875 2968 914 3001 in
941 2968 1068 3001 castris
1094 2966 1247 3000 omnium
1270 2971 1402 3001 mentes
1433 2971 1465 3000 et
1489 2966 1615 3012 inqens

100 3017 208 3062 favor
232 3031 319 3066 crya
346 3022 538 3068 Othonem,
577 3027 636 3071 qui
661 3027 824 3062 oratione
851 3026 996 3062 militem
1021 3025 1177 3062 stimulat
1206 3027 1396 3077 (36-38).
1452 3026 1567 3063 Galba
1592 3035 1617 3061 a

169 3098 293 3130 Tacitus
313 3101 367 3130 ιιι.
1374 3101 1400 3138 1
