1768 3216
63 881 122 922 45

758 235 847 271 Gn.
870 237 1027 273 43—45.

1585 241 1633 274 69

136 359 272 407 eoque
299 362 404 393 unus
437 351 658 407 imperitat,
690 353 813 395 nullis
844 354 925 395 iam
956 355 1287 408 exceptionibus,
1318 367 1405 398 non
1431 357 1629 411 precario

135 424 237 466 iure<
255 425 442 478 parendi.
491 425 579 468 Nec
609 439 738 484 arma,
767 431 816 468 ut-
843 428 950 481 apud
982 432 1148 470 ceteros
1181 429 1427 484 Germanos,
1458 432 1501 472 in
1527 443 1632 486 pro-

136 498 324 552 miscuo,
353 500 429 552 sed
461 501 612 550 clausa
630 502 706 543 sub
738 502 912 544 custode
932 534 943 555 ,
975 507 1015 545 et
1046 503 1213 557 quidem
1243 516 1396 558 servo,
1429 505 1524 560 quia
1555 517 1631 548 su-

135 573 245 616 bitos
274 573 452 616 hostium
486 576 680 618 incursus
710 577 903 630 prohibet
933 577 1141 631 Oceanus,
1175 578 1311 621 otiosa
1331 591 1458 634 porro
1488 593 1630 623 arma-

135 651 271 695 torum
312 661 458 691 manus
501 649 625 692 facile
672 651 907 693 lasciviunt.

986 652 1212 695 Enimvero
1261 666 1397 708 neque
1446 655 1661 702 nobilem's

133 735 270 777 neque
314 724 568 779 ingenuum,
605 737 660 769 ne
698 725 931 767 libertinum
977 726 1140 780 quidem
1191 729 1316 770 armis
1368 741 1628 783 praeponere

133 798 254 854 regia
283 798 438 840 utilitas
469 803 545 840 est.

268 872 399 915 Trans
430 873 608 935 Suiones
641 873 753 916 aliud
784 887 925 927 mare,
966 875 1130 930 pigrum
1160 889 1210 918 ac
1239 888 1369 931 prope
1400 876 1626 930 immotum,

132 959 214 1002 quo
242 947 358 1003 cingi
386 948 579 1002 cludique
608 953 812 991 terrarum
844 950 986 992 orbem
1018 950 1116 991 hinc
1138 950 1257 1003 fides,
1289 950 1400 1005 quod
1417 955 1627 993 extremus

131 1022 318 1064 cadentis
346 1022 426 1064 iam
457 1022 560 1064 solis
591 1022 732 1078 fulgor
757 1024 798 1064 in
831 1028 964 1066 ortum
995 1024 1142 1066 edurat
1172 1025 1279 1067 adeo
1310 1025 1447 1067 clarus
1476 1029 1521 1066 ut
1566 1026 1628 1067 si-
1642 1039 1680 1068 ιο

130 1095 232 1139 dera
273 1096 464 1147 hebetet3
513 1108 661 1138 sonum
707 1098 878 1152 insuper
919 1098 1172 1153 emergentis
1214 1098 1349 1140 audiri
1389 1099 1626 1153 formasque

129 1167 303 1213 deorum
334 1175 375 1212 et
403 1171 546 1213 radios
577 1172 724 1225 capitis
751 1173 882 1226 aspici
912 1173 1127 1226 persuasio
1159 1173 1298 1215 adicit.
1349 1173 1448 1214 Illuc
1479 1159 1624 1228 usque,

129 1249 171 1286 et
198 1245 307 1288 fama
338 1258 453 1298 vera,
486 1250 642 1288 tantum
670 1251 830 1289 natura.

262 1397 299 1433 4.
343 1399 462 1432 ociosa
491 1398 538 1432 P:
576 1400 708 1433 otiosae
736 1403 917 1443 comparet
945 1400 979 1432 in
1010 1397 1129 1433 Coleri
1166 1400 1397 1434 annotatione
1434 1404 1469 1434 et
1503 1401 1539 1433 in
1566 1401 1620 1435 ed.

127 1445 336 1481 Ernestiana
343 1473 351 1480 .

126 1592 249 1637 rique:
274 1592 437 1626 nonnulli
462 1595 609 1638 formas.

130 1737 219 1771 hero
252 1736 399 1770 arbitrio
436 1736 611 1779 dominari
654 1738 844 1782 sequeutia

131 1790 288 1828 narrant,
314 1795 386 1819 non
406 1786 573 1831 precario
604 1786 682 1819 iure
706 1797 843 1831 paren-

131 1833 193 1876 di,
230 1833 264 1868 h.
305 1844 338 1867 e.
373 1837 411 1866 ut
446 1833 515 1867 sibi
554 1833 670 1868 velint
705 1845 842 1878 parere,

131 1881 297 1926 precibus
322 1892 393 1915 non
420 1882 679 1926 impetrandum
722 1882 840 1916 habet.

129 1929 274 1964 Frustra
321 1929 469 1964 offendit
506 1930 762 1964 Doederlinius
807 1935 843 1964 et

131 1978 287 2012 coniecit
310 1989 383 2011 non
405 1980 572 2024 precario
598 1980 695 2021 iure,
737 1979 844 2013 nullis

129 2027 202 2060 inm
226 2026 486 2072 exceptionibus
509 2026 673 2073 parendi.

137 2118 184 2180 vl
201 2098 303 2180 rie-qia
327 2097 460 2131 utititas
487 2103 556 2132 est.-
585 2098 632 2132 cf.
651 2103 773 2134 annot.
798 2099 842 2133 ad

203 2217 290 2262 Gap.
323 2217 382 2252 45.
434 2222 534 2250 trans
569 2218 718 2252 Suiones
744 2219 843 2253 aliud

131 2276 255 2299 mare:
289 2265 376 2299 dicit
414 2264 595 2299 Oceanum
620 2268 841 2310 septentrio-

131 2313 249 2347 nalem
275 2317 371 2346 trans
386 2313 588 2358 Norvagiae
611 2313 742 2347 flexum
769 2325 840 2359 quo

131 2362 372 2394 sinistrorsum
408 2362 566 2394 excurrit
599 2361 634 2394 in
675 2370 772 2395 mare
799 2362 841 2395 ud

132 2409 268 2443 insulas
285 2407 546 2444 Shetlandicas.
659 2409 698 2441 in
731 2415 843 2443 ortum

133 2457 280 2492 edurat.-
319 2457 372 2490 rei
398 2467 540 2491 eausam
570 2456 752 2501 explicare
778 2467 842 2491 co-

133 2510 236 2539 natur
261 2506 297 2540 in
311 2504 483 2551 Agricola
508 2516 538 2538 c.
571 2506 625 2547 12,
652 2504 744 2539 libro
771 2505 842 2539 ali-

132 2553 299 2600 quamdiu
326 2558 410 2587 ante
437 2553 659 2587 Germaniam
684 2555 792 2587 edito.

206 2635 328 2659 sonum
358 2625 501 2669 insuper
533 2625 740 2668 emergentis
773 2635 841 2658 au-

133 2673 230 2706 diri:
260 2682 323 2716 pro
351 2671 722 2716 emergentis‘liipsius
741 2682 842 2705 com-

133 2720 315 2754 mendavit
339 2731 375 2753 se
401 2722 588 2764 merqentis
621 2721 842 2754 assentiente

137 2767 382 2809 Doedertinio,
412 2767 597 2800 Ernestius
624 2768 770 2801 verbum
797 2768 840 2802 ab

135 2815 255 2851 aliena
280 2826 385 2849 manu
405 2814 559 2848 additum
586 2816 743 2859 putabat,
770 2827 839 2861 quo

134 2868 280 2898 auctore
307 2863 463 2897 deletum
493 2864 596 2896 estin
620 2863 837 2898 editionibus

134 2913 250 2953 novis,
274 2912 529 2947 ahlassmanno
557 2912 659 2944 uncis
684 2913 838 2946 circum-

134 2960 264 2995 datuma
316 2959 368 2994 Ac
404 2958 515 3004 Lipsii
542 2958 686 3005 quidem
713 2961 839 2996 conie-

450 1447 485 1482 8.
512 1448 662 1481 Suiones
690 1447 733 1481 P:
767 1459 811 1481 ex
838 1449 968 1481 ceteris
994 1447 1157 1493 plerique
1183 1449 1349 1481 Suionas.

131 1495 188 1532 10.
215 1500 328 1530 ortum
350 1495 375 1528 P
401 1500 437 1530 et
462 1497 515 1531 A:
545 1495 606 1530 alii
633 1502 712 1530 ortu
737 1501 799 1530 aut
824 1502 931 1530 ortus.

127 1542 268 1589 risque:
294 1543 397 1578 abest
421 1555 441 1578 a
466 1545 625 1589 quinque
651 1544 1089 1627 coffgibzzitscigclffvw).

1447 1449 1558 1483 Fmotu'i
1583 1449 1620 1483 P.

1060 1497 1114 1531 11.
1150 1497 1357 1542 emer-yemis
1383 1496 1407 1529 P
1434 1507 1513 1530 cum
1540 1497 1621 1541 ple-

1200 1547 1400 1590 sormasque
1427 1544 1451 1578 P
1478 1549 1515 1578 et
1539 1545 1621 1590 ple-

912 1742 1010 1770 ctura
1037 1745 1181 1780 prorsus
1207 1736 1407 1780 spernenda
1433 1742 1499 1772 est.
1536 1737 1622 1772 Nam

913 1786 1004 1819 haec
1036 1785 1230 1829 descriptio
1270 1795 1342 1818 non
1379 1790 1519 1829 spectat
1556 1797 1623 1820 ex-

912 1838 1062 1867 tremum
1098 1833 1330 1867 Occidentem
1369 1834 1530 1879 solisque
1557 1844 1623 1868 oc-

914 1892 1054 1924 casum,
1093 1881 1136 1915 de
1162 1892 1232 1926 quo
1258 1883 1327 1915 iam
1354 1883 1439 1915 satis
1469 1881 1622 1916 relatum

912 1935 978 1972 est,
1009 1929 1072 1963 sed
1100 1934 1232 1963 tractus
1249 1930 1541 1974 septentrionalis
1559 1941 1621 1965 re-

912 1980 1056 2024 gionem
1086 1977 1257 2012 adversus
1269 1977 1451 2013 Orientem
1471 1979 1617 2025 longius

911 2031 1120 2071 promotam.
1156 2027 1254 2072 Lege
1283 2026 1388 2059 modo
1418 2037 1510 2071 quae
1537 2037 1623 2071 pro·

911 2076 1006 2108 xime
1032 2075 1165 2118 scripta
1189 2079 1291 2108 sunt:
1339 2075 1539 2109 Occidentis
1563 2076 1623 2109 in-

910 2124 995 2157 sutis
1032 2124 1201 2167 terrisque
1235 2124 1348 2156 inesse
1396 2123 1623 2168 (fecundiora

911 2175 1076 2217 nemora)
1115 2171 1342 2213 crediderim,
1388 2182 1475 2215 quae
1513 2173 1624 2206 vicini

909 2220 993 2254 solis
1019 2219 1131 2253 radiis
1156 2230 1321 2264 est-pressa
1336 2224 1438 2262 atque
1453 2219 1623 2263 liquentia

910 2269 949 2300 in
970 2268 1169 2312 proximum
1194 2277 1292 2300 mare
1326 2266 1492 2300 labuntur
1518 2278 1562 2300 ac
1587 2269 1622 2301 vi

910 2319 1146 2359 tempestatum
1177 2316 1215 2347 in
1251 2315 1401 2347 adversa
1434 2313 1542 2347 litora
1567 2316 1621 2360 (in

911 2362 1016 2396 litora
1044 2373 1087 2395 ex
1110 2362 1261 2396 adverso
1276 2361 1320 2395 ad
1338 2363 1512 2395 orientem
1528 2363 1612 2407 sita)

911 2410 1101 2443 exundant.
1143 2410 1232 2443 Hinc
1251 2410 1466 2454 perspicitur
1486 2411 1621 2453 optime

911 2468 950 2491 se
996 2457 1128 2491 habere
1176 2459 1395 2503 emeryentis.
1446 2458 1533 2491 Nam
1576 2458 1620 2492 ab

911 2511 1120 2551 emergente
1159 2506 1237 2540 sole
1285 2516 1356 2539 non
1402 2506 1450 2539 ita
1497 2506 1620 2549 procul

911 2554 1037 2588 abesse
1066 2558 1261 2588 extremum
1280 2555 1460 2589 Oceanum
1480 2554 1620 2587 Tacitus

910 2602 969 2636 vel
990 2603 1067 2636 eius
1096 2608 1297 2637 narratores
1325 2604 1496 2648 cogitant.

970 2672 1056 2707 illuc
1083 2685 1200 2717 usque,
1229 2679 1261 2706 et
1288 2676 1386 2718 sama
1411 2683 1508 2713 vera,
1536 2677 1619 2705 tan-

912 2727 981 2754 tum
1006 2727 1162 2754 natura.-
1202 2721 1309 2754 verba
1347 2727 1377 2753 ee
1410 2722 1509 2763 saum
1534 2731 1620 2752 vern

910 2770 1106 2813 respiciunt
1143 2770 1311 2801 incertam
1353 2767 1619 2811 persuasionem

911 2817 1013 2849 niodo
1042 2817 1222 2857 traditam3
1251 2816 1283 2848 id
1310 2817 1342 2847 in
1359 2815 1618 2848 narrationibus

911 2865 1089 2897 hominum
1140 2874 1260 2896 verum
1306 2873 1385 2896 esse
1446 2868 1618 2903 monetur,

910 2917 1056 2946 naturae
1087 2912 1191 2944 finem
1218 2911 1295 2957 illic
1323 2921 1415 2945 esse.
1464 2910 1617 2945 Naturae

911 2960 990 2994 finis
1020 2959 1080 2994 ubi
1106 2958 1195 2994 nihil
1212 2959 1369 2995 nascitur
1392 2958 1435 2993 ad
1455 2957 1616 2993 homines
