1768 3216
152 232 231 271 w
747 232 809 269 DE
834 231 1034 268 MATERNI

152 363 230 407 qus
258 350 408 393 missos
436 361 464 406 a
494 348 722 391 Messalina
751 361 887 391 umore
927 350 1090 392 Claudii
1129 351 1199 404 qui
1239 363 1329 392 eum
1372 350 1653 394 meridianem

156 425 278 481 quasi
308 423 540 466 Britannici
575 426 778 469 aemulum
808 427 1129 480 stranqularent.
1178 425 1370 468 Additum
1397 425 1568 481 fabulae
1593 431 1656 475 σεῦ

154 499 316 542 eosdem
342 498 525 541 dracone
555 513 577 540 e
604 499 778 553 pulvino
808 513 854 541 se
884 501 1123 555 proferente
1151 500 1399 545 conterritos
1436 500 1653 556 resuqicae.

155 574 274 618 Gonf.
306 575 433 617 Tacit.
455 575 511 618 XI
534 576 604 617 11:
639 575 966 629 vulyabaturque
999 576 1186 630 adfuisse
1214 576 1416 631 infantiae
1445 576 1534 617 eius
1553 567 1682 618 draffl

155 661 279 692 cenes
308 649 352 690 in
380 649 543 692 modum
575 650 801 701 custodum,
828 650 1025 704 fabulosa
1055 655 1093 692 et
1123 650 1307 691 externis
1336 650 1551 692 miraculis
1583 650 1657 692 ad.

154 723 358 767 similata.-
387 737 484 766 nam
513 724 615 778 ipse,
642 725 962 779 haudquaquam
991 725 1058 766 sui
1087 725 1310 779 detractor,
1341 737 1467 767 unam
1493 725 1657 767 omnino

157 811 330 854 anquam
359 799 401 840 in
431 798 617 841 cubiculo
660 799 796 842 visam
833 812 1017 842 narrare
1055 800 1203 842 solitus
1248 804 1320 842 est.
1394 801 1485 843 Hoc
1523 801 1657 855 ipsum

154 886 280 916 unum
310 879 373 917 est
403 887 456 917 ex
485 875 712 929 puerilibus
740 876 910 918 Domitii
944 876 1062 918 annis
1087 876 1197 930 quod
1222 879 1509 931 argumentum
1530 887 1658 931 prae-

154 954 292 993 textae
322 950 587 1004 suppeditare
618 951 761 1004 potuit.
811 951 912 993 Inde
936 952 1062 1007 igitur
1085 956 1203 994 recte
1233 951 1492 1007 colligemus,
1524 950 1656 1005 ipsam

154 1025 264 1067 hanc
292 1037 381 1067 rem
412 1025 503 1067 sive
534 1026 684 1068 samam
715 1026 857 1080 populi
884 1039 907 1068 a
930 1026 1116 1068 Materno
1140 1026 1310 1068 Domitii
1331 1026 1538 1080 scriptore
1556 1037 1657 1080 pro-

153 1099 331 1154 positam
357 1104 397 1142 et
422 1104 732 1154 pertractatam,
764 1112 978 1155 pueroque
995 1101 1177 1142 Domitio
1211 1101 1360 1143 decem
1392 1111 1526 1143 annos
1558 1104 1655 1142 nato

155 1179 270 1226 (earn
302 1174 411 1216 enim
443 1179 620 1217 aetatem
653 1176 742 1217 fere
775 1179 990 1218 assecutus
1022 1179 1135 1227 erat,
1171 1187 1264 1217 cum
1295 1175 1440 1217 sicarii
1462 1173 1659 1218 Messali-

155 1260 237 1292 nae
266 1249 532 1291 mittebantur
561 1249 628 1291 vel
667 1250 784 1291 missi
824 1250 1086 1302 ferebantur)
1117 1250 1273 1303 primas
1319 1249 1474 1305 agendi
1517 1252 1657 1303 partes

161 1323 397 1379 assignatas
429 1323 572 1366 fuisse.

295 1399 515 1453 Postquam
554 1399 637 1441 hoc
674 1399 779 1442 lucis
829 1410 951 1453 supra
1006 1399 1227 1441 obscuram
1267 1397 1436 1440 Domitii
1487 1408 1657 1440 scenam

160 1472 412 1527 diffudimus,
447 1474 644 1529 deinceps
677 1474 900 1517 dicendum
926 1474 1017 1527 erit,
1048 1474 1084 1516 si
1102 1474 1193 1515 fieri
1212 1477 1363 1527 potest,
1395 1484 1475 1526 qua
1494 1471 1658 1514 ratione

155 1552 277 1603 poeta
308 1553 597 1604 argumentum
625 1561 744 1591 suum
785 1548 1030 1603 dispositum
1071 1547 1235 1590 dederit
1271 1551 1312 1588 et
1348 1558 1429 1600 quo
1469 1550 1658 1600 tempore

158 1636 249 1665 eam
279 1623 461 1666 fabulam
491 1625 650 1667 Romae
688 1624 940 1666 recitaverit.
990 1624 1054 1665 Ac
1095 1634 1197 1665 sane
1227 1625 1444 1675 utrumque
1485 1620 1652 1663 ostendi

156 1703 292 1754 potest
337 1712 387 1742 eo
433 1699 528 1741 loco
572 1699 615 1740 in
657 1699 853 1741 auxilium
895 1699 1107 1751 adhibito,
1152 1710 1274 1752 quem
1312 1700 1407 1738 ante
1448 1708 1501 1737 ex
1528 1695 1659 1738 Taciti

156 1773 335 1829 Dialogo
369 1780 427 1827 (c.
465 1776 538 1825 11)
580 1779 729 1817 testem
775 1775 1006 1817 citavimus.
1076 1773 1136 1816 Ibi
1180 1773 1290 1815 enim
1324 1772 1535 1815 Maternus
1578 1771 1657 1812 hac

155 1849 403 1893 recitatione
436 1850 660 1892 carminum
690 1850 867 1905 gloriam
896 1849 1062 1905 ingredi
1093 1848 1348 1903 auspicatum
1379 1859 1426 1889 se
1441 1859 1537 1890 esse
1553 1858 1657 1901 pro-

153 1924 311 1977 fitetur,
358 1924 554 1978 additque
586 1938 608 1966 a
641 1937 737 1967 sese
769 1930 865 1966 tunc
896 1925 1071 1967 fractam
1102 1936 1197 1966 esse
1228 1921 1460 1976 improbam
1488 1925 1528 1963 et
1560 1925 1652 1963 stu-

157 1998 318 2039 diorum
359 2010 518 2051 quoque
559 2011 689 2040 sacra
726 2000 1020 2053 profanantem
1066 1997 1214 2040 Vatinii
1246 1997 1485 2050 potentiam.
1572 1996 1655 2040 Sed

158 2072 353 2127 quoniam
395 2071 542 2113 Vatinii
581 2085 733 2115 nomen
775 2074 803 2114 I.
835 2073 945 2114 Frid.
979 2072 1181 2113 Gronovii
1221 2072 1377 2113 iudicio
1410 2071 1653 2121 (observat.

157 2146 287 2198 1114)
321 2146 384 2188 his
416 2147 556 2188 verbis
588 2147 744 2189 illatum
776 2152 863 2199 est,
912 2147 954 2187 in
998 2146 1214 2188 codicibus
1247 2150 1384 2188 autem
1435 2145 1654 2186 omnibus⁶

156 2220 342 2262 vaticinii
369 2221 534 2276 legitur,
569 2225 679 2274 ante,
712 2234 765 2263 ne
794 2222 956 2263 incerto
984 2220 1254 2262 fundamento
1274 2219 1494 2273 disputatio
1512 2223 1656 2261 nostra

157 2295 370 2347 fundetur,
403 2295 526 2337 huius
559 2296 827 2338 coniecturae
861 2296 1016 2337 veritas
1048 2294 1301 2336 vindicanda
1333 2298 1410 2336 est.
1470 2294 1535 2335 Ac
1565 2293 1654 2336 scio

157 2370 322 2425 quidem
355 2384 377 2412 a
408 2370 501 2412 viro
535 2371 878 2426 ingeniosissimo
910 2370 1094 2424 mihique
1124 2369 1402 2421 amicissimo,
1439 2369 1556 2410 cuius
1588 2368 1657 2409 iu-

157 2445 309 2487 dicium
340 2446 381 2486 in
409 2445 473 2486 his
499 2446 625 2487 rebus
653 2446 794 2502 magni
827 2445 952 2497 facio,
986 2458 1008 2486 a
1025 2443 1251 2486 Welckero
1270 2448 1414 2486 nostro
1432 2443 1656 2485 lectionem

155 2518 343 2561 vaticinii
369 2520 595 2572 potentiam
625 2521 679 2561 ita
712 2520 928 2561 defensam
962 2531 1071 2571 esse,
1102 2523 1145 2559 ut
1176 2519 1258 2559 vim
1282 2517 1426 2570 poesis
1445 2516 1653 2559 Neronia-

155 2605 236 2636 nae
265 2594 316 2636 iis
346 2594 485 2636 verbis
517 2606 625 2636 nove
653 2594 890 2636 denotatam
923 2605 1098 2647 eamque
1129 2607 1152 2635 a
1177 2593 1380 2644 Materno⁷
1413 2604 1498 2633 non
1528 2591 1655 2632 multo

155 2673 249 2724 post
280 2668 435 2711 obitum
465 2668 645 2710 Neronis
689 2668 862 2710 recitata
902 2672 942 2709 et
974 2668 1084 2710 edita
1122 2666 1292 2708 Domitii
1322 2665 1457 2708 fabula
1499 2665 1540 2706 in
1569 2665 1657 2707 Ne-

228 2783 262 2818 6.
299 2792 377 2816 cum
404 2781 591 2816 Bekkerus
616 2781 659 2815 ad
686 2781 787 2815 illum
806 2780 874 2814 Ta-
945 2791 1062 2825 neque
1089 2781 1295 2815 Schrautius
1329 2781 1397 2814 hoc
1425 2791 1468 2815 ex
1496 2790 1538 2814 eo
1565 2779 1656 2814 libro

158 2832 220 2865 citi
253 2830 371 2864 locum
404 2830 528 2864 scribit
549 2829 704 2865 ‘Vatinii
739 2829 872 2863 habere
944 2831 1117 2872 enotavit⁷
1144 2835 1179 2864 et
1206 2831 1274 2863 iam
1307 2829 1419 2862 codex
1447 2828 1656 2862 Perizonia-

155 2879 364 2923 videturF'‚
390 2879 549 2922 nimium,
578 2880 718 2923 opinor,
749 2878 873 2911 tribuit
943 2887 1008 2910 nus
1049 2888 1192 2924 quoque
1233 2879 1310 2911 sive
1347 2877 1532 2911 Leidensis
1577 2886 1656 2911 cum

157 2927 266 2962 infido
293 2927 479 2962 Niebuhrii
503 2927 670 2962 silentio:
698 2937 778 2961 nam
804 2937 872 2960 ne-
943 2926 1072 2959 ceteris
1112 2925 1275 2971 omnibus
1311 2925 1459 2960 formam
1497 2925 1658 2960 vaticinii

159 2987 229 3023 que
257 2976 494 3024 schluttigius
532 2976 626 3021 apud
651 2975 872 3010 Waltherum
941 2973 1101 3019 praebet.
