1768 3216
735 257 822 292 Gar.
855 257 1007 294 12—13.
1558 252 1632 293 185

134 378 372 424 secessum,
409 372 451 413 in
482 385 563 427 quo
594 378 731 415 tamen
765 385 900 428 neque
932 373 1038 428 apud
1070 374 1210 416 divum
1236 374 1468 429 Augustum
1495 373 1631 429 gratia

136 445 271 487 caruit
299 458 436 499 neque
467 446 573 500 apud
602 446 795 501 populum
828 447 1055 489 Romanum
1088 448 1248 490 notitia.
1293 449 1438 490 Testes
1453 449 1632 504 Augusti

140 519 363 574 epistulae,
408 521 525 562 testis
555 521 645 575 ipse
675 522 872 575 populus,
918 523 986 576 qui
1015 523 1165 565 auditis
1196 523 1239 563 in
1269 522 1429 565 theatro
1470 521 1631 578 Virgilii

135 594 331 636 versibus
358 595 540 637 surrexit
568 595 789 637 universus
820 600 860 638 et
886 596 994 638 forte
1010 600 1273 650 praesentem
1292 600 1631 650 spectantemque

133 667 359 723 Virgilium
386 673 611 711 veneratus
641 674 705 711 est
733 670 797 711 sic
823 671 941 724 quasi
966 670 1212 725 Augustum.
1262 671 1503 717 Nfflostris
1534 670 1661 724 qui-⁵

135 741 229 784 dem
257 743 512 797 temporibus
544 744 760 786 Secundus
790 745 1039 798 Pomponius
1069 746 1175 787 Afro
1196 745 1378 787 Domitio
1403 744 1471 786 vel
1487 744 1630 800 digni-

134 820 218 859 tate
246 817 358 859 vitae
387 817 454 859 vel
483 818 754 872 perpetuitate
785 819 921 860 famae
955 819 1145 861 cesserit.
1205 819 1307 861 Nam
1346 819 1515 873 Crispus
1549 818 1629 860 iste

136 891 432 944 etMarcelluS‚
463 892 515 934 ad
548 904 723 946 quorum
752 893 940 947 exempla
969 907 1035 935 me
1062 905 1216 945 vocas,
1263 893 1360 947 quid
1390 892 1544 934 babent
1585 893 1629 935 in

134 965 214 1009 hac
245 977 320 1007 sua
347 966 512 1008 fortuna
540 967 949 1020 concupiscendum?
1008 967 1118 1020 quod
1148 967 1315 1018 timent,
1347 979 1400 1008 an
1431 966 1540 1020 quod
1570 966 1628 1007 ti-

133 1039 325 1081 mentur?
357 1040 501 1094 quod,
554 1054 647 1082 cum
701 1041 887 1095 quotidie
931 1041 1085 1095 aliquid
1125 1045 1352 1095 rogentur,
1412 1041 1440 1081 ii
1479 1040 1626 1094 quibus
1640 1042 1681 1079 ¹0

131 1118 346 1168 praestant
374 1115 678 1170 indignantur?
703 1115 814 1169 quod
836 1115 1007 1170 adligati
1036 1116 1149 1156 omni
1170 1115 1408 1157 adulatione
1439 1127 1518 1156 nec
1545 1115 1629 1157 im-

133 1188 372 1241 perantibus
403 1201 582 1244 unquam
613 1190 715 1232 satis
744 1190 857 1232 servi
886 1190 1080 1231 videntur
1109 1202 1187 1232 nec
1217 1190 1339 1232 nobis
1356 1189 1458 1232 satis
1475 1189 1628 1232 liberi?

234 1339 265 1371 1.
293 1337 390 1371 Diua
414 1336 605 1381 Augustum
630 1336 666 1379 P,
694 1346 765 1370 non
792 1335 836 1370 D.
864 1335 1067 1380 Amnestum,
1096 1339 1134 1368 ut
1160 1335 1272 1370 edidit
1300 1333 1416 1368 Tross.
1509 1335 1543 1368 2.
1568 1344 1626 1379 po.

135 1396 189 1419 ro.
216 1385 253 1419 Ρ.
335 1387 370 1420 3.
397 1384 540 1430 epistole
565 1384 602 1418 P.
731 1385 786 1420 10.
813 1383 891 1434 aliq
916 1383 953 1425 P,
980 1384 1090 1428 aliqui
1114 1383 1153 1417 F.
1227 1383 1255 1416 it
1280 1382 1356 1416 FP:
1382 1382 1420 1415 ln·
1445 1382 1623 1416 editiones

135 1434 316 1480 antiquae.
378 1435 432 1467 11.
461 1433 610 1478 adligati
634 1433 729 1466 omna·
752 1432 887 1466 editor:
915 1431 1041 1477 alligat
1067 1431 1156 1477 (alia
1175 1441 1298 1465 manus
1324 1429 1458 1465 addidit
1483 1431 1496 1464 i
1521 1434 1558 1465 ut
1582 1431 1628 1464 sit

138 1481 295 1528 alligati)
320 1481 366 1516 cii
392 1481 429 1525 Ρ,
457 1481 597 1528 alligati
621 1493 698 1515 cum
722 1480 749 1515 F
777 1485 812 1515 et
838 1481 962 1516 ceteri.

914 1617 1040 1647 senem,
1066 1605 1215 1649 qnotidie
1242 1604 1376 1649 aliquid
1400 1615 1443 1637 ez
1468 1614 1511 1636 ea
1526 1613 1629 1648 quam

137 1609 234 1638 ctare
261 1615 307 1639 ex
344 1605 464 1640 verbis
505 1608 597 1651 forte
627 1612 849 1652 praesentem

914 1661 1090 1688 meruerat
1102 1654 1312 1688 auctoritate
1323 1652 1536 1698 perdentem,
1551 1663 1628 1685 cum

135 1658 413 1699 spectantemque
452 1654 656 1699 Virgilium,
691 1665 763 1688 nou
804 1655 848 1689 de

137 1701 278 1747 eclogis
304 1712 391 1747 quas
421 1707 579 1736 cantatas
613 1714 692 1737 esse
731 1708 850 1737 narrat

137 1749 298 1784 Donatus
342 1752 378 1784 in
420 1752 493 1785 vita
534 1752 635 1796 virg.
670 1763 700 1786 c.
731 1753 771 1784 11
815 1756 851 1786 et

139 1798 284 1832 Servius
312 1798 357 1833 ad
385 1799 462 1833 Ecl.
498 1799 545 1833 Vl
574 1802 629 1833 11.

208 1874 485 1914 spectantemque
521 1869 723 1914 Virgilium:
768 1869 852 1902 Vir-

137 1915 216 1962 gilii
244 1926 386 1960 nomen,
410 1919 541 1952 iniuria
564 1923 768 1962 suspectum
782 1917 851 1951 Er-

136 1966 267 2007 nestio,
294 1965 428 1999 addidit
452 1971 490 2000 ut
508 1968 601 2000 iuste
621 1970 851 2011 componeret

137 2023 215 2047 cum
242 2015 404 2057 proximo
428 2015 581 2061 Augusti
607 2015 800 2049 vocabulo.

215 2085 397 2119 Secundus
434 2085 664 2130 Pomponius.-
694 2085 738 2119 de
779 2086 847 2119 hoc

135 2132 223 2167 satis
250 2132 428 2167 collocavi
455 2133 499 2167 ad
528 2134 556 2167 V
582 2134 618 2168 8.
757 2134 849 2179 Afro

134 2181 315 2215 Domitio.-
351 2181 395 2216 de
429 2181 499 2216 boc
532 2193 567 2216 v,
594 2181 704 2216 Taciti
732 2181 776 2215 lv
803 2183 850 2216 52

135 2234 172 2263 et
195 2239 285 2274 quos
309 2229 359 2263 ibi
385 2229 540 2264 laudavi.

209 2298 265 2332 cet
299 2299 469 2344 diqnitate
501 2300 595 2332 vitae
634 2299 689 2333 vel
718 2311 848 2344 perpe-

136 2347 258 2380 tuitate
281 2349 422 2391 famae.-
446 2346 602 2391 dignitas
622 2349 730 2388 vitae,
749 2352 847 2389 parta

134 2394 198 2428 illa
223 2395 371 2428 summis
390 2394 596 2434 honoribus,
623 2399 659 2428 et
682 2396 719 2427 in
740 2394 847 2427 Pom-

134 2443 243 2487 ponio
272 2443 424 2488 insignis
451 2447 525 2476 erat
553 2447 587 2476 et
614 2443 649 2475 in
676 2442 847 2483 Domitio,

136 2491 200 2525 sed
229 2490 406 2524 Domitius
434 2501 545 2524 senex
584 2501 659 2524 eam
699 2490 848 2535 infregit

135 2539 271 2573 silentii
314 2539 559 2582 impatientia3
605 2538 673 2572 hoc
704 2537 847 2571 Tacitus

136 2587 309 2621 indicavit
335 2586 444 2620 illatis
478 2587 598 2620 verbis
631 2587 686 2620 vel
718 2597 846 2631 perpe..

135 2636 258 2669 taitate
275 2637 405 2678 famae,
432 2645 535 2679 quam
554 2634 767 2677 Pomponius
783 2644 846 2666 us-

136 2693 206 2727 que
233 2682 276 2716 ad
302 2683 398 2715 vitae
424 2682 528 2716 finem
555 2682 733 2722 servavit,
770 2681 846 2714 Do-

137 2731 257 2764 mitius
284 2731 480 2772 imminuit,
508 2734 547 2762 nt
572 2730 695 2773 paucis
725 2729 845 2762 verbis

136 2777 468 2823 significatTacitus
494 2777 537 2811 lv
566 2779 612 2812 52
639 2782 742 2819 extr„
780 2787 845 2819 co-

137 2827 271 2870 piosius
315 2827 481 2870 exposuit
508 2825 748 2867 Quintilianus
786 2824 846 2858 XlI

141 2877 177 2908 11
200 2875 247 2908 3:
272 2874 346 2907 vids·
366 2885 428 2918 eqo
451 2874 552 2918 lonye
569 2875 732 2915 omnium,
763 2884 845 2917 quos

135 2922 222 2956 milti
251 2934 459 2967 coqnoscere
487 2922 647 2966 contigit,
682 2933 846 2955 summum

138 2976 332 3013 oratorem,
374 2970 564 3005 Domitium
591 2969 719 3015 Afrum
744 2969 845 3004 valde

916 1708 1040 1748 agente
1069 1701 1143 1744 tuo,
1176 1713 1273 1746 quem
1296 1701 1492 1746 principem
1518 1701 1627 1744 fuisse

917 1750 1088 1795 quondam
1105 1751 1178 1794 sori
1193 1761 1264 1783 non
1282 1754 1358 1783 erat
1374 1749 1523 1790 dubium,
1550 1747 1626 1790 alii,

917 1799 1006 1843 quod
1030 1799 1210 1842 indiqmcm
1244 1798 1424 1839 videatur,
1458 1796 1626 1838 riderent,

917 1847 983 1880 atii
1007 1847 1246 1880 erubescerent
1254 1858 1266 1888 ;
1291 1857 1379 1890 quae
1397 1846 1535 1879 occasio
1559 1844 1626 1889 [uit

918 1895 1056 1929 dicendi
1090 1893 1207 1928 ‘malle
1232 1906 1308 1928 eam
1341 1893 1487 1938 deficere
1525 1903 1628 1938 quam

918 1942 1099 1978 desinere’.

988 2015 1017 2047 ii
1042 2014 1160 2058 quibus
1177 2019 1359 2058 praestant
1377 2013 1627 2058 indignantur.-

917 2072 1089 2095 summum
1119 2061 1341 2107 indignitatis
1381 2064 1627 2107 argumentum

918 2115 982 2152 est,
1012 2120 1091 2144 cum
1116 2110 1184 2153 ipsi
1211 2111 1270 2155 qui
1296 2110 1410 2155 gratia
1438 2109 1623 2153 potentio-

917 2169 991 2192 rum
1017 2159 1203 2199 iuvantur,
1246 2163 1362 2191 tamen
1398 2158 1629 2202 indignantur

916 2206 1011 2251 quod
1035 2205 1209 2240 eiusmodi
1236 2207 1405 2239 ministris
1423 2207 1472 2238 nti
1492 2214 1629 2249 cogan-

916 2259 984 2288 tur.
1034 2254 1098 2287 Est
1132 2253 1261 2287 acerba
1297 2253 1529 2296 reprehensio
1557 2261 1627 2284 non

916 2302 1019 2335 modo
1046 2300 1204 2334 Marcelli
1232 2305 1267 2333 et
1293 2301 1408 2343 Crispi
1435 2299 1496 2333 sed
1521 2298 1627 2333 simul

916 2349 1087 2392 principis
1119 2348 1350 2391 Vespasiani;
1386 2347 1432 2380 cf.
1463 2346 1505 2379 ad
1532 2357 1563 2379 c.
1589 2345 1625 2380 8.

916 2395 1038 2429 Simile
1083 2394 1171 2428 illud
1208 2400 1262 2428 est
1288 2395 1303 2428 1
1332 2395 1398 2430 10:
1441 2394 1626 2427 divisiones

915 2454 1093 2488 aqromm,
1119 2453 1163 2476 ne
1184 2443 1267 2488 ipsis
1284 2443 1415 2488 quidem
1433 2444 1489 2487 qui
1503 2452 1627 2488 cepere

914 2491 1091 2525 laudatas.

985 2584 1134 2630 adligati
1159 2585 1254 2617 omni
1277 2583 1502 2617 adulatione:
1534 2582 1627 2615 omni

915 2632 1117 2666 adulatione
1144 2637 1197 2666 est
1224 2633 1336 2665 omnis
1364 2631 1507 2676 generis
1534 2629 1624 2663 adu-

917 2680 1062 2714 latione.
1090 2680 1158 2714 Sed
1187 2692 1231 2715 ex
1257 2681 1351 2713 omni
1367 2679 1551 2722 postq‘uam
1567 2677 1624 2711 al-

915 2733 990 2762 tera
1015 2728 1153 2772 syllaba
1180 2731 1247 2773 (ni)
1277 2733 1358 2760 ante
1378 2726 1538 2759 vocalem
1558 2725 1623 2758 ab·

914 2782 1034 2821 sorpta
1061 2781 1125 2817 est,
1153 2777 1320 2810 remansit
1349 2786 1403 2806 om
1428 2773 1622 2817 aproximo

914 2826 1030 2858 scriba
1059 2829 1228 2857 mutatum
1257 2825 1291 2856 in
1319 2834 1414 2863 cum,
1444 2826 1480 2854 ut
1507 2825 1561 2854 est
1588 2821 1622 2854 in

916 2872 1111 2906 codicibus,
1171 2870 1303 2904 Eadem
1329 2880 1471 2914 prorsus
1498 2878 1623 2901 corru-

915 2920 1011 2964 ptela
1036 2920 1120 2953 item
1145 2924 1227 2952 ante
1255 2918 1416 2953 vocalem
1444 2929 1474 2951 c.
1499 2917 1522 2950 2
1547 2928 1624 2950 cum

914 2968 1107 3002 eruditione
1133 2977 1195 3012 pro
1223 2967 1316 3002 omni
1342 2966 1546 3001 eruditione.
