1768 3216
719 249 805 287 cn.
819 250 988 295 ‚14-15.
1547 247 1621 285 too

51 361 249 422 15teiga‘
283 367 500 415 occasioni
548 367 758 422 paterecit.
827 368 1014 422 Namque
1054 367 1244 410 absentia
1283 367 1413 423 legati
1454 369 1619 410 remoto

119 444 255 495 metu,
286 441 473 485 Britanni
502 442 664 501 agitare
694 443 804 485 inter
831 455 878 485 se
908 443 1015 485 mala
1044 443 1281 496 servitutis,
1322 442 1521 485 conterre
1546 442 1621 484 iu-

120 515 251 559 iurias
281 520 324 558 et
351 517 663 571 interpretando
684 517 933 559 accendere.
966 517 1075 560 Nihil
1092 517 1238 572 profici
1252 517 1453 571 patientia
1478 516 1562 559 nisi
1574 520 1623 558 ut

119 590 316 646 Μυῖα
341 595 549 646 tamquam
578 606 631 635 ex
661 592 775 635 sacili
805 592 1079 634 tolerantibus
1110 593 1377 646 imperentur.
1424 591 1621 647 Singulos

118 664 201 707 siti
232 665 331 708 olim
360 679 487 722 reges
518 667 671 719 fuisse,
706 679 815 708 nunc
846 667 970 709 binos
1002 667 1183 721 imponi,
1220 679 1244 708 e
1276 666 1425 721 quibus
1455 666 1655 721 legatuss

119 739 163 782 in
191 742 463 797 sanguinem,
501 746 751 796 procurator
780 742 822 783 in
854 742 964 783 bona
996 742 1192 784 saeviret.
1262 741 1411 796 Aeque
1449 741 1621 783 discor-

119 814 230 857 diam
260 817 619 870 praepositorum,
659 829 792 871 aeque
833 816 1106 858 concordiam
1145 816 1345 858 subiectis
1385 816 1618 858 exitiosam.

116 889 303 933 Alterius
328 892 612 944 centuriones,
653 891 823 933 alterius
854 903 1001 932 servos
1029 891 1112 932 vim
1157 895 1197 932 et
1222 891 1494 933 contumelias
1532 890 1616 932 mi·-

118 974 270 1007 ωσι-ομ
297 964 409 1007 Nihil
436 966 519 1008 iam
550 966 779 1020 cupiditati,
813 965 915 1006 nihil
944 965 1107 1006 libidini
1128 970 1360 1020 exceptum.
1392 966 1437 1007 ln
1455 965 1619 1020 proelio

117 1039 335 1082 fortiorem
366 1053 463 1083 esse
496 1041 564 1095 qui
593 1040 768 1095 spoliet:
800 1052 910 1081 nunc
942 1040 994 1082 ab
1022 1040 1188 1095 ignavis
1216 1033 1460 1094 plerumque
1479 1044 1520 1081 et
1539 1040 1676 1081 im-¹⁰

116 1112 295 1158 bellibus
317 1115 422 1171 eripi
453 1116 626 1169 domos,
659 1115 842 1158 abstrahi
875 1115 1047 1168 liberos,
1081 1115 1242 1169 iniungi
1273 1115 1478 1169 delectus,
1509 1104 1621 1157 tam-

308 1319 345 1356 3.
382 1319 560 1366 sapientia
584 1321 637 1354 A:
677 1321 710 1354 Γ
737 1318 924 1365 patientia.
1078 1317 1112 1352 8.
1141 1316 1287 1351 alterius
1321 1301 1463 1351 manmi-
1501 1323 1625 1353 centu-

114 1367 248 1411 rionis,
286 1367 432 1402 atterius
458 1378 578 1402 seruos
603 1368 672 1402 tim
710 1370 749 1410 Γ,
784 1367 930 1402 alterius
955 1377 1095 1400 manum
1117 1366 1344 1407 centurionis,
1370 1365 1517 1399 alterius
1544 1377 1624 1400 ser-

113 1427 179 1452 uos
210 1417 280 1451 vim
304 1419 355 1458 Δ,
400 1416 547 1451 alterius
573 1427 698 1450 manus
726 1416 968 1450 centurionis.-
998 1413 1145 1448 atter—ius
1173 1415 1244 1448 uim
1289 1415 1441 1459 (omisso
1479 1423 1515 1448 v.
1543 1425 1623 1449 ser-

115 1467 194 1508 vos)
220 1464 451 1500 Puteolanus.
479 1475 601 1498 seruos
631 1475 703 1498 non
730 1465 860 1498 omittit
890 1463 968 1498 cod.
998 1462 1127 1496 Ursini.
1242 1464 1298 1498 10.
1325 1461 1555 1497 imbecillibus
1580 1465 1620 1506 Γ,

118 1513 183 1549 sed
209 1513 278 1548 litt.
307 1515 341 1548 ci
366 1515 508 1558 punctis
536 1513 775 1548 subnotatae:
803 1512 998 1547 imbellibus
1022 1511 1252 1545 Puteolanus.

902 1675 1001 1719 tiquo
1016 1672 1150 1708 addidit
1176 1683 1341 1707 manum.-
1368 1671 1501 1717 quippe
1532 1670 1618 1715 opi..

188 1675 275 1722 Cap.
307 1677 362 1712 ¹5.
397 1688 441 1710 es:
463 1676 594 1722 sacili:
624 1676 720 1711 conf.
749 1676 790 1710 ll.
818 1674 833 1709 1

903 1723 1054 1757 nabatur
1080 1723 1319 1756 centurionem
1356 1719 1617 1754 contumeliose

119 1726 164 1763 57
195 1738 240 1761 ea·
265 1726 442 1772 adfluenti.

186 1797 324 1844 legatus
346 1797 386 1830 in
409 1797 629 1842 sanquinem,
653 1808 832 1843 procura-

114 1852 171 1880 tor
194 1847 234 1880 in
271 1846 363 1880 bona
389 1846 568 1879 saettret:
607 1846 644 1879 in
681 1847 831 1892 sangui-

114 1905 196 1929 nem
246 1893 389 1940 legatus
435 1894 553 1928 saevit
594 1894 831 1938 praesidendo

98 1943 257 1978 fiudiciis
283 1941 510 1987 capitalibus,
536 1942 618 1976 dum
643 1942 720 1976 obit
741 1953 832 1976 con-

114 1996 243 2027 ventus
269 1991 460 2035 immicos,
498 1992 532 2024 in
568 1991 662 2025 bona
698 2001 832 2035 procu-

114 2040 443 2086 ratoranquirendo
472 2044 508 2072 ct
532 2038 748 2073 vindicando
775 2050 832 2074 res

115 2099 208 2135 quae
234 2090 271 2123 in
297 2088 420 2123 fiscum
442 2086 605 2122 Caesaris
631 2093 830 2122 vertuntur.

194 2159 342 2194 alterius
384 2160 629 2202 centuriones,
686 2159 833 2193 alterius

114 2218 231 2242 servos
255 2209 325 2242 vim
349 2213 383 2241 et
407 2208 636 2242 contumelias
659 2209 830 2242 miscere.-

114 2257 211 2290 iussa
236 2256 348 2302 legati
375 2258 631 2299 centuriones,
657 2266 832 2300 procura-

114 2305 203 2338 toris
245 2303 407 2338 mandata
455 2305 550 2338 servi
594 2309 830 2349 exequuntur.

116 2351 197 2387 XIV
222 2353 267 2387 31
289 2363 297 2385 :
322 2352 413 2397 quod
437 2359 563 2386 contra
587 2354 708 2395 vertit,
743 2352 831 2385 adeo

114 2406 152 2435 ut
177 2412 323 2446 reynum
346 2412 413 2446 per
437 2401 659 2434 centuriones
700 2399 830 2445 (legati

116 2450 322 2494 Suetonii),
349 2448 467 2483 domus
490 2460 556 2495 per
580 2459 698 2482 servos
724 2451 830 2492 (pro-

116 2498 289 2532 curatoris
340 2496 487 2531 Catonis
529 2496 699 2543 Deciani)
740 2496 831 2530 velut

115 2552 220 2592 capla
244 2551 481 2581 vastarentur.
547 2545 631 2579 Loci
663 2547 697 2578 iu
729 2544 830 2578 libris

115 2595 319 2640 corruptela
358 2594 520 2641 (alterius
540 2605 683 2627 manum
707 2599 831 2627 centu-

114 2644 248 2686 rionis,
302 2642 448 2676 alterius
494 2644 627 2686 servos)
663 2642 698 2674 in
738 2640 836 2674 hunc

116 2691 258 2725 modum
285 2695 362 2724 orta
388 2690 542 2724 videtur.
597 2690 745 2734 Propter
772 2690 832 2723 vi-

116 2741 234 2774 einum
273 2738 419 2772 alterius
457 2739 655 2783 proximum
702 2747 831 2772 nomen

115 2788 338 2822 centuriones
360 2786 500 2820 scribae
520 2785 756 2830 imprudentia
771 2796 831 2819 as-

115 2835 309 2871 similatum
335 2840 389 2870 est
414 2836 640 2869 centurionis.
668 2832 738 2868 Iam
763 2846 831 2880 ge-

117 2883 221 2918 nitivi
249 2884 412 2929 regimen
439 2894 517 2917 cum
546 2882 714 2924 deesset,
746 2892 829 2916 cor-

114 2937 234 2968 rector
258 2937 456 2966 structurae
489 2941 593 2976 quam
630 2931 832 2964 sententiae

114 2981 346 3018 sustinendae
376 2980 550 3016 curiosior
580 2980 617 3014 in
646 2978 738 3014 libro
765 2989 832 3014 an-

903 1772 1024 1805 vocari
1053 1771 1209 1816 legatum
1237 1769 1474 1804 consularem.
1512 1767 1539 1802 1.
1561 1767 1618 1802 Fr.

904 1819 1104 1854 Gronovius
1132 1819 1286 1853 coniecit
1313 1818 1458 1852 alterius
1481 1827 1618 1859 manus,

904 1869 1126 1902 centuriones
1152 1868 1319 1909 alterius,
1347 1867 1480 1900 omisso
1506 1874 1620 1899 vocu-

902 1917 986 1951 bulo
1020 1928 1158 1959 servos,
1199 1915 1260 1950 sed
1287 1926 1410 1948 manus
1446 1923 1619 1958 procura-

903 1967 989 1999 toris
1023 1965 1136 2010 (aliae
1166 1965 1259 1998 iuste
1295 1963 1453 2008 intelligi
1478 1972 1621 2007 neque-

903 2019 982 2058 unt)
1020 2024 1090 2047 non
1131 2018 1214 2057 apte
1241 2016 1513 2056 componuntur⁴
1539 2021 1620 2044 cum

903 2061 1164 2097 centur-ionibus
1189 2061 1314 2107 legati,
1343 2071 1460 2105 neque
1486 2068 1620 2103 procu-

903 2116 1000 2145 rator
1024 2112 1099 2144 suis
1138 2110 1302 2143 manibus
1340 2108 1403 2143 sed
1435 2117 1619 2142 servorum

901 2160 1102 2194 ministerio
1121 2159 1273 2204 grassari
1288 2157 1440 2191 solebat.
1468 2155 1619 2190 Rotbius

901 2210 1047 2253 propius
1061 2207 1105 2241 ad
1121 2208 1311 2241 Vaticanos
1330 2205 1506 2239 accedens
1524 2204 1618 2237 scri-

902 2258 971 2301 psit
1010 2257 1158 2290 atterius
1211 2265 1335 2288 neonus
1396 2252 1618 2286 centuriones

903 2308 1045 2350 (esse),
1072 2303 1218 2336 alterius
1243 2313 1360 2335 sercos
1386 2320 1431 2326 --
1455 2300 1614 2340 miscere,

901 2352 963 2386 sed
993 2351 1079 2385 illud
1105 2362 1197 2390 csse,
1226 2350 1427 2393 oppositum
1453 2347 1615 2392 proximo

901 2399 1012 2433 verbo
1036 2399 1206 2440 miscere,
1243 2398 1357 2431 omitti
1384 2406 1454 2430 non
1483 2399 1614 2440 potest,

901 2458 1019 2493 neque
1048 2451 1130 2491 apta
1167 2445 1341 2480 enuntiati
1378 2444 1535 2479 membra
1562 2444 1617 2478 sic

903 2497 1176 2530 constituuntur.
1242 2495 1306 2529 Od.
1340 2493 1537 2534 Illullerus,
1579 2496 1615 2525 ct

902 2543 1082 2578 Dronlu’us
1120 2545 1233 2587 ipsum
1267 2547 1413 2577 secutus
1440 2543 1476 2575 in
1503 2540 1616 2574 altera

902 2593 1072 2635 editione,
1100 2592 1222 2626 eadem
1248 2592 1358 2626 verba
1383 2591 1436 2624 sic
1462 2590 1615 2632 accepit,

900 2646 938 2674 ut
963 2653 1087 2675 manus
1103 2645 1172 2675 tatn
1199 2640 1241 2673 ad
1270 2639 1489 2674 centuriones
1509 2646 1614 2681 quam

901 2689 943 2723 ad
970 2701 1087 2724 ser-tos
1121 2689 1321 2723 reserantur
1358 2692 1393 2721 et
1428 2685 1517 2718 haec
1546 2693 1614 2716 no-

901 2739 996 2772 mina
1034 2748 1097 2782 pei·
1144 2737 1403 2780 appositionem
1443 2730 1616 2766 accedant

900 2786 976 2831 (des
1004 2787 1107 2819 einen
1143 2784 1266 2818 Hcinde
1287 2810 1296 2825 ,
1335 2784 1389 2816 die
1424 2780 1614 2814 Centurio-

901 2845 981 2875 nen,
1011 2834 1069 2867 cles
1095 2832 1243 2872 andern,
1271 2831 1326 2864 die
1340 2829 1527 2874 lineolae),
1542 2837 1612 2873 quo

902 2883 997 2915 facto
1024 2886 1059 2915 et
1095 2880 1247 2913 obscure
1289 2883 1325 2912 et
1358 2878 1502 2911 sinistra
1528 2886 1614 2909 ver-

900 2930 1023 2963 borum
1064 2929 1167 2972 copia
1216 2927 1356 2961 Tacitus
1400 2925 1614 2960 sententiam

900 2988 998 3013 suam
1027 2975 1216 3024 eloquitur.
1281 2973 1466 3010 Ciceronis
1504 2972 1615 3009 verba
