1768 3216
144 217 196 251 ‘¹76

167 673 643 724 ADDITAMENTVM
681 673 761 722 AD
801 671 933 723 CAP.
972 674 1002 722 9
1042 673 1116 721 ET
1146 671 1212 722 40
1254 673 1332 721 DE
1366 669 1617 723 NAVIGIO

418 798 583 842 1511115
614 799 725 841 VEL
758 797 987 841 ultrum
1019 797 1300 840 vumcvho
1323 797 1371 851 ι).

275 923 348 966 Est
377 934 510 978 genus
543 921 922 974 mercenariorum,
957 932 1131 974 quorum
1163 920 1345 962 officium
1377 925 1439 962 est
1470 933 1523 962 ex
1557 920 1642 963 lino

144 1003 184 1041 ct
213 999 307 1040 lana
339 1001 483 1039 texere
528 996 658 1048 telas3
703 996 786 1037 hoc
825 1008 984 1049 procax
1030 999 1070 1036 et
1111 995 1332 1048 superbum
1373 1007 1499 1050 super
1541 994 1646 1037 alios

147 1072 433 1116 mercenarios
481 1071 607 1126 vulgo
650 1074 888 1129 reputatur,
940 1069 990 1111 ad
1033 1081 1207 1123 quorum
1255 1069 1554 1123 procacitatem
1609 1072 1650 1111 et

143 1147 378 1200 superbiam
429 1145 723 1187 humiliandam
769 1149 809 1186 et
847 1144 1056 1198 propriam
1100 1143 1293 1184 iniuriam
1341 1143 1393 1184 de
1442 1143 1502 1184 eis
1540 1142 1651 1184 ulci-

143 1220 339 1262 scendam
375 1231 531 1273 pauper
562 1218 729 1272 quidam
759 1218 940 1260 rusticus
973 1230 1025 1259 ex
1044 1217 1140 1258 villa
1159 1217 1327 1258 nomine
1353 1216 1451 1259 111113
1473 1215 1645 1269 (Inden)

142 1295 250 1336 hanc
282 1294 535 1336 diabolicam
577 1292 833 1347 excogitavit
871 1291 1078 1333 technam.
1150 1291 1335 1345 Accepta
1378 1304 1400 1332 a
1443 1290 1650 1333 iudicibus

146 1369 298 1410 fiducia
342 1372 381 1409 et
423 1382 445 1410 a
493 1368 654 1410 levibus
700 1367 935 1408 hominibus
981 1366 1163 1418 anxilio,
1203 1366 1272 1419 qui
1317 1365 1502 1420 gaudent
1544 1365 1652 1407 iocis

149 1447 189 1484 et
237 1442 513 1494 novitatibus,
559 1443 600 1483 in
639 1442 826 1496 proxima
868 1441 972 1483 silva
1013 1453 1161 1482 navem
1206 1439 1439 1493 composuit
1475 1443 1516 1481 et
1558 1452 1648 1481 eam

149 1517 254 1559 rotis
314 1517 536 1570 suppositis
591 1515 765 1570 affigens
826 1514 1046 1556 vehibilem
1096 1526 1221 1567 super
1278 1517 1430 1555 terram
1485 1512 1648 1570 effecit3

150 1591 327 1632 obtinuit
373 1602 535 1644 quoquc
583 1604 604 1632 a
657 1590 958 1644 potestatibus,
1005 1593 1048 1630 ut
1089 1588 1252 1629 iniectis
1298 1587 1463 1629 funibus
1509 1590 1651 1629 texto-

153 1678 242 1707 rum
275 1665 456 1706 humeris
489 1677 540 1705 ex
574 1664 673 1705 Inda
708 1664 1017 1718 Aquisgranum
1047 1661 1306 1714 traheretur,
1337 1661 1469 1715 Aquis
1499 1673 1652 1704 susce-

152 1745 221 1795 pta
254 1752 344 1781 cum
377 1740 590 1792 utriusque
621 1751 746 1780 sexus
775 1738 925 1793 grandi
956 1737 1167 1778 hominum
1198 1736 1494 1790 processione:
1538 1734 1652 1776 nihi-

152 1814 329 1856 lominus
386 1828 408 1855 a
456 1813 686 1854 textoribus
733 1812 966 1853 Traiectum
1018 1809 1276 1865 (Mastricht)
1329 1814 1390 1851 est
1435 1812 1649 1863 provecta,

154 1889 211 1930 ibi
242 1888 488 1939 emendata,
540 1887 646 1928 malo
680 1886 857 1939 veloque
898 1885 1092 1940 insignita
1137 1884 1314 1938 Tungris
1357 1887 1420 1925 est
1463 1882 1646 1934 inducta,

155 1963 207 2003 de
245 1962 422 2015 Tungris
464 1962 544 2002 Los
592 1959 760 2011 (Looz).
830 1959 1019 2000 Audiens
1063 1958 1191 2000 abbas
1232 1957 1388 2014 (sancti
1429 1956 1652 2012 Trudom's)

154 2035 355 2076 Rodulsus
413 2034 550 2075 navim
605 2033 715 2074 illam
771 2032 951 2073 infausto
1007 2032 1146 2073 omine
1204 2035 1459 2088 compactam
1518 2030 1652 2072 mala-

157 2120 235 2162 que
285 2108 458 2150 solutam
511 2107 606 2148 alite
657 2119 749 2147 cum
799 2106 1037 2147 huiusmodi
1084 2105 1329 2160 gentilitatis
1380 2104 1517 2146 studio
1570 2116 1652 2144 no-

156 2187 241 2224 stro
294 2182 445 2235 oppido
492 2181 744 2232 adventare,
791 2192 999 2234 praesago
1044 2179 1191 2233 spiritu
1236 2178 1471 2220 hominibus
1523 2190 1652 2232 prae-

157 2256 350 2308 dicabat,
390 2260 434 2297 ut
465 2255 553 2297 eius
583 2255 849 2308 susceptione
891 2254 1170 2306 abstinerent,
1215 2253 1310 2307 quia
1350 2252 1521 2307 maligni
1563 2251 1653 2305 spi-

156 2331 257 2372 ritus
291 2331 365 2372 sub
400 2330 477 2370 hac
518 2329 798 2370 ludificatione
839 2329 881 2369 in
922 2341 970 2369 ca
1017 2328 1304 2379 traherentur,
1352 2327 1393 2367 in
1437 2326 1655 2380 proximo-

158 2418 236 2458 que
290 2405 441 2446 seditio
494 2416 568 2457 per
611 2416 702 2445 eam
753 2402 1179 2455 moveretur,-unde
1226 2401 1407 2454 caedes,
1455 2399 1650 2442 incendia

157 2478 410 2532 rapinaeque
451 2478 621 2529 fierent,
665 2482 703 2518 et
748 2477 950 2517 humanus
991 2476 1162 2530 sanguis
1209 2475 1356 2516 multus
1398 2474 1653 2516 funderetur.

161 2554 291 2602 Quem
335 2551 413 2592 ista
455 2551 752 2592 declamantem
795 2550 985 2591 omnibus
1029 2549 1202 2600 diebus,
1250 2548 1396 2601 quibus
1444 2547 1656 2601 maligno-

238 2656 275 2700 1)
303 2654 462 2688 Narratio
490 2652 580 2687 11333
607 2652 650 2686 de
678 2651 760 2685 navi
786 2662 874 2695 sup-
945 2652 1001 2686 Xl.
1046 2652 1125 2697 yid.
1152 2650 1318 2694 Dachery
1346 2650 1511 2696 Spiciley.
1539 2654 1563 2683 t.
1593 2649 1656 2683 vn

162 2704 286 2747 positis
313 2704 399 2736 rotis
429 2701 569 2747 mobili
590 2706 657 2734 tam
686 2700 874 2733 manifesta
945 2701 1029 2733 edit.
1057 2699 1166 2733 Paris.
1201 2698 1291 2733 1666
1317 2709 1351 2742 p.
1379 2699 1568 2733 501-505
1597 2698 1654 2732 vel

163 2753 322 2784 continet
358 2751 492 2795 antiqui
534 2748 631 2783 illius
669 2753 704 2782 et
730 2748 872 2781 Suevici
945 2753 968 2781 t.
996 2748 1025 2780 ll
1058 2748 1111 2781 ed.
1151 2748 1225 2780 Par.
1258 2747 1349 2780 1723
1381 2757 1414 2790 p.
1451 2746 1654 2781 7042706.

163 2801 250 2832 ritus
286 2800 460 2844 vestigia,
496 2802 534 2830 ut
571 2798 678 2843 digna
721 2798 798 2829 visa
831 2797 876 2830 sit
945 2796 1015 2829 Iac.
1052 2796 1208 2829 Grimmii
1238 2793 1384 2838 Myzhol.
1416 2793 1548 2827 Theod.
1590 2793 1655 2826 ul

164 2858 266 2892 quam
301 2858 378 2880 cum
417 2844 612 2879 lectoribus
637 2844 747 2878 Taciti
775 2854 875 2877 com-
945 2854 978 2888 p.
1007 2843 1209 2878 237—240.
1276 2841 1449 2889 Rodulfus
1476 2842 1565 2875 vixit
1591 2851 1652 2876 se·

166 2896 379 2928 municarem
402 2920 410 2935 ,
450 2898 621 2937 sumptam
659 2903 703 2926 ex
736 2891 876 2926 Rodulfi
945 2891 1026 2925 culo
1057 2890 1282 2925 duodecimo.

167 2942 340 2976 Chronico
368 2941 529 2975 abbatiae
549 2942 586 2975 S.
619 2938 786 2975 deonis
811 2939 874 2974 lib.
