1768 3216
1547 196 1619 230 205

114 201 140 227 a
161 189 203 228 G.
227 193 288 229 69.
595 193 725 230 LIBER
749 192 810 228 111.
868 193 954 229 Car.
981 194 1114 231 9—10.

115 321 215 354 cera
255 315 398 364 veste,
446 317 592 366 pectus
633 317 756 367 atque
797 325 872 374 ⁰53
913 313 1096 368 singultu
1134 312 1340 367 quatiens.
1401 311 1445 376 ld
1484 312 1615 367 ipsum

40 398 55 410 ²
114 375 222 440 apud
253 386 443 429 infensos
472 388 782 432 incitamentum
813 392 917 440 erat,
951 392 1157 442 tamquam
1187 388 1339 430 nimius
1358 399 1490 443 pavor
1511 400 1621 430 con-

114 460 334 503 scientiam
374 467 583 517 argueret.
655 463 965 505 Obturbabatur
995 463 1167 504 militum
1197 463 1373 504 vocibus
1414 462 1617 516 Aponius,

115 547 209 578 cum
238 536 352 591 loqui
384 541 617 592 coeptaret;
650 538 816 580 fremitu
849 542 888 580 et
920 538 1104 580 clamore
1136 542 1302 580 ceteros
1322 533 1617 592 aspernantur.

113 609 193 652 Uni
231 611 417 654 Antonio
465 617 634 667 apertae
683 613 854 655 militum
905 626 1051 655 aures:
1103 625 1281 667 namque
1330 617 1369 654 et
1423 613 1652 656 sacundia5

114 684 263 728 aderat
297 687 591 743 mulcendique
630 689 799 743 vulgum
831 693 940 731 artes
973 693 1012 731 et
1043 688 1285 731 auctoritas.
1347 687 1425 729 Ubi
1464 688 1620 730 crude—

113 771 237 803 scere
277 762 456 815 seditio,
500 767 541 804 et
570 777 594 806 a
626 764 831 805 conviciis
871 777 921 806 ac
961 764 1129 818 probris
1170 764 1220 805 ad
1270 763 1350 805 tela
1393 768 1434 805 et
1473 775 1618 805 manus

112 836 369 890 transibant,
413 837 515 878 inici
554 842 726 880 catenas
772 839 970 880 Flaviano
1022 839 1148 880 iubet.
1209 838 1348 880 Sensit
1393 838 1618 879 ludibrium

111 910 255 965 miles,
287 911 559 967 disiectisque
589 914 659 967 qui
690 913 871 970 tribunal
902 913 1146 965 tuebantur,
1181 917 1364 954 extrema
1397 913 1461 954 vis
1492 925 1621 967 para-

110 983 244 1028 batur.
306 986 368 1040 Op
398 987 509 1028 osuit
537 988 675 1029 sinum
715 987 949 1040 Antonius,
992 988 1138 1038 stricto
1173 987 1308 1039 ferro,
1348 991 1417 1028 aut
1447 987 1674 1031 militumio

111 1071 160 1102 se
189 999 597 1108 manibussffiuis
629 1063 874 1104 moriturum
906 1048 1145 1113 obtestans-3
1174 1066 1219 1103 ut
1249 1074 1455 1116 quemquo
1476 1066 1618 1103 nolum

112 1139 154 1177 et
191 1136 330 1191 aliquo
371 1138 539 1179 militari
571 1138 728 1180 decore
769 1139 978 1193 insignem
1011 1142 1257 1193 aspexerat,
1306 1138 1356 1179 ad
1405 1137 1619 1186 serendam

112 1222 235 1265 opem
263 1213 432 1255 nomine
463 1214 594 1255 ciens.
655 1214 754 1256 Mox
798 1226 1029 1258 conversus
1070 1214 1123 1255 ad
1170 1214 1292 1269 signa
1334 1217 1374 1254 et
1415 1213 1620 1254 bellorum

111 1285 232 1339 deos,
264 1287 443 1329 hostium
473 1289 611 1342 potius
642 1289 897 1332 exercitibus
931 1289 1042 1330 illum
1076 1289 1273 1341 furorem,
1307 1288 1419 1329 illam
1449 1288 1621 1330 discor-

111 1360 221 1403 diam
261 1361 676 1416 inicerent.orabat,
725 1364 862 1406 donec
907 1364 1123 1406 fatisceret
1162 1363 1313 1405 seditio
1360 1367 1400 1405 et
1431 1367 1618 1404 extremo
1635 1368 1768 1433 ”Ritu

110 1435 193 1477 iam
223 1435 292 1478 die
322 1448 397 1478 sua
428 1437 603 1492 quisque
634 1438 677 1478 in
696 1439 875 1480 tentoria
896 1430 1194 1481 dilaffirentur.
1229 1438 1444 1480 Profectus
1469 1438 1619 1480 eadem

1308 1496 1609 1515 „XM

110 1515 238 1553 nocte
269 1512 493 1555 Flavianus
523 1513 660 1554 obviis
680 1513 928 1568 Vespasiani
958 1514 1108 1557 litteris
1139 1514 1372 1555 discrimini
1404 1518 1620 1567 exemptus

247 1662 282 1696 4.
312 1668 424 1708 caept.
453 1661 517 1696 Ma.
599 1663 634 1696 5.
662 1673 802 1707 nanque
830 1662 894 1696 ³1³.
967 1662 1003 1697 6.
1030 1662 1172 1708 italyam
1197 1663 1263 1704 Ma,
1293 1672 1363 1695 non
1392 1661 1484 1706 uoly.
1564 1662 1619 1695 11.

112 1719 267 1754 quemque
293 1709 359 1745 Ma.
441 1711 497 1744 12.
521 1717 711 1756 aspexerat
737 1711 969 1755 auferendam
995 1710 1075 1745 Ma:
1107 1715 1304 1745 correctum
1333 1711 1427 1744 inest
1451 1709 1490 1744 G.
1565 1711 1619 1743 15.

1059 1760 1115 1794 17.
1144 1759 1357 1794 discriminis
1389 1757 1465 1793 Ma:
1494 1757 1522 1792 G
1546 1758 1621 1792 dis-

110 1758 279 1814 sat-inere
304 1758 409 1794 Gai-'³2
435 1759 617 1804 fatisceret
643 1757 671 1793 C
700 1764 735 1793 et
762 1759 967 1794 Rhenanus.

114 1807 269 1840 ermini.

111 1939 282 1980 pretatur.
436 1936 497 1970 ubi
524 1936 753 1970 crudescere:
783 1936 829 1970 cf.

112 1988 235 2018 annot.
262 1983 307 2017 ad
332 1983 363 2017 11
386 1985 431 2019 31
461 1990 496 2019 et
522 1984 565 2019 H.
593 1985 642 2019 111
664 1986 724 2020 31.

183 2034 292 2066 sensit
325 2032 514 2067 ludibrium
546 2034 666 2067 miles:
708 2034 754 2068 cf.
788 2033 829 2067 H.

111 2081 124 2114 1
150 2080 199 2116 45
226 2085 263 2115 et
291 2081 350 2116 58.
501 2083 660 2128 opposuit
686 2083 800 2116 sinum
817 2095 828 2115 .-

111 2134 215 2164 veste
258 2129 356 2164 circa
401 2130 586 2165 brachium
635 2136 726 2164 torta
766 2141 829 2176 pro

110 2182 214 2212 scuto
242 2188 328 2212 usus
354 2184 429 2222 est;
457 2179 502 2214 cf.
530 2180 571 2213 H.
602 2180 631 2213 V
659 2181 719 2214 22.

183 2227 233 2261 ad
254 2227 359 2272 signa
381 2233 413 2261 et
440 2228 607 2262 bellorum
637 2228 738 2262 deos.-
777 2229 830 2261 si-

112 2276 194 2320 gnis
229 2275 581 2320 comprehenduntur
625 2281 660 2310 et
698 2276 830 2310 vexilla

111 2322 373 2368 manipulorum
402 2329 437 2358 et
463 2325 604 2369 aquilae
630 2324 828 2370 legionum,

111 2381 258 2417 quarum
285 2373 444 2418 quinque
465 2378 549 2407 tunc
565 2373 733 2415 aderant3
755 2372 830 2406 bel..

109 2419 224 2455 lorum
249 2420 286 2455 di
310 2431 380 2454 non
414 2422 514 2467 ipsae
542 2421 687 2467 aquilae
713 2421 829 2464 fuere,

109 2468 174 2504 sed
198 2469 255 2504 his
280 2473 458 2515 tamquam
485 2470 685 2504 simulacris
710 2471 829 2516 signi-

109 2516 319 2552 ficabantur.
344 2517 441 2565 {dem
467 2519 538 2553 sibi
563 2518 690 2552 volunt
717 2518 828 2552 verba

108 2565 140 2599 ΙΙ
170 2567 235 2601 17:
272 2573 501 2612 sequerentur
524 2568 707 2602 Romanas
733 2579 827 2610 ates,

106 2615 258 2660 propria
283 2614 459 2659 leqiomtm
484 2617 646 2650 numina.

183 2663 293 2696 obviis
315 2663 523 2708 Vespasiani
547 2661 674 2698 litteris
700 2665 828 2698 discri-

111 2710 202 2743 mini
245 2717 419 2756 exemptus
462 2718 540 2745 ese:
586 2712 828 2756 Vespasianus

111 2755 344 2802 Flavianum,
385 2760 444 2804 qui
471 2760 640 2805 ambigue
675 2766 711 2794 et
737 2771 828 2795 cun-

115 2810 253 2841 ctanter
279 2813 404 2853 egerat
440 2808 501 2852 (H.
530 2807 579 2841 111
603 2810 645 2854 4)
673 2809 828 2854 ideoque

110 2855 163 2888 rei
189 2856 370 2902 gerendae
395 2867 517 2901 parum
545 2861 648 2901 aptus
674 2857 827 2891 videba-

110 2902 177 2946 tur,
205 2904 249 2938 ad
275 2915 314 2939 se
340 2906 505 2948 vocavit,
534 2902 604 2950 quo
631 2905 762 2939 factum
790 2910 828 2938 ut

109 2953 187 2997 ipse
215 2952 356 2988 consilii
392 2959 428 2988 et.
462 2954 711 2988 destinationis
744 2965 826 2988 cer-

901 1941 957 1969 tus
993 1936 1036 1970 ad
1075 1936 1241 1982 legiones
1283 1935 1504 1969 Pannonicas
1550 1935 1619 1970 sibi

900 1985 1022 2031 legato
1054 1985 1232 2019 consulari
1269 1984 1499 2018 demandatus
1533 1994 1618 2027 non,
1663 2010 1666 2030 ὲ

899 2039 936 2066 ut
968 2038 1049 2067 ante
1090 2034 1254 2076 fecerat,
1292 2033 1451 2074 rediret,
1490 2044 1532 2066 ac
1566 2034 1619 2067 sic
1665 2037 1666 2040 ’

899 2082 1119 2125 discrimini,

902 2179 1082 2222 uenimus,
1120 2181 1350 2213 eximeretur.
1402 2178 1520 2212 Verba
1547 2189 1616 2212 non

900 2227 1051 2262 obscura
1076 2227 1206 2261 frustra
1233 2228 1416 2271 explicare
1444 2232 1619 2260 conantur

900 2276 1100 2310 Gronovius
1133 2281 1169 2310 et
1204 2275 1469 2309 Doederlinius.
1530 2275 1616 2308 llle:

895 2325 1018 2358 ‘citius
1043 2324 1206 2366 litterae,
1243 2329 1316 2356 tum
1350 2324 1479 2368 quibus
1506 2334 1618 2357 accu-

899 2373 1043 2406 sabatur
1078 2377 1151 2406 tum
1190 2372 1320 2417 quibus
1356 2371 1615 2414 excusabatur,

899 2421 943 2455 ad
981 2422 1242 2466 Vespasianum
1287 2425 1543 2465 pervenerunt,
1581 2425 1617 2454 et

900 2471 1061 2515 utrisque
1087 2471 1275 2514 perpensis
1327 2470 1496 2514 princeps
1535 2480 1616 2504 eum

899 2520 1016 2552 statim
1044 2518 1199 2552 absolvit
1212 2518 1448 2563 periculoque
1466 2519 1611 2559 exemit,

898 2568 1041 2611 scriptis
1073 2573 1110 2601 et
1144 2568 1223 2611 ipse
1249 2567 1378 2601 litteris
1412 2578 1503 2611 quae
1530 2565 1616 2599 Fla-

899 2616 1006 2650 viano
1041 2615 1158 2649 adhuc
1192 2615 1453 2660 profectionem
1489 2614 1627 2658 conti-⁶

859 2665 1022 2708 ,nuanti
1056 2665 1092 2697 in
1117 2664 1176 2697 via
1202 2663 1457 2697 occurrerunt'.
1513 2661 1614 2695 Doe-

902 2713 1097 2746 derlinius:
1124 2711 1332 2745 ‘Flavianus
1366 2710 1488 2744 eadem
1507 2715 1614 2744 nocte

899 2761 1082 2804 profectus
1110 2765 1163 2793 est
1190 2761 1327 2792 castris.
1372 2758 1439 2792 Sed
1466 2759 1614 2802 pericu-
1664 2761 1666 2763 ’

900 2809 971 2842 Ιυηι
998 2813 1074 2842 erat
1099 2818 1144 2841 ne
1178 2807 1221 2840 ab
1255 2807 1407 2840 infensis
1439 2806 1614 2840 militibus

899 2868 943 2891 ex
971 2858 1101 2890 itinere
1140 2854 1394 2889 retraheretur'
1432 2855 1487 2899 (id
1514 2856 1613 2900 peri-

899 2904 1017 2938 culum
1044 2902 1181 2937 nullum
1209 2907 1314 2950 erat).
1364 2903 1425 2937 ‘At
1449 2908 1613 2942 servatus

899 2958 952 2987 cst
980 2963 1064 2987 casu
1091 2951 1221 2986 litteris
1237 2952 1461 2997 Vespasiani,
1487 2953 1612 2988 nescio

1166 2082 1202 2116 h.
1230 2093 1262 2116 e.
1301 2081 1496 2116 discrimini
1531 2081 1619 2115 belli
1668 2097 1669 2121 3

899 2142 918 2164 a
945 2130 1128 2165 Flavianis
1164 2131 1313 2176 gerendi
1352 2131 1523 2164 adversus
1551 2131 1618 2164 vi-
1670 2152 1673 2167 2
