1768 3216
156 192 230 232 208
723 191 785 230 DE
810 191 1037 233 ORATORIB
1043 195 1098 232 VS

147 310 274 354 ⁴nario
304 311 409 352 haec
441 322 537 353 ossa
569 314 609 352 et
635 311 744 353 hanc
774 313 950 355 maciem
982 314 1182 368 probantz
1229 314 1318 368 ipse
1348 315 1448 362 mihi
1482 315 1649 370 Calvus,

157 399 247 429 cum
278 398 400 426 unum
432 389 471 427 et
505 386 664 442 viginti,
696 391 739 429 ut
767 392 879 442 puto,
913 389 1044 431 libros
1068 389 1297 444 reliquerit,
1331 390 1401 438 vix
1431 390 1475 434 in
1504 402 1584 441 una
1611 395 1653 443 et

154 461 281 504 altera
313 460 572 506 oratiuncula
603 462 819 507 satisfacit.
879 463 968 506 Nec
1009 464 1231 508 dissentire
1269 469 1434 509 ceteros
1479 465 1530 509 ab
1570 466 1652 517 hoc

154 548 246 578 ineo
278 535 433 579 iudicio
465 537 613 580 video:
646 542 792 592 quotus
824 539 934 583 enim
968 540 1142 594 quisque
1171 540 1287 583 Calvi
1329 558 1355 586 ιοι
1400 541 1444 583 in
1473 540 1651 585 Asitium

122 615 223 654 saut
253 611 294 652 in
335 611 511 654 Drusum
558 612 690 668 legit?
760 614 815 655 At
853 614 995 656 hercle
1035 615 1077 658 in
1120 615 1330 658 hominum
1371 616 1651 667 studiosorum

152 686 341 728 manibus
372 691 592 731 versantur
619 689 912 731 accusationes
943 690 1122 744 quae-in
1162 690 1367 733 Vatinium
1409 691 1652 735 inscribun-

152 766 238 814 tur,
280 773 329 802 ac
357 760 582 816 praecipue
613 764 799 806 secunda
841 777 894 806 ex
933 765 985 806 iis
1028 765 1176 807 oratio.
1246 766 1318 807 Est
1358 766 1469 808 enim
1508 766 1650 815 verbis

152 841 296 882 ornata
330 841 370 879 et
399 838 646 891 sententiis,
680 840 848 881 auribus
882 840 1065 883 iudicum
1097 841 1428 894 accommodata,
1461 844 1505 883 ut
1535 841 1647 888 scias

152 912 284 966 ipsum
317 924 482 966 quoque
516 913 685 956 Calvum
714 914 970 958 intellexisse
1000 915 1097 970 quid
1123 915 1270 958 melius
1303 919 1430 968 esset,
1462 928 1541 959 nec
1566 927 1650 960 vo·-

98 986 345 1030 uoluntatem
378 987 440 1039 ei,
489 999 569 1041 quo
601 988 816 1031 sublimius
850 993 890 1029 et
921 989 1069 1031 cultius
1101 989 1283 1042 diceret,
1325 989 1400 1032 sed
1436 990 1648 1046 ingenium

151 1074 200 1102 ac
230 1061 342 1103 vires
371 1061 572 1104 defuisse.
621 1063 729 1113 Quid
761 1076 814 1104 ex
840 1063 1048 1105 Caelianis
1068 1064 1360 1106 orationihus?
1391 1065 1549 1119 Nempe
1572 1076 1649 1107 eae

149 1135 328 1190 placent,
361 1136 451 1178 sive
482 1137 720 1192 universae,
755 1138 846 1180 sive
876 1143 1013 1193 partes
1051 1151 1207 1192 earum,
1241 1139 1283 1180 in
1305 1139 1453 1193 quibus
1470 1138 1649 1182 nitorem

258 1284 291 1318 2.
320 1293 427 1316 unum
453 1288 484 1316 et
510 1282 584 1316 XX.
614 1282 650 1316 P.

147 1336 202 1364 tus
230 1332 370 1377 signum
399 1336 452 1365 est
475 1331 517 1365 ab
545 1331 694 1366 editore.

1503 1282 1539 1319 4.
1567 1282 1649 1319 hia-

1431 1331 1463 1367 6.
1487 1332 1649 1366 conscri-

752 1289 812 1317 aut
838 1282 955 1317 altera
979 1282 1212 1326 Puteolanus,
1243 1293 1314 1317 non
1341 1282 1407 1319 FP.

772 1332 804 1366 5.
833 1332 952 1366 hercle
979 1332 1023 1366 P:
1052 1331 1162 1378 vulgo
1191 1332 1353 1367 Hercule.

148 1381 275 1414 buntur
300 1380 336 1423 Ρ,
363 1381 565 1414 scribuntur
591 1380 638 1414 F:
669 1382 824 1415 correxit
848 1381 1000 1426 Lipsius.
1105 1382 1137 1416 7.
1165 1381 1210 1415 iis
1239 1381 1289 1415 P:
1317 1381 1371 1416 his
1399 1385 1540 1417 veteres
1567 1380 1647 1415 edi-

147 1430 276 1463 tiones.
381 1431 434 1465 10.
467 1429 637 1464 sullimius
663 1430 699 1465 P.
805 1432 859 1466 12.
888 1431 959 1464 sive
987 1430 1174 1464 universae
1199 1431 1271 1465 sive
1298 1435 1417 1475 partes
1443 1440 1565 1464 earum
1587 1428 1648 1467 Pi-

146 1477 298 1512 thoeus:
333 1478 407 1512 siue
440 1479 610 1514 uniuersa
641 1484 744 1524 parte
780 1480 862 1513 seru
888 1483 1013 1523 (super
1043 1479 1214 1514 uniuersa
1251 1478 1408 1515 additum
1445 1479 1484 1512 in
1523 1482 1558 1513 et
1583 1488 1648 1523 pro

146 1528 228 1561 seru
252 1531 450 1561 correctum
476 1539 548 1570 seu,
579 1532 769 1574 utrumque
794 1528 837 1562 ab
866 1527 938 1562 alia
963 1531 1088 1574 manu)
1115 1528 1161 1570 P,
1197 1528 1268 1562 sive
1293 1529 1331 1562 in
1354 1528 1523 1563 universa
1546 1532 1649 1575 parte

144 1587 260 1610 serum
285 1576 324 1620 F,
350 1577 381 1611 si
406 1587 476 1610 non
501 1577 701 1619 universae,
726 1582 763 1611 at
784 1582 906 1623 partes
935 1588 1056 1611 earum
1081 1576 1278 1611 Acidalius.

145 1728 309 1773 opinatus
321 1732 386 1763 est.
402 1727 579 1763 Restituta
586 1728 698 1763 forma
710 1729 775 1762 alii
785 1739 864 1773 pro-

144 1777 195 1811 dit
208 1782 384 1811 structura
393 1777 514 1812 Tacito
528 1777 735 1822 l'amiliaris3
758 1778 803 1812 cf.
828 1789 858 1812 c.

927 1734 965 1762 ut
992 1733 1046 1763 est
1078 1728 1171 1773 apud
1197 1728 1376 1771 Tacitum,
1415 1738 1486 1762 non
1513 1727 1648 1764 ordinis

928 1778 1101 1812 senatorii
1133 1782 1193 1811 aut
1220 1777 1409 1823 equestris,
1462 1776 1517 1811 De
1542 1776 1657 1819 Arrio⁴

146 1826 209 1861 18:
226 1837 373 1871 quosque
385 1827 474 1860 alios
487 1827 610 1860 merito
626 1827 787 1872 antiquos
796 1838 860 1860 vo-

144 1876 350 1910 caverimus.
377 1875 527 1910 H.153:
559 1875 692 1909 Treviri
711 1887 755 1909 ac
769 1875 857 1910 Lin-

141 1935 260 1969 qones,
283 1935 434 1969 quasque
446 1923 539 1957 alias
556 1924 713 1958 civitates
724 1925 860 1958 atroci-

143 1973 203 2006 bus
213 1972 376 2006 edictis-
392 1972 506 2006 Galba
513 1972 725 2017 perculerat,
740 1973 861 2006 hiber-

142 2020 197 2053 πίε
241 2019 416 2063 legionum
460 2024 606 2065 propius
645 2022 860 2063 miscentur,·

143 2068 184 2102 H.
214 2067 244 2102 11
269 2068 311 2103 4:
349 2074 507 2114 spectata
533 2068 711 2114 opulentia
739 2069 860 2103 donis-

144 2127 207 2162 que
244 2127 387 2161 regum,
427 2128 581 2162 quaeque
622 2117 698 2150 alia
733 2117 861 2152 laetum

143 2166 407 2209 antiquitatibus
427 2166 644 2200 Graecorum
669 2177 777 2211 yenus
801 2167 860 2200 in.-

144 2219 262 2248 certae
287 2216 449 2248 vetustati
479 2215 636 2259 adfingit.
665 2215 862 2251 'Sententia

144 2263 235 2297 haec
260 2267 338 2296 est:
379 2272 451 2296 non
492 2263 660 2309 vulgares
700 2268 861 2297 oratores

144 2316 180 2346 et
205 2310 356 2345 obscuro
378 2311 459 2345 loco
476 2317 591 2354 natos,
619 2312 744 2356 quales
759 2312 861 2346 fuere

144 2359 316 2394 Canutius
336 2364 371 2394 et
382 2360 518 2403 Arrius,
546 2361 750 2403 nominabo,
778 2362 861 2406 qui-

144 2419 214 2454 que
233 2408 294 2442 alii
321 2408 458 2442 aridum
477 2409 619 2442 dicendi
646 2420 760 2456 genus
776 2420 861 2454 pro-

144 2457 319 2490 baverunt
348 2462 383 2490 et
409 2459 524 2491 secuti
550 2463 643 2501 sunt,
674 2459 752 2502 ipse
776 2458 860 2492 Gal-

143 2516 211 2539 vus
248 2505 351 2539 huius
385 2511 507 2540 sectae
543 2508 756 2550 praecipuus
794 2518 861 2540 au·-

146 2559 224 2588 ctor
256 2554 342 2587 mihi
377 2554 438 2587 vix
472 2555 507 2587 in
549 2565 619 2588 una
657 2560 716 2588 aut
749 2555 861 2589 altera

145 2602 371 2637 oratiuncula
397 2602 582 2637 satisfacit.
628 2603 681 2637 De
709 2603 860 2637 Canutio

147 2652 274 2685 Cicero
301 2652 336 2684 in
363 2651 472 2685 Bruto
501 2662 578 2696 cap.
607 2651 677 2686 56:
714 2652 864 2697 Sulpicii

147 2701 324 2734 orationes
350 2712 439 2744 quae
472 2702 657 2745 seruntur,
695 2712 754 2734 eas
786 2706 863 2745 post

145 2755 288 2782 mortem
310 2749 382 2783 cius
407 2750 587 2795 scripsisse
608 2749 777 2783 Canutius
793 2760 862 2794 pu-

148 2803 262 2840 tatur,
294 2798 452 2842 aequalis
478 2810 592 2840 meus,
633 2798 732 2831 homo
764 2803 865 2830 extra

147 2852 303 2880 nostrum
338 2847 495 2880 ordinem
532 2858 606 2880 meo
643 2846 773 2880 iudicio
807 2845 864 2878 di-

148 2895 366 2929 sertissimus.
400 2895 583 2929 Postrema
607 2895 717 2929 verba
739 2898 864 2928 osten-

150 2942 236 2977 dunt
280 2943 320 2977 de
347 2943 474 2990 populo
512 2943 623 2978 fuisse
664 2942 864 2986 Canutium,

927 1826 1060 1860 ibidem
1087 1838 1116 1860 c.
1147 1826 1218 1862 69:
1254 1826 1423 1860 addamus
1449 1825 1517 1860 buc
1544 1826 1649 1861 etiam

929 1897 973 1902 —
1003 1876 1041 1909 C.
1073 1875 1280 1909 Cosconium
1308 1874 1557 1919 Calidianum,
1591 1874 1651 1918 qui

927 1924 1024 1958 nullo
1053 1925 1236 1966 acumine,
1276 1935 1353 1963 eam
1379 1929 1496 1959 tamen
1520 1922 1648 1965 verbo-

928 1984 1005 2006 rum
1032 1973 1169 2018 copiam
1195 1984 1296 2017 quam
1321 1971 1471 2006 habebat
1492 1971 1646 2018 praebe-

930 2022 986 2054 bat
1005 2021 1134 2066 populo
1156 2033 1232 2054 cum
1251 2021 1360 2054 multa
1379 2019 1649 2054 concursatione
1705 2038 1709 2042 ·

929 2080 1122 2113 maynoque
1149 2069 1321 2102 clamore.
1348 2068 1447 2111 Quod
1471 2068 1563 2102 idem
1586 2070 1646 2112 fa-

931 2117 1043 2151 ciebat
1062 2117 1101 2159 Q.
1117 2117 1257 2159 Arrius,
1288 2116 1346 2161 qui
1369 2117 1437 2161 fuit
1454 2115 1504 2150 M.
1526 2115 1648 2150 Crassi

931 2166 1031 2210 quasi
1057 2165 1302 2200 secundarum.
1339 2164 1375 2199 Is
1401 2163 1557 2199 omnibus
1584 2176 1648 2198 ex-

932 2215 1040 2260 emplo
1078 2214 1175 2248 debet
1209 2226 1280 2248 esse
1315 2219 1480 2258 quantum
1516 2213 1556 2247 in
1580 2213 1649 2246 hac

931 2263 1016 2297 urbe
1039 2262 1172 2310 polleat
1201 2263 1341 2296 obedire
1367 2262 1526 2308 tempori,
1556 2261 1649 2295 mul-

930 2317 1109 2356 torumque
1153 2311 1208 2345 vel
1244 2312 1371 2345 honori
1405 2311 1461 2344 vel
1490 2309 1649 2358 periculo

932 2361 1077 2396 servire.

1003 2409 1106 2443 Calvi
1130 2428 1145 2443 ,ι
1170 2410 1208 2443 in
1227 2409 1376 2443 Asitium
1400 2413 1462 2442 aut
1485 2408 1525 2442 in
1548 2407 1648 2442 Dru-

931 2470 1005 2491 sum
1031 2458 1137 2502 legit:
1184 2457 1257 2491 hiat
1298 2462 1476 2491 structura
1514 2456 1648 2490 verbo-

932 2517 1033 2547 rum,
1080 2517 1171 2550 quae
1199 2505 1298 2539 nullo
1339 2504 1503 2548 exemplo
1540 2504 1649 2538 simili

932 2554 1105 2589 vindicari
1124 2558 1263 2598 potest:
1286 2565 1364 2587 nam
1386 2553 1430 2587 de
1449 2551 1648 2597 supplendo

931 2604 1075 2636 nomine
1112 2602 1371 2636 oratiunculam
1414 2607 1475 2636 aut
1522 2601 1650 2642 librum

933 2657 968 2685 et
985 2662 1028 2685 ex
1056 2652 1216 2695 proxime
1234 2651 1413 2695 prioribus
1437 2649 1648 2689 assumendo

932 2711 1037 2734 nemo
1065 2701 1158 2733 iuste
1185 2701 1412 2745 cogitaverit.
1463 2698 1650 2738 Excidisse

934 2750 1088 2782 coniicio
1127 2749 1460 2794 interroyahonem,
1500 2757 1649 2791 eamque

934 2799 1099 2830 omissam
1127 2807 1208 2831 esse
1235 2807 1254 2830 a
1283 2796 1400 2830 scriba
1425 2797 1526 2830 cuius
1552 2794 1648 2829 oculi

934 2846 977 2880 ab
1003 2847 1338 2891 in-tcrroyationem
1376 2845 1419 2878 ad
1451 2845 1647 2890 proximum

934 2896 972 2928 in
1011 2894 1159 2928 Asitium
1195 2895 1411 2928 aberrarent.
1469 2893 1568 2927 Hanc
1595 2892 1648 2928 sie

935 2942 1055 2977 milem
1075 2942 1199 2987 fuisse,
1228 2942 1289 2978 sed
1316 2941 1425 2988 longe
1446 2941 1647 2976 breviorem
