1768 3216
190 239 239 273 30
769 219 1073 263 HISTORIARVM

1468 222 1501 247 a.
1526 213 1565 245 u.
1585 195 1676 247 322.

190 354 345 415 monitu
375 352 545 395 satorum
577 345 787 403 praedicta
824 339 1080 396 accipiebat,
1115 334 1308 389 cupidine
1330 329 1491 386 ingenii
1510 324 1679 372 humani

189 420 378 472 libentius
416 419 588 468 obscura
628 419 839 463 credendi.

899 417 986 459 Nec
1019 414 1163 456 deerat
1193 408 1475 460 Ptolemaeus,
1524 403 1605 446 iam
1637 402 1750 445 0²23

191 503 361 546 sceleris
392 500 620 550 instinctor,
652 495 703 538 ad
738 493 848 548 quod
879 490 1073 535 facillime
1104 487 1158 530 ab
1187 482 1393 528 eiusmodi
1422 483 1522 524 voto
1538 482 1684 522 tmus-

191 580 281 619 itur.
342 575 420 618 Sed
452 573 623 616 sceleris
656 569 853 626 cogitatio
885 567 1083 609 incertum
1114 574 1166 604 an
1195 571 1370 615 repens:
1402 555 1539 600 studia
1568 551 1684 596 mili-

160 658 269 698 5tum
300 652 378 693 iam
407 649 566 704 pridem
597 660 668 701 spe
699 643 979 689 successionis
1033 643 1101 682 aut
1137 640 1286 693 paratu
1324 631 1528 677 facinoris
1559 629 1684 673 adfe—

190 730 389 778 ctaverat,
421 724 460 765 in
492 723 662 774 itinere,
707 721 748 761 in
779 718 943 775 agmine
975 716 1015 756 in
1047 711 1322 779 stationibus2
1360 705 1685 751 vetustissimum

192 813 393 856 quemque
422 780 590 841 militum
620 796 787 838 nomine
816 804 995 845 vocans,
1029 802 1078 832 ac
1108 786 1309 830 memoria
1339 781 1573 828 Neroniani
1603 789 1684 824 co—

191 877 352 918 mitatus
384 872 696 916 contubernales
728 868 968 924 appellando
986 880 996 917 ;
1024 865 1141 915 ,alios
1174 872 1439 918 agnoscere,
1472 855 1679 912 quosdam

193 952 427 1006 requirere,
471 953 511 991 et
547 947 720 1002 pecunia
759 949 826 987 aut
870 943 1004 999 gratia
1042 942 1207 992 iuvare,
1260 934 1487 979 inserendo
1518 931 1688 987 saepius

145 1038 183 1069 ιο
196 1025 382 1080 querelas
413 1028 452 1066 et
482 1023 693 1078 ambiguos
726 1022 776 1063 (le
808 1019 935 1061 Galba
966 1027 1205 1067 sermoneS,
1253 1023 1444 1068 quaeque
1484 1008 1565 1051 alia
1597 1011 1690 1051 tur·-

199 1101 388 1141 hamenta
417 1098 542 1152 vulgi.
589 1097 768 1138 Labores
790 1095 993 1144 itinerum,
1027 1091 1167 1145 inopia
1190 1090 1505 1138 commeatuum,
1537 1081 1689 1126 duritia

151 1207 168 1221 .
197 1174 356 1228 imperii
379 1173 555 1216 atrocius
579 1171 899 1225 accipiebantur,
920 1180 1011 1210 cum
1028 1164 1278 1219 Campaniae
1302 1163 1419 1205 lacus
1440 1164 1482 1203 et
1501 1156 1690 1202 Achaiae

203 1249 325 1291 urbes
366 1248 563 1290 classibus
596 1246 711 1288 adire
749 1245 859 1287 soliti
894 1245 1148 1299 Pyrenaeum
1192 1242 1232 1283 et
1261 1238 1388 1292 Alpes
1420 1240 1461 1279 et
1489 1236 1690 1277 immensa

202 1321 359 1365 via'fu'in
383 1319 512 1377 spatia
543 1334 667 1376 aegre
697 1320 772 1363 sub
804 1320 928 1362 armis
960 1318 1227 1361 eniterentur.
1288 1310 1579 1368 Flagrantibus
1608 1308 1691 1350 iam
1702 1306 1762 1346 24

337 1468 370 1502 2.
399 1466 494 1500 credi
521 1464 618 1499 Gilia:
650 1464 801 1498 correxit
827 1462 995 1498 Pichena.

932 1513 986 1546 11.
1015 1510 1109 1556 volgi
1134 1508 1191 1544 Or.

206 1525 356 1561 quenque
381 1513 445 1549 Ma.

210 1575 351 1598 reneum
375 1561 441 1597 Ma.

513 1515 566 1549 10.
594 1513 762 1558 querellas
787 1512 852 1548 Ma.

536 1563 617 1595 inm.
644 1560 709 1596 Ma.

211 1678 391 1713 Seleucum
422 1678 610 1714 Suetonius
636 1678 672 1711 in
694 1677 773 1712 Oth.
801 1678 823 1713 4
848 1689 915 1723 ap-

211 1727 372 1771 pellavit.

285 1775 368 1819 Cap.
397 1776 454 1811 23.
489 1776 527 1809 in
551 1775 688 1818 itinere,
713 1776 752 1808 in
780 1775 916 1820 agmine

211 1823 250 1856 in
273 1823 495 1856 stationibus:
534 1823 619 1856 dicit
652 1828 790 1866 tempus
815 1823 917 1865 illud,

216 1881 292 1904 cum
320 1870 428 1904 Galba
456 1872 604 1915 eiusque
631 1876 748 1914 partes
775 1882 818 1904 ex
852 1871 918 1904 lli-

212 1919 334 1962 spania
357 1918 400 1952 ad
415 1918 534 1952 urbem
554 1919 706 1962 profecti
732 1924 823 1952 sunt.
849 1918 920 1952 To-

212 1971 284 1999 tum
319 1966 386 2000 hoc
432 1971 570 2010 tempus
607 1967 769 2012 designat
800 1967 920 2000 verbis

215 2015 253 2048 in
277 2015 402 2048 itinere
430 2017 512 2060 (auf
533 2015 593 2047 der
620 2016 737 2060 Reise)
756 2040 765 2056 ,
793 2020 827 2048 et
853 2014 922 2048 hoc

212 2073 331 2097 rursus
352 2073 414 2107 per
425 2067 542 2107 parles
562 2062 730 2096 describit
753 2063 791 2096 in
808 2064 923 2108 aymi-

212 2123 256 2144 ne
281 2112 343 2156 (im
373 2112 601 2157 Heereszvuqe)
629 2116 664 2145 et
688 2112 726 2144 in
760 2112 922 2145 stationi-

216 2161 274 2193 bus
290 2161 373 2204 (auf
392 2159 658 2206 Waclttposten).
696 2159 806 2194 Partis
825 2160 922 2192 notio

217 2207 418 2251 praecedit,
472 2209 581 2240 totius
615 2209 775 2252 sequitur
807 2207 922 2242 1119:

213 2262 249 2289 ut
273 2257 311 2290 in
336 2256 473 2301 agmine
503 2262 604 2300 atque
635 2256 762 2290 itinere
802 2256 923 2291 crebro

213 2316 248 2338 se
273 2304 435 2338 militibus
462 2305 710 2339 ostentavisset.

289 2363 364 2386 cum
392 2353 606 2398 Campaniae
635 2352 732 2387 lacus
758 2373 803 2379 --
846 2353 924 2386 eni-

217 2405 397 2434 terentur:
439 2400 508 2435 boc
545 2402 688 2434 nonnisi
723 2401 766 2435 (le
802 2402 924 2445 paucis

218 2449 348 2483 dictum
376 2453 452 2491 est,
489 2450 547 2494 qui
575 2449 658 2482 olim
693 2450 728 2482 in
758 2450 925 2483 comitatu

216 2495 380 2540 Neronis,
408 2507 490 2530 mox
518 2508 596 2531 cum
624 2495 763 2531 Othone
791 2499 826 2531 in
852 2497 925 2531 Lu-

218 2546 381 2579 sitaniam
424 2550 459 2579 et
493 2545 572 2579 aliis
609 2545 855 2580 occasionibus
889 2548 926 2580 in

218 2593 420 2638 Hispaniam
462 2594 615 2637 profecti
656 2598 690 2628 et
724 2594 767 2627 ad
795 2594 926 2628 Galbae

218 2642 412 2676 exercitum
440 2642 599 2675 translati
628 2647 739 2676 erant.
770 2642 926 2676 Tacitum

216 2690 391 2724 immerito
420 2691 532 2734 carpit
557 2690 723 2725 Savilius.

294 2739 378 2782 Cap.
410 2739 469 2773 24.
514 2744 551 2772 ut
573 2750 638 2785 per
663 2738 811 2784 speciem
838 2750 926 2772 con.-

217 2786 301 2820 vivii
337 2807 382 2813 -—
415 2787 546 2820 viritim
579 2792 740 2821 centenos
773 2798 928 2820 nummos

219 2834 405 2868 divideret:
431 2846 495 2880 per
508 2836 655 2880 speciem
671 2835 820 2869 convivii
834 2835 926 2869 idem

220 2887 273 2916 cst
300 2893 340 2916 ac
366 2885 586 2917 ‘convivium
614 2883 811 2918 obtendens
831 2884 926 2918 divi-

220 2930 355 2964 dendae
381 2933 556 2975 pecuniae
586 2932 760 2966 causam’:
795 2933 927 2978 quippe

220 2978 360 3014 dicebat
386 2990 425 3015 se
443 2979 574 3015 donare
600 2982 643 3017 iis
670 2982 730 3028 qui
755 2981 927 3027 principis

1096 1462 1130 1496 3.
1159 1459 1347 1494 instinctor
1374 1455 1490 1501 aquod
1515 1451 1580 1489 Ma.
1657 1451 1691 1487 7.

1249 1506 1374 1554 inopid
1398 1503 1463 1540 Ma.
1544 1502 1598 1537 13.
1623 1511 1694 1548 py-

982 1674 1026 1709 ad
1061 1685 1100 1709 se
1136 1673 1317 1708 venientis
1354 1671 1464 1705 vitam
1498 1669 1696 1710 tuerentur,

983 1734 1074 1769 quae
1112 1733 1219 1757 causa
1255 1726 1309 1755 est
1344 1730 1405 1754 cur
1431 1717 1570 1752 Tacitus
1604 1713 1697 1751 hunc

982 1772 1082 1806 velut
1109 1771 1288 1816 publicam
1316 1768 1545 1814 largitionem
1572 1775 1698 1800 secre-

985 1821 1136 1854 tioribus
1151 1819 1301 1853 Othonis
1329 1816 1496 1862 praemiis
1513 1823 1698 1859 opposue-

986 1870 1043 1902 rit.
1070 1868 1280 1902 Plutarchus
1306 1868 1342 1899 in
1370 1865 1471 1900 Galb.
1501 1865 1570 1900 20:
1599 1859 1698 1899 ὃσᾶ-

986 1930 1047 1957 κις
1085 1917 1124 1952 δὲ
1164 1910 1231 1951 τὸν
1272 1916 1418 1960 Γάλβαν
1457 1915 1599 1952 εἱστία,
1631 1909 1700 1953 τήν

987 1965 1358 2012 παραφυλάττουσαν
1418 1961 1480 1996 ἀεὶ
1535 1966 1702 2007 σπεῖραν

990 2014 1155 2063 ἐδέκαζεἡ
1170 2013 1342 2059 χρυσοῦν
1383 2009 1531 2066 ἕκὶάσιῳ
1572 2009 1700 2044 διανέ-

988 2076 1084 2110 μων,
1118 2065 1173 2099 οἱς
1199 2061 1315 2109 τιμᾶν
1340 2057 1458 2094 αὐτον
1484 2058 1701 2103 (principem

991 2110 1155 2152 Galbam,
1185 2114 1219 2143 et
1247 2109 1315 2142 hoc
1341 2107 1430 2142 illud
1457 2112 1512 2142 est
1533 2117 1599 2153 per
1619 2116 1702 2152 spo-

991 2160 1078 2192 ciem
1116 2158 1280 2204 convivii)
1331 2156 1454 2196 ἐδόκει
1491 2156 1701 2192 καταπολι-

990 2207 1193 2255 τευόμενος
1207 2211 1269 2242 καὶ
1281 2206 1521 2255 δημαγωγῶν
1532 2199 1572 2241 τὸ
1586 2215 1702 2248 σιρα-

991 2256 1179 2293 τιωιικόν.
1232 2255 1378 2291 Sueton.
1407 2253 1487 2288 Oth.
1515 2257 1559 2288 4:
1587 2253 1704 2298 quoti-

992 2316 1052 2338 ens
1080 2316 1190 2339 coena
1212 2305 1408 2350 principem
1428 2303 1616 2348 acciperet,
1634 2313 1704 2342 au-
1734 2326 1745 2331 „

992 2365 1070 2387 reos
1103 2353 1289 2388 excubanti
1328 2352 1464 2387 cohorti
1489 2351 1621 2386 viritim
1646 2348 1743 2384 ἀί-τω

992 2402 1140 2436 videbat.
1191 2401 1330 2435 Tacitus
1356 2410 1480 2435 verum
1503 2410 1590 2434 suae
1617 2409 1704 2445 nar-

993 2451 1140 2483 rationis
1170 2449 1393 2483 intellectum
1421 2453 1456 2483 et
1481 2457 1629 2482 numero
1646 2446 1705 2481 di-

996 2498 1186 2532 stributivo
1215 2503 1249 2532 et
1262 2499 1408 2542 insuper
1434 2495 1551 2531 addita
1575 2495 1707 2531 vocula

994 2548 1126 2581 viritim
1155 2547 1302 2582 adiuvit.
1340 2546 1443 2580 Conf.
1471 2545 1502 2580 11
1529 2546 1599 2581 42:
1631 2551 1706 2580 tre-

997 2607 1101 2629 cenos
1123 2596 1217 2641 plebi
1237 2595 1413 2630 sestertios
1436 2595 1566 2628 viritim
1592 2593 1707 2638 ἀεδίῦς

995 2643 1075 2677 ΧΙΙΙ
1091 2645 1134 2678 31
1153 2655 1161 2677 ε
1185 2644 1363 2690 plebeique
1380 2643 1601 2689 congiarium
1617 2653 1707 2688 qua-

997 2693 1163 2738 ‹lrinqeni
1187 2695 1316 2727 nummi
1349 2694 1479 2727 viritim
1512 2691 1607 2734 dati3
1641 2689 1706 2726 XV

998 2741 1062 2776 72:
1106 2741 1188 2775 bina
1227 2753 1400 2775 nummum
1435 2741 1535 2775 milia
1577 2740 1708 2774 viritim

996 2789 1272 2834 manipularibus
1319 2789 1445 2825 divisit.
1506 2787 1704 2834 Cognatum

998 2837 1137 2871 dicendi
1156 2850 1268 2884 genus
1287 2844 1341 2873 est
1357 2839 1418 2872 ubi
1444 2848 1611 2871 numerus
1631 2837 1707 2871 dis-

998 2886 1188 2920 tributivus
1215 2899 1293 2922 cum
1320 2898 1412 2922 voce
1437 2886 1583 2931 sinyulis
1617 2896 1708 2921 con-

997 2935 1165 2977 sociatur,
1193 2941 1232 2968 ut
1257 2936 1297 2969 H.
1325 2936 1340 2969 1
1368 2934 1432 2970 66:
1463 2935 1597 2970 addidit
1633 2935 1709 2970 Va-

998 2983 1072 3018 lens
1099 2990 1255 3019 trecenos
1281 2983 1427 3031 sinyulis
1460 2984 1624 3020 militibus
1649 2995 1708 3020 se·
