1768 3216
1596 249 1645 283 ἣ)

149 364 232 412 boc
261 366 497 409 mandatum
521 368 837 420 committerent,
868 380 1014 422 pacem
1044 367 1299 422 praedictam
1319 368 1362 409 in
1380 379 1474 410 eum
1492 367 1646 410 infrin-

149 445 300 497 gerent
340 446 379 484 et
418 442 508 496 ipse
545 442 772 484 vindictam
815 442 857 482 in
901 454 974 483 eos
1016 443 1129 484 serro
1172 446 1212 484 et
1251 442 1350 497 igne
1387 454 1646 496 exsequere·
1717 450 1724 463 ¹

150 520 228 558 tur.
289 516 335 557 ld
367 517 500 570 ipsum
532 517 802 558 mandaverat
847 517 1204 558 Durachiensibus
1244 517 1424 559 dominis
1444 547 1464 570 ,·
1497 517 1567 571 qui
1605 521 1646 559 et

149 589 340 632 homines
371 589 461 633 eius
494 592 659 632 fuerant
691 591 912 632 manuatim
935 623 945 643 ‚
997 595 1038 632 et
1070 591 1328 645 interpositis
1355 591 1643 644 sacramentis,

150 667 191 708 et
228 664 445 706 obsidibus
486 665 592 706 datis
633 665 713 706 sibi
751 666 1055 707 confoederati.
1126 665 1216 707 Hoc
1262 677 1355 707 cum
1393 666 1475 707 iam
1522 666 1643 708 tertio

150 738 343 792 fecisset,
384 743 547 793 spretus
590 744 651 781 est
682 744 762 780 tam
797 740 847 781 ab
881 740 1098 794 oppidanis
1145 741 1300 783 nostris
1341 753 1462 794 quam
1503 741 1645 782 Dura-

149 813 390 856 cbiensibus
445 814 640 855 dominis.
722 816 822 856 Nam
880 818 1049 868 propter
1101 819 1276 869 peccata
1332 815 1646 856 inhabitantium

147 887 315 930 volebat
351 885 556 929 'dominus
612 889 776 930 mittere
820 901 944 942 snper
990 889 1127 930 locum
1176 894 1362 932 nostrum
1414 890 1555 944 ignem
1603 893 1645 931 et

143 962 261 1004 'aritia
302 962 637 1004 Lovaniensium.
726 963 791 1004 Ad
840 963 947 1005 hanc
994 964 1122 1018 igitur
1162 964 1366 1017 plebeiam
1416 964 1643 1007 fatuitatem

135 1034 333 1078 *adiunxit
361 1048 410 1078 se
440 1036 631 1078 dominus
664 1036 919 1078 Gistebertus
953 1037 1202 1089 (advocatus
1233 1037 1424 1079 abba-tiae
1455 1038 1499 1080 S.
1535 1037 1644 1078 Tru-

146 1105 286 1164 me)
319 1112 467 1153 co'ntra
497 1112 666 1166 generis
698 1112 762 1154 sui
791 1111 1065 1164 nobilitatem,
1097 1112 1425 1166 trahendamque
1457 1112 1645 1154 decrevit

139 1188 296 1227 'navem
348 1185 458 1227 illam
510 1190 692 1228 terream
745 1198 877 1240 usque
922 1186 1113 1241 Leugues
1157 1186 1264 1228 ultra
1314 1187 1643 1229 Durachiensem

146 1259 313 1312 villam,
361 1260 470 1314 quod
514 1265 555 1302 et
581 1261 679 1302 fecit
709 1260 817 1302 malo
850 1265 995 1302 nostro
1028 1261 1168 1302 omine
1201 1274 1292 1302 cum
1323 1262 1435 1302 omni
1466 1261 1644 1316 oppida?

146 1335 294 1376 norum
324 1339 561 1376 nost-rorum
591 1335 851 1377 multitudine
882 1339 924 1375 et
960 1335 1120 1389 ingenti
1147 1334 1489 1377 debacchantium
1519 1335 1643 1376 voci-

146 1407 366 1459 feratione.
419 1407 699 1464 ¹Leuguenses
731 1409 950 1463 oppidanis
981 1409 1135 1450 nostris
1165 1409 1456 1462 prudentiores
1489 1413 1529 1449 et
1556 1409 1642 1450 Lo-

144 1482 358 1526 vatiiensis
390 1484 548 1526 domini
579 1483 784 1526 mandatis
817 1484 1097 1537 obsequentes
1128 1487 1270 1538 portas
1286 1496 1383 1526 suas
1406 1484 1643 1526 clauserunt

143 1562 186 1599 et
213 1557 383 1600 insausti
414 1558 564 1600 ominis
596 1562 823 1600 monstrum
855 1559 1011 1600 intrare
1042 1570 1124 1600 non
1155 1559 1447 1612 permiserunt.

674 1705 1089 1713 -——--————-

449 1852 926 1902 ADDITAMENTVM
965 1853 1046 1899 AD
1085 1850 1217 1901 CAP.
1254 1850 1336 1900 45.

257 1988 599 2032 Tnnonfflucl
630 1988 801 2032 REGIS
832 1988 907 2030 AD
936 1988 1197 2031 HAESTOS
1230 1988 1518 2031 EPISToLA.

631 2112 853 2163 (Cassiodori
882 2113 1017 2147 Variar.
1045 2113 1071 2145 V
1098 2114 1153 2159 2.)

504 2224 723 2266 HAESTIS
752 2223 1121 2267 THEODORICUS
1151 2223 1273 2265 REX.

279 2370 352 2411 1110
402 2374 442 2411 et
487 2370 557 2410 illo
608 2370 760 2423 legatis
808 2370 958 2410 vestris
1002 2369 1299 2419 venientibus,
1347 2368 1508 2421 grande
1558 2379 1634 2410 vos

140 2444 319 2487 studium
350 2444 522 2485 notitiae
554 2448 720 2485 nostrae
749 2444 944 2484 habuisse
976 2443 1251 2497 cognovimus
1271 2474 1282 2495 ,
1330 2447 1373 2483 ut
1405 2443 1445 2482 in
1477 2442 1633 2484 Oceani

139 2519 330 2561 litoribus
377 2519 588 2560 constituti
641 2531 732 2559 cum
776 2522 916 2559 nostra
970 2522 1107 2559 mente
1161 2517 1403 2572 iungamini.
1487 2517 1634 2559 Suavis

140 2593 261 2634 nobis
293 2593 514 2635 admodum
546 2598 586 2634 et
612 2597 730 2647 grata
761 2593 903 2645 petitio
923 2624 934 2643 ,
979 2596 1022 2633 ut
1050 2592 1101 2633 ad
1142 2605 1218 2633 vos
1260 2592 1494 2645 perveniret
1526 2591 1630 2632 sama

139 2671 307 2719 nostra,
352 2667 403 2707 ad
446 2679 549 2719 quos
596 2666 705 2707 nulla
741 2667 944 2719 potuimus
978 2666 1188 2708 destinare
1219 2666 1425 2706 mandata.
1487 2666 1633 2705 Ainate

140 2741 219 2782 iam
260 2740 501 2794 cognitum,
534 2752 654 2793 quem
701 2740 935 2793 requisistis
983 2740 1211 2781 ambienter
1256 2739 1454 2792 ignotum.
1529 2736 1632 2778 Nam

142 2815 249 2856 inter
294 2818 354 2855 tot
399 2818 547 2869 gentes
592 2814 700 2855 viani
749 2826 1016 2867 praesumere
1062 2825 1145 2853 non
1196 2816 1257 2852 est
1303 2810 1455 2864 aliquid
1509 2810 1632 2853 facilc

142 2887 405 2941 concupisse.
468 2888 516 2928 Et
555 2887 651 2928 ideo
692 2887 941 2928 salutatione
983 2899 1057 2927 vos
1100 2885 1327 2926 affectuosa
1369 2884 1631 2938 requirentes

140 2962 388 3016 indicamus,
420 2961 591 3004 succina
621 2973 726 3016 quac
760 2975 782 3003 a
813 2961 932 3003 vobis
963 2972 1038 3014 per
1059 2959 1203 3002 harum
1221 2959 1443 3014 portitores
1475 2958 1631 3002 directa
