1768 3216
22 600 43 660 *i

38 663 46 806 l

10 946 294 995 ⁸69Sabinus
341 946 573 989 cohortium
623 947 800 989 tribunis
847 950 892 988 ut
939 946 1110 988 militem
1169 946 1429 991 cohiberent.

111 243 137 281 ,ς
152 228 203 270 c.
230 233 291 277 69.
313 259 317 263 -

627 234 762 270 LIBER
785 234 847 271 111.
900 234 988 275 Cu.
1015 233 1171 270 67-69.
1541 235 1616 272 269

114 354 228 404 erat)
263 351 474 394 exolutum
506 365 528 395 a
559 351 692 395 latere
721 352 974 408 pugionem,
1016 351 1129 394 velut
1169 351 1233 393 ius
1276 349 1394 399 necis
1424 349 1618 403 vitaeque

117 425 285 490 ciffum,
316 427 534 470 reddebat.
593 428 859 481 Aspernante
890 427 1091 479 consule,
1122 412 1551 478 ιῖἶόῖέιῖᾒιῐίἶῖιῖξῖᾖῖἷ
1575 424 1619 467 in

118 501 316 549 contione
348 501 608 554 adstiterunt,
639 505 684 543 ut
716 502 758 542 in
787 501 893 543 aede
925 500 1189 543 Concordiae
1206 500 1415 554 positurus
1437 498 1620 552 insignia

64 581 66 583 ’
118 575 282 629 imperii
317 575 566 630 domumque
597 576 736 618 fratris
766 577 970 630 petiturus
1002 575 1208 618 discessit.
1268 574 1400 617 Maior
1430 573 1499 615 hic
1530 571 1622 614 cla-
1652 600 1681 649 ..¹
1703 599 1755 653 §.3

119 661 213 691 mor
244 649 534 701 obsistentium
565 650 785 717 penatibus
816 650 989 718 privatis
1007 681 1019 702 ,
1066 650 1107 690 in
1136 648 1336 690 Palatium
1368 647 1620 689 vocantium.
1634 625 1707 693 Γ

120 723 394 766 Interclusum
435 715 571 767 εἰίιιῖἷ
576 710 717 778 iter,
733 712 872 779 idque
906 725 1038 766 solum
1071 723 1182 778 quod
1225 723 1266 764 in
1303 723 1473 766 Sacram
1512 721 1654 765 viam.
1684 718 1768 796 ,J

117 803 314 853 pergeret
341 800 521 853 patebat.
563 799 663 841 Tum
694 800 862 841 consilii
891 799 1012 853 inops
1031 799 1072 839 in
1093 798 1291 841 Palatium
1312 787 1450 842 rediit.
1491 796 1622 838 Prae-
1635 765 1751 870 ἐξ]
1736 825 1768 866 [3

117 876 292 921 venerat
322 885 465 918 rumor
495 873 651 915 eiurari
680 873 731 914 ab
763 885 814 915 eo
849 873 1082 926 imperium,
1114 872 1425 925 scripseratque
1456 870 1622 912 Flavius
1651 892 1704 953 “f'‘
1692 853 1760 925 {f

1492 944 1690 1020 Igitur,iasa
1702 966 1750 1015 ,34

123 1024 330 1075 tamquam
362 1021 497 1064 omnis
522 1033 592 1064 res
619 1021 784 1075 publica
815 1022 858 1062 in
884 1020 1134 1075 Vespasiani
1157 1021 1294 1065 sinum
1325 1019 1622 1072 concessisset,
1640 1033 1677 1063 ιι)

117 1094 322 1149 primores
354 1099 524 1137 senatus
557 1099 598 1137 et
626 1095 814 1150 plerique
846 1096 1052 1150 equestris
1085 1095 1246 1137 ordinis
1293 1094 1511 1149 omnisque
1541 1093 1625 1137 mi·-

114 1168 180 1213 les
212 1169 396 1211 urbanus
429 1173 469 1211 et
497 1169 649 1224 vigiles
684 1169 851 1211 domum
872 1169 1002 1212 Flavii
1023 1169 1167 1211 Sabini
1196 1169 1476 1223 complevere.
1524 1167 1625 1209 Illuc

122 1243 174 1286 de
205 1243 354 1286 studiis
380 1243 497 1298 vulgi
537 1248 578 1285 et
615 1244 736 1286 minis
769 1244 1111 1286 Germanicarum
1158 1243 1393 1285 cohortium
1425 1242 1624 1284 adfertur.

78 1351 83 1353 .
120 1317 308 1372 Longius
340 1318 420 1360 iam
450 1330 703 1374 progressus
735 1323 824 1360 erat
853 1330 975 1373 quam
1007 1323 1051 1360 ut
1081 1296 1258 1373 regredi
1262 1306 1449 1371 posset3
1480 1320 1521 1358 et
1550 1328 1626 1358 suo

122 1391 296 1446 quisque
340 1396 475 1445 metu,
523 1405 576 1435 ne
617 1393 817 1435 disiectos
857 1405 992 1447 eoque
1037 1393 1171 1435 minus
1211 1391 1374 1434 validos
1416 1390 1679 1444 Vitellianiis

121 1470 490 1520 consectarentur,
534 1471 795 1509 cunctantem
829 1467 871 1508 in
902 1480 1016 1510 arma
1050 1466 1328 1521 impellebant.
1389 1465 1471 1509 Sed
1515 1464 1626 1518 quod

121 1540 164 1586 in
195 1540 403 1583 eiusmodi
432 1541 558 1583 rebus
603 1541 781 1595 accidit,
815 1542 1037 1584 consilium
1069 1542 1120 1584 ab
1154 1541 1344 1582 omnibus
1380 1540 1518 1581 datum
1550 1543 1626 1592 est,

119 1614 350 1668 periculum
378 1616 502 1669 pauci
531 1627 760 1669 sumpsere.
823 1616 944 1658 Circa
975 1615 1110 1657 laeum
1140 1615 1327 1657 Fundani
1361 1613 1629 1656 descenden-

121 1688 244 1742 tibus,
277 1689 347 1743 qui
363 1689 559 1732 Sabinum
591 1689 909 1742 comitabantur,
943 1689 1111 1730 armatis
1143 1691 1370 1730 occurrunt
1399 1686 1629 1741 promptis-

124 1763 220 1805 simi
249 1762 579 1805 Vitellianorum.
639 1760 848 1806 Modicum
880 1763 938 1804 ibi
967 1763 1172 1818 proelium
1202 1762 1417 1816 inproviso
1442 1760 1683 1814 tumultu,2o

124 1837 202 1880 sed
231 1850 476 1893 prosperum
504 1838 736 1881 Vitellianis
768 1838 857 1882 suit.

260 1979 295 2016 6.
322 1979 574 2015 interclausam
600 1979 665 2023 Ma,
691 1982 785 2015 inter
813 1980 946 2014 clusum
972 1980 1011 2014 G.

125 2029 188 2063 uia
212 2027 262 2063 G:
290 2029 515 2063 emendatum
542 2030 579 2063 in
606 2029 698 2073 Spir.
727 2034 763 2063 et
785 2040 907 2063 rursus
941 2040 961 2063 a
990 2029 1122 2073 Lipsio.

665 2078 721 2114 10.
747 2078 969 2124 uespasianis
993 2076 1060 2112 Ma.

660 2126 715 2161 16.
739 2127 813 2173 inp.
840 2125 905 2162 Ma.

125 2078 244 2113 iurari
267 2076 342 2112 Ma:
370 2079 507 2112 eiurari
534 2078 573 2113 G.

124 2126 331 2170 cecinisset,
358 2125 387 2161 G
413 2127 580 2162 cessisset.

131 2253 231 2298 quasi
251 2254 291 2287 in
317 2253 403 2287 aede
423 2254 644 2288 Concordiae
666 2256 844 2300 positurus

131 2302 307 2335 abscessit.
380 2301 499 2335 Aedes
536 2302 759 2337 Concordiae
801 2303 846 2337 ad

131 2349 247 2382 forum
280 2349 495 2383 Romanum:
531 2350 577 2385 cf.
605 2351 682 2386 Liv.
712 2351 758 2386 lx
784 2351 847 2395 46,

132 2396 268 2431 Plinius
292 2397 434 2432 XXXIII
458 2397 492 2432 6.

210 2493 295 2539 Cap.
327 2494 385 2529 69.
449 2500 626 2539 tamquam
653 2496 763 2530 omnis
788 2507 846 2530 res

128 2541 273 2588 publica
311 2544 350 2576 in
380 2543 494 2577 sinum
527 2543 733 2589 Vespasiani
759 2556 844 2578 con-

134 2592 311 2626 cessisset:
361 2596 443 2625 ante
487 2593 640 2626 maxima
673 2603 755 2638 pars
794 2594 846 2627 rei

136 2639 303 2682 publicae
331 2641 367 2672 in
395 2639 510 2673 sinum
539 2641 750 2684 Vespasiani
778 2642 847 2676 iam

136 2691 315 2721 cesserat:
348 2697 442 2720 nunc
482 2689 592 2721 omnis
625 2690 848 2723 concessisse

135 2734 213 2768 visa
239 2739 304 2767 est.
329 2733 452 2779 ltaque
479 2740 578 2769 recte
600 2738 745 2780 reposui
762 2748 849 2771 con-

138 2782 293 2816 cessisset
319 2792 382 2825 pro
408 2782 558 2828 vulgato
586 2786 759 2828 cessisset,
786 2796 847 2820 se-

138 2834 238 2864 cutus
274 2829 402 2864 librum
436 2830 658 2874 Mediceum,
702 2834 738 2866 iu
777 2844 847 2879 quo

137 2879 348 2921 cecississet,
384 2877 418 2911 h.
446 2890 478 2913 e.
509 2881 679 2914 correctis
705 2880 849 2916 levibus

137 2927 235 2960 vitiis
261 2927 462 2962 necessi-eset
496 2928 575 2962 sive
612 2930 847 2964 concessisset.

136 2975 215 3010 Non
241 2977 328 3011 satis
355 2979 446 3022 apta
463 2981 544 3012 sunt
576 2975 740 3022 exempla
766 2979 849 3024 qui-

918 1838 1094 1881 Sabinus
1125 1850 1173 1881 re
1204 1837 1379 1891 trepida,
1416 1836 1527 1896 quod
1561 1840 1631 1878 tu-

1070 1981 1108 2014 in
1133 1991 1243 2015 sacra
1271 1980 1368 2014 uiam
1394 1978 1460 2022 Ma,
1487 1979 1635 2014 insacra

1224 2029 1256 2063 7.
1299 2040 1398 2074 prev.
1426 2026 1491 2062 Ma·
1594 2028 1630 2063 8.

1162 2079 1387 2114 concessisset
1412 2076 1548 2111 editor.
1579 2076 1635 2111 Ma

962 2125 1017 2161 18.
1042 2127 1168 2172 paucis
1193 2125 1269 2160 Ma.
1297 2125 1325 2160 G
1346 2126 1465 2172 pauci.

914 2255 980 2288 bus
1026 2254 1070 2288 ad
1130 2253 1379 2287 vindicandam
1422 2254 1633 2297 scripturam

916 2303 1071 2337 cessisset
1099 2313 1183 2335 usus
1210 2307 1264 2336 est
1288 2301 1495 2335 Waltherus
1511 2328 1520 2343 ‚
1547 2301 1561 2334 1
1591 2303 1632 2334 1:

916 2351 1040 2396 Lepidi
1066 2356 1168 2395 atque
1192 2350 1341 2384 Antonii
1365 2361 1468 2383 arma
1500 2350 1538 2383 in
1555 2349 1633 2383 Au-

914 2405 1050 2445 gustum
1075 2410 1230 2442 cessere,·
1256 2398 1288 2432 11
1314 2400 1383 2434 23:
1409 2409 1508 2433 mare
1534 2408 1634 2431 omne

914 2449 953 2482 in
979 2453 1136 2481 austrum
1162 2448 1273 2481 cessit.
1301 2447 1391 2480 Plin.
1428 2446 1560 2492 Paneg.
1589 2445 1632 2480 6:

917 2497 1075 2541 consuyit
1112 2497 1151 2530 in
1176 2497 1290 2530 sinum
1334 2502 1428 2531 tuum
1463 2505 1635 2529 concussa

917 2557 974 2579 res
996 2543 1151 2590 publica.

979 2594 1273 2627 Germanicarum
1299 2593 1513 2626 cohortium.
1543 2589 1634 2623 Ger-

917 2643 1079 2676 manicae
1106 2642 1308 2686 praetoriae
1348 2640 1515 2674 cohortes
1545 2636 1633 2671 h.1.

918 2687 1147 2724 nominantur
1157 2716 1166 2733 ‚
1207 2689 1301 2735 quod
1329 2688 1538 2722 Geimanico
1565 2686 1634 2717 mi-

918 2737 983 2772 lite
1011 2739 1199 2772 maximam
1238 2741 1372 2781 partem
1414 2734 1634 2779 compositae

921 2791 1043 2829 ciant3
1071 2797 1105 2819 v.
1134 2785 1175 2819 Η.
1202 2784 1305 2819 1193
1331 2788 1366 2817 et
1386 2784 1445 2818 94.
1475 2783 1543 2816 lias
1570 2791 1634 2815 co-

920 2834 1042 2868 hortes
1070 2839 1141 2866 tres
1169 2837 1303 2866 tantum
1319 2832 1452 2866 Romae
1478 2830 1635 2864 adfuisse

920 2892 990 2915 non
1021 2886 1119 2915 recte
1147 2881 1339 2924 Rupertius
1367 2890 1411 2913 ex
1440 2890 1470 2912 c.
1499 2878 1544 2913 78
1571 2878 1634 2911 tris

921 2929 1079 2964 cohortes
1105 2928 1291 2973 probatum
1318 2928 1403 2970 ivit;
1432 2938 1466 2961 v.
1495 2926 1544 2960 ibi
1570 2936 1638 2960 an-

920 2982 994 3012 not.
1095 2978 1196 3012 circa
1221 2976 1336 3013 lacum
1356 2975 1539 3012 Fundani:
1568 2984 1638 3009 no-
