1768 3216
126 220 214 261 8¹0.
240 222 301 260 69.
559 222 696 256 LIBER
721 220 782 257 111.
834 220 922 257 Cn.
951 221 1108 256 78-80.
1561 221 1632 259 2⁷1

128 338 183 382 ad
212 339 323 382 Saxa
352 339 478 381 rubra
510 339 637 380 multo
669 339 749 382 iam
780 338 919 380 noctis
951 350 1091 380 serum
1122 337 1325 380 auxilium
1350 336 1491 380 venit.
1543 336 1633 380 Illic

125 413 391 457 interfectum
421 413 632 467 Sabinum,
659 413 946 468 conflagrasse
977 413 1237 467 Capitolium,
1269 417 1449 455 tremere
1470 412 1632 466 urbem,

127 492 285 531 maesta
317 489 456 531 omnia
487 488 673 542 accepit3
703 487 868 541 plebem
901 499 1065 541 quoque
1096 491 1136 530 et
1166 488 1338 530 servitia
1366 499 1442 541 pro
1463 486 1632 530 Vitellio

128 563 283 605 armari
314 563 589 606 nuntiabatur.
650 558 705 604 Et'
730 562 875 603 Petilio
909 562 1063 604 Ceriali
1097 566 1291 615 equestre
1322 562 1526 616 proelium
1555 561 1635 604 ad-

127 649 295 680 versum
325 638 475 684 fuerat.
513 637 699 692 Namque
730 637 939 679 incautum
973 641 1014 679 et
1040 641 1244 691 tamquam
1265 637 1317 679 ad
1344 637 1481 679 victos
1503 648 1667 678 rnen-5

126 715 212 755 tem
242 711 478 766 Vitelliani,
512 712 755 754 interiectus
787 712 1094 773 equiti-“pedes
1129 724 1349 766 excepere.
1409 711 1636 766 Pugnatum
1666 707 1693 736 Α
1715 692 1768 778 [ζα

127 786 238 828 haud
257 786 404 840 procul
438 786 554 839 urbe,
577 787 685 828 inter
703 787 893 829 aedificia
916 787 1145 840 hortosque
1164 791 1206 829 et
1224 787 1435 828 anfractus
1453 787 1636 839 viarum3
1655 770 1698 822 ''a“
1724 778 1768 802 Ψ

129 871 238 914 quae
270 872 404 915 gnara
434 861 694 914 Vitellianis,
738 861 996 914 incomperta
1024 861 1214 903 hostibus
1246 865 1398 902 metum
1431 861 1633 903 fecerant.
1654 833 1768 916 ⁶⁴4²}

125 933 272 989 Neque
310 935 444 977 omnis
477 947 604 989 eques
651 947 860 988 concors,
890 935 1097 977 adiunctis
1129 935 1374 988 quibusdam
1407 935 1476 989 qui
1505 947 1638 989 nuper

128 1009 236 1063 apud
268 1010 466 1052 Narniam
499 1009 629 1051 dediti
661 1010 868 1052 fortunam
888 1010 1066 1064 partium
1087 1009 1421 1063 speculabantur.
1469 1009 1637 1063 Capitur
1652 1021 1691 1050 ιο

127 1084 365 1138 praefectus
397 1084 490 1127 alae
519 1084 658 1153 IQ
677 1085 897 1127 Flavianus
909 1099 920 1136 ;
964 1085 1097 1127 ceteri
1135 1084 1260 1126 foeda
1300 1085 1399 1139 fuga
1440 1087 1638 1126 conster-
1666 1073 1768 1144 TW*

58 1162 302 1211 sonantur,
347 1170 434 1200 non
478 1158 585 1201 ultra
626 1159 805 1201 Fidenas
847 1159 1003 1201 secutis
1034 1158 1279 1200 victoribus.
1340 1159 1401 1200 Eo
1434 1170 1637 1200 successu

131 1234 267 1276 studia
313 1234 454 1287 populi
498 1238 618 1275 aucta
630 1247 642 1285 3
686 1234 836 1297 vulgus
877 1234 1079 1275 urbanum
1130 1246 1244 1275 arma
1297 1233 1419 1286 cepit.
1490 1232 1637 1274 Paucis

132 1312 252 1350 scuta
283 1307 501 1359 militaria3
542 1308 683 1361 plures
724 1308 853 1361 raptis
882 1307 992 1361 quod
1025 1307 1174 1361 cuique
1206 1306 1374 1348 obvium
1415 1306 1534 1358 telis,
1574 1306 1638 1347 si-

131 1394 259 1437 gnum
290 1394 457 1437 pugnae
488 1386 732 1436 exposcunt.
793 1382 894 1436 Agit
922 1386 1064 1436 grates
1094 1381 1299 1434 Vitellius,
1342 1385 1382 1421 et
1418 1380 1470 1423 ad
1513 1385 1691 1422 tuen-¹⁵

130 1456 227 1498 dam
253 1456 398 1498 urbem
429 1468 701 1510 prorumpere
731 1456 858 1497 iubet.
918 1456 1017 1499 Mox
1043 1444 1195 1497 vocato
1228 1460 1374 1498 senatu
1402 1455 1640 1509 deliguntur

131 1530 260 1586 legati
305 1531 358 1573 ad
389 1531 626 1585 exercitus,
674 1535 718 1572 ut
757 1534 976 1584 praetexto
1022 1531 1085 1572 rei
1130 1530 1322 1584 publicae
1367 1530 1639 1572 concordiam

129 1611 360 1658 'pacemque
389 1605 625 1647 suaderent.
685 1604 810 1646 Varia
844 1604 1078 1659 legatorum
1110 1616 1203 1646 sors
1235 1604 1323 1645 suit.
1386 1604 1464 1652 Oui
1494 1603 1637 1644 Petilio

137 1679 294 1721 Ceriali
325 1684 623 1731 occurrerant,
660 1684 888 1721 extremum
922 1680 1149 1721 discrimen
1178 1679 1349 1731 adiere,
1391 1681 1640 1732 aspernante

131 1753 261 1795 milite
292 1754 558 1796 conditiones
584 1754 713 1808 pacis.
776 1753 1026 1796 Vulneratur
1055 1757 1226 1808 praetor
1255 1753 1464 1795 Arulenus
1495 1752 1639 1794 Rusti·
1658 1764 1698 1794 πο

263 1915 300 1950 4.
322 1913 413 1960 prel.
439 1913 505 1948 Ma.
609 1914 643 1949 5.
670 1924 811 1958 nanque
835 1913 900 1948 Ma.
977 1913 1012 1948 8.
1037 1914 1180 1960 inconp.
1209 1911 1276 1949 Ma.
1377 1913 1433 1949 10.
1459 1918 1544 1959 aput
1569 1910 1638 1947 Ma.

134 1963 189 1997 11.
221 1961 332 1997 lulius
356 1963 410 1996 A:
436 1962 491 1996 Ma
518 1962 634 2006 tulius,
663 1962 691 1996 G
717 1963 767 1997 .T.
795 1964 832 1996 in
861 1973 992 1997 rasura.
1068 1963 1177 2008 faeda
1202 1961 1268 1996 Ma.
1347 1963 1402 1997 13.
1429 1961 1550 2007 volgus
1578 1960 1638 1995 Or.

136 2012 194 2046 14.
221 2011 317 2057 rapti
341 2009 416 2044 Ma:
443 2010 472 2045 G
495 2012 619 2056 raptis.
688 2012 743 2046 15.
770 2011 908 2047 uitellizz
932 2010 998 2045 Ma.
1077 2012 1132 2047 16.
1157 2012 1292 2046 vocatis
1317 2020 1495 2055 superscr.
1524 2021 1542 2043 ο
1568 2008 1635 2044 Ma.

136 2059 192 2094 17.
220 2063 324 2105 reip.
350 2058 413 2093 Ma.
499 2061 558 2095 20.
587 2060 777 2094 condiones
800 2059 868 2094 Ma.
944 2059 1037 2094 coln.
1071 2060 1130 2095 Or.
1208 2060 1391 2095 arulenius
1421 2058 1516 2094 GMa.

128 2216 223 2239 mam
250 2204 418 2251 Capitolii
441 2216 559 2238 arcem
585 2210 618 2238 et
642 2215 686 2238 ηε
712 2205 848 2251 magnis
918 2206 1102 2251 frequens.
1191 2204 1362 2239 Fidenas.-
1387 2203 1558 2247 perhanc
1583 2203 1639 2236 ci-
1694 2233 1698 2238 ,

80 2251 87 2256 ’
131 2253 267 2298 quidem
279 2254 488 2287 exercitibus
502 2253 780 2298 εωρριῃηαόἰῖευι,
799 2255 848 2287 ita

131 2300 286 2335 hostium
305 2301 426 2345 copias
443 2301 598 2335 minores
623 2312 727 2346 quam
746 2302 847 2335 suere

132 2349 350 2384 describunt.

202 2398 351 2432 salaria
374 2398 452 2431 via.-
480 2397 570 2432 llaec
597 2407 617 2430 a
643 2403 744 2441 porta
762 2397 848 2432 Col-

130 2446 205 2481 lina
232 2448 268 2480 in
286 2447 436 2481 Sabinos
462 2446 574 2480 duxit.
595 2446 747 2480 Festus:
774 2447 848 2480 Sa-

130 2494 227 2529 laria
247 2502 437 2542 propterea
460 2494 723 2540 appellabatur,
759 2495 849 2539 qnod

129 2544 352 2590 impetratum
376 2544 509 2588 fuerit,
543 2549 579 2576 ut
605 2555 648 2576 ca
675 2543 797 2577 liceret
823 2555 845 2576 a

130 2592 224 2625 mari
276 2593 315 2625 in
357 2592 507 2625 Sabinos
546 2591 655 2624 salem
694 2593 846 2638 portari.

97 2650 102 2660 ²
131 2638 232 2672 Adde
260 2639 349 2672 Ptin.
378 2639 487 2672 xxxl
511 2641 557 2673 41
586 2645 675 2672 extr.

217 2686 303 2730 Cap.
331 2687 389 2721 79.
448 2688 548 2719 Saxa
579 2687 688 2720 rubra
734 2687 848 2732 (rothe

133 2733 267 2780 secivo:
295 2735 396 2768 vicus
418 2734 452 2766 in
470 2735 530 2767 via
545 2733 719 2768 Flaminia
736 2745 848 2779 prope

134 2782 271 2815 urbem.
359 2781 468 2815 Iulius
492 2790 555 2825 pro
582 2782 730 2828 vulgato
755 2783 849 2827 apud

133 2831 356 2863 recentiores
371 2829 479 2863 Tullio
506 2831 663 2873 reposui,
691 2833 851 2874 proxime

133 2883 278 2912 secutus
317 2878 446 2912 librum
473 2877 670 2911 Mediceum
713 2880 768 2924 (in
807 2889 850 2912 eo

138 2925 253 2961 Tulius
277 2926 336 2960 vel
363 2927 481 2971 potius
508 2925 646 2972 tulius),
661 2931 697 2960 et
719 2936 849 2962 nomen

134 2974 225 3010 illud
241 2976 277 3010 in
299 2975 448 3010 ducibus
464 2975 644 3010 sociorum
663 2974 849 3010 admodum

918 2256 1064 2289 vitatem
1103 2254 1162 2291 via
1188 2253 1323 2287 Salaria
1359 2253 1484 2296 quinto
1519 2250 1639 2294 lapide

918 2304 1064 2337 Romam
1094 2302 1319 2335 tendebatur.
1356 2300 1410 2334 De
1436 2299 1550 2333 forma
1576 2299 1637 2333 Fi-

919 2351 1010 2385 dena
1037 2350 1170 2383 dictum
1196 2349 1240 2384 ad
1265 2349 1313 2382 lv
1341 2348 1398 2383 62.

991 2420 1075 2465 Cap.
1102 2420 1162 2456 80.
1223 2420 1345 2465 vulqus
1371 2418 1564 2461 urbanum,
1601 2417 1635 2451 h.

918 2481 950 2504 e.
990 2469 1114 2514 populi
1150 2479 1231 2514 pars
1270 2467 1431 2501 tribubus
1465 2476 1536 2500 non
1571 2466 1637 2500 de·-

917 2518 1072 2562 scripta:
1114 2518 1226 2552 tribus
1252 2518 1346 2551 enim
1377 2517 1446 2550 iam
1475 2520 1557 2549 ante
1583 2517 1634 2560 (v.

918 2578 950 2600 c.
977 2566 1042 2612 58)
1068 2566 1214 2600 delectu
1235 2565 1363 2599 habito
1400 2574 1496 2598 arma
1524 2573 1636 2606 cepe-

916 2620 1007 2648 rant.
1047 2614 1149 2656 Quod
1177 2614 1245 2648 hoc
1270 2614 1352 2647 loco
1379 2612 1501 2656 vulqus
1524 2612 1636 2644 urba-

916 2675 1011 2706 num,
1038 2663 1074 2696 id
1089 2663 1130 2696 H.
1162 2663 1176 2696 1
1202 2667 1237 2704 4,
1263 2661 1310 2695 Ill
1336 2661 1382 2694 74
1403 2659 1537 2705 plebem
1554 2669 1634 2692 sor-

918 2712 1034 2745 didam
1049 2710 1259 2755 appellavit,
1287 2710 1393 2752 eique
1411 2706 1530 2752 populi
1543 2717 1635 2752 par-

920 2766 985 2793 lem
1011 2761 1208 2804 integram,
1243 2759 1266 2790 i.
1296 2768 1327 2790 e.
1356 2755 1492 2796 trihus,
1519 2764 1635 2799 oppo-

920 2808 1001 2841 suit.
1044 2807 1146 2840 Conf.
1176 2809 1296 2839 annot.
1331 2803 1374 2836 ad
1402 2814 1431 2836 c.
1455 2802 1514 2837 58.

992 2883 1092 2911 scula
1117 2876 1312 2909 militaria:
1356 2878 1493 2908 scutum
1521 2874 1635 2918 perti-

920 2931 981 2958 net
1005 2925 1050 2959 ad
1076 2935 1171 2958 arma
1195 2922 1351 2969 tegendo
1371 2922 1524 2966 corpori,
1551 2923 1635 2967 qui-

918 2973 984 3009 bus
1026 2974 1147 3009 statim
1189 2971 1432 3018 adiunguntur
1470 2970 1542 3005 tela
1590 2970 1635 3006 ad
