1768 3216
66 221 152 261 1120.
168 224 238 260 -70,
537 221 674 258 LIBER
700 221 763 257 lv.
819 222 905 257 Gn.
932 221 1089 259 82-84.
1494 223 1565 257 369

64 340 294 393 exciverat,
333 350 535 395 quaenam
575 340 645 382 illa
685 340 939 394 superstitio,
982 340 1091 394 quod
1131 351 1283 382 numen
1320 339 1564 394 interrogat.

66 415 305 458 Timotheus
336 416 534 470 quaesitis
567 415 635 469 qui
666 415 709 456 in
740 414 912 456 Pontum
937 419 1160 468 meassent,
1187 415 1567 470 cognosciturbem

67 489 154 532 illic
184 489 382 544 Sinopen,
417 502 496 532 nec
525 489 671 544 procul
701 479 909 543 templum,
941 493 1086 531 vetere
1116 489 1224 531 inter
1255 489 1423 535 accolas
1441 490 1564 542 fama,
1621 522 1628 531 .
1669 494 1671 497 “

68 565 179 606 {ovis
211 564 343 606 Ditis.
392 577 570 618 namque
609 568 650 605 et
680 564 922 606 muliebrem
953 553 1133 619 effigiem
1168 564 1401 617 adsistere,
1446 576 1567 618 quam
1591 518 1768 648 &W

64 617 284 693 mue
282 639 574 693 Proserpinam
603 644 771 680 vocent.
832 639 915 682 Sed
942 639 1216 692 Ptolemaeus,
1252 644 1295 681 ut
1321 643 1416 680 sunt
1443 639 1600 694 inge—⁵
1680 609 1757 677 “p

67 713 134 754 nia
164 726 337 768 regum,
364 726 520 768 pronus
552 715 603 756 ad
636 714 931 767 formidinem,
965 714 1036 755 ubi
1066 715 1271 756 securitas
1302 714 1456 767 rediit,
1485 726 1569 755 vo-

65 788 264 842 luptatum
293 801 413 842 quam
444 789 696 843 religionum
726 789 942 843 adpetens,
973 788 1204 844 neglegere
1223 789 1416 842 paulatim
1438 788 1569 830 alias-

67 874 148 916 que
179 862 230 904 ad
263 874 386 904 curas
417 863 597 904 animum
629 868 808 916 vertere,
830 863 967 905 donec
988 862 1133 905 eadem
1156 863 1321 917 species
1342 863 1570 905 terribilior

67 936 222 979 iam-et
250 937 472 979 instantior
505 938 674 980 exitium
705 938 784 992 ipsi
815 950 1033 992 regnoque
1059 938 1351 991 denuntiaret,
1383 939 1425 979 ni
1456 938 1569 979 iussa

66 1015 342 1065 patrarentur.
414 1012 514 1053 Tum
552 1012 716 1067 legatos
761 1016 801 1053 et
844 1012 955 1054 dona
998 1012 1337 1070 Scydrothemidi
1378 1013 1471 1067 regi
1512 1012 1570 1063 (is
1587 1022 1624 1050 ιο

67 1089 166 1127 tunc
197 1085 499 1140 Sinopensibus
530 1087 812 1140 imperitabat)
855 1087 1044 1141 expediri
1093 1087 1236 1138 iubet3
1275 1088 1572 1142 praecepitque

57 1159 325 1215 ·navigaturis
351 1165 396 1202 ut
422 1161 634 1216 Pythicum
666 1161 903 1215 Apollinem
935 1161 1099 1206 adeant.
1159 1162 1242 1204 Illis
1274 1175 1388 1204 mare
1418 1174 1574 1204 secun-

70 1233 179 1286 dum,
212 1246 305 1281 sors
337 1235 495 1277 oraculi
526 1235 635 1277 haud
665 1236 882 1291 ambigua:
914 1235 1037 1288 irent,
1071 1236 1418 1290 simulacrumque
1443 1237 1572 1291 patris

0 1312 56 1352 84
68 1309 134 1350 sui
163 1308 430 1361 reveherent,
463 1310 624 1351 sororis
655 1310 952 1364 relinquerent.
985 1311 1036 1352 Ut
1069 1311 1253 1365 Sinopen
1281 1323 1452 1364 venere,
1480 1323 1574 1352 mu-

0 1399 18 1428 a
67 1395 169 1425 nera
198 1395 348 1437 preces
379 1384 572 1425 mandata
603 1385 719 1439 regis
752 1385 816 1426 sui
845 1384 1180 1439 Scydrothemidi
1212 1385 1421 1440 adlegant.

1493 1385 1572 1435 Qui
1587 1394 1626 1425 ιε

67 1458 374 1527 veQQi
397 1459 523 1500 modo
552 1471 703 1501 numen
732 1472 978 1514 pavescere,
1009 1460 1134 1501 modo
1166 1460 1288 1502 minis
1310 1461 1571 1502 adversantis
1599 1454 1768 1509 ists&

65 1532 206 1587 populi
235 1532 410 1585 terreri3
440 1546 567 1588 saepe
601 1534 723 1576 donis
739 1534 1041 1588 promissisque
1058 1534 1291 1590 legatorum
1313 1535 1570 1578 flectebatur.
1622 1522 1670 1551 ‘
1697 1514 1768 1589 ,ἔα

209 1682 244 1714 4.
271 1690 412 1724 nanque
439 1679 503 1714 Ma.

69 1726 132 1762 Ma.
217 1728 251 1762 7.
279 1729 361 1774 adp.
389 1727 463 1762 Ma:
494 1740 574 1774 app.
603 1728 642 1763 G.

68 1775 123 1810 Ma
149 1776 302 1810 caedem.
406 1778 461 1812 10.
501 1783 709 1822 paterentur
735 1777 809 1812 Ma.

69 1823 177 1859 Gna:
199 1826 440 1872 praecipitque
469 1824 510 1860 B.

70 1958 163 1987 turn.
193 1953 206 1988 l
234 1955 282 1989 20
307 1954 435 1988 asserit
462 1954 681 1999 Macrobius,
718 1957 786 1990 Se-

69 2004 176 2049 rapin
202 2013 282 2036 esse
295 2002 416 2037 Solem
443 2004 522 2037 sive
540 2002 685 2040 Ἥλιον.
714 2004 785 2039 Sed

70 2062 114 2085 cx
142 2055 262 2085 cetera
293 2051 404 2085 Taciti
437 2053 642 2087 narratione
679 2053 784 2087 Sera-

69 2101 124 2143 pis
154 2101 272 2144 potius
313 2101 343 2133 is
370 2105 424 2134 est
454 2102 514 2146 qui
541 2101 703 2146 luppiter
727 2103 787 2135 in-

70 2148 215 2191 fernus,
245 2148 279 2183 h.
309 2160 340 2183 c.
370 2148 494 2192 Pluto,
523 2151 630 2195 eique
658 2162 702 2184 ex
731 2150 787 2184 al-

70 2201 150 2230 tero
177 2207 266 2230 sexu
293 2197 488 2242 respondet
513 2198 736 2242 Proserpina.

145 2251 249 2289 atque
274 2245 347 2279 illis
372 2246 474 2280 Ponti
501 2252 532 2279 et
563 2252 787 2281 externorum

69 2303 198 2337 parum
222 2294 374 2338 9naris:
402 2292 490 2328 haec
521 2305 692 2338 respuere
719 2305 788 2328 vo-

73 2341 149 2374 lent
186 2341 244 2386 qui
273 2340 415 2374 eludunt
455 2353 555 2376 omne
588 2343 677 2386 quod
708 2344 788 2387 fieri

71 2400 144 2422 mm
167 2395 280 2435 potest
305 2389 364 2423 vel
384 2389 459 2424 lieri
487 2391 546 2423 vix
568 2395 699 2434 potest,
726 2391 788 2425 sed

71 2436 213 2471 Tacitus
272 2437 441 2483 ambages
500 2440 787 2473 narratiunculae

73 2485 306 2520 sacerdotalis
347 2485 497 2521 reddere
548 2487 679 2522 studet.
745 2487 789 2522 Ut

73 2527 287 2569 sacerdotes
293 2534 466 2580 Aegyptii
494 2540 671 2581 tamquam
686 2536 788 2570 Ponti

73 2587 109 2617 et
157 2582 333 2627 Sinopes,
376 2583 472 2616 urbis
516 2584 787 2628 celeberrimae,

71 2632 188 2676 ignari
230 2631 464 2673 referuntur,
503 2633 551 2665 ita
582 2632 788 2668 Timotheus

71 2679 244 2713 Eleusine
271 2680 410 2712 excitus
428 2680 515 2713 mire
542 2681 726 2725 imperitus
747 2693 789 2716 ac

72 2726 213 2760 demum
250 2737 270 2760 a
295 2728 581 2772 negotiatoribus
617 2729 662 2763 de
687 2730 789 2764 Ponti

72 2775 178 2809 rebus
206 2776 338 2809 certior
356 2776 471 2810 factus
488 2777 677 2813 inducitur.
708 2779 788 2813 Sci-

72 2823 159 2857 licet
190 2823 226 2856 in
265 2823 319 2857 bis
359 2824 610 2860 traditionibus
655 2827 789 2872 Sinope

72 2877 251 2918 tamquam
295 2873 330 2906 in
356 2872 482 2908 ultima
507 2873 619 2909 Thule
649 2880 685 2909 et
713 2876 790 2910 fere

73 2922 109 2954 in
145 2921 316 2954 extremis
354 2925 526 2956 terrarum
572 2924 640 2957 sita
684 2925 790 2970 cogi-

73 2973 180 3005 tatur.

182 3054 306 3084 Tacitus
329 3054 381 3084 111.
401 3034 406 3038 ἱ

575 1681 608 1716 5.
635 1681 827 1727 ptolomeus
855 1680 950 1716 GMa.

742 1730 776 1764 8.
803 1735 957 1764 uerteret
983 1729 1058 1764 Ma.

843 1778 871 1812 G
893 1784 1136 1824 patrarentur.

586 1828 641 1861 15.
669 1827 813 1873 alcqant
839 1827 904 1871 Ma,
932 1827 1090 1873 allegant
1117 1827 1156 1861 G.

1018 1687 1053 1715 ut
1082 1682 1137 1726 (in
1163 1692 1288 1716 versus
1315 1682 1406 1728 fine)
1432 1688 1470 1716 ut
1494 1688 1575 1717 sunt

1086 1730 1113 1764 G
1137 1737 1287 1765 uertere.
1374 1731 1495 1764 eadem
1522 1731 1573 1766 G:

1241 1781 1255 1814 1
1267 1782 1295 1813 1.
1326 1781 1574 1826 praecepitque

933 1957 1024 1991 Iovis
1051 1957 1162 1991 Ditis.-
1195 1961 1234 1990 ut
1257 1958 1418 2002 luppiter
1447 1958 1572 1992 caele-

856 2008 920 2040 stis
954 2007 1147 2050 imperator
1172 2011 1253 2049 est,
1295 2007 1347 2040 sic
1373 2006 1437 2040 Dis
1474 2012 1575 2051 pater

859 2059 988 2100 regnat
1014 2054 1050 2088 in
1088 2055 1222 2088 intimis
1259 2060 1376 2089 terrae
1413 2060 1447 2089 et
1483 2055 1575 2100 apud

861 2104 1010 2137 inferos.
1055 2102 1129 2137 Cic.
1156 2103 1199 2137 de
1215 2103 1255 2137 N.
1279 2103 1321 2138 D.
1350 2102 1381 2137 11
1406 2103 1474 2139 26:
1502 2111 1576 2138 ter-

860 2163 950 2186 rena
980 2152 1031 2185 vis
1058 2153 1169 2185 omnis
1202 2158 1304 2196 atque
1339 2158 1473 2185 natura
1500 2153 1578 2186 Dici

845 2196 956 2247 'patri
982 2200 1147 2233 dedicata
1175 2207 1245 2242 est,
1285 2201 1342 2244 qui
1369 2200 1496 2243 Dives,
1540 2207 1577 2234 ut

861 2249 955 2294 apud
991 2249 1146 2282 Graecos
1182 2250 1392 2289 Πλούτων,
1426 2249 1508 2292 quia
1545 2255 1577 2282 et

860 2297 1022 2330 recidant
1049 2297 1168 2329 omnia
1193 2297 1231 2329 in
1258 2302 1373 2330 terras
1398 2302 1429 2329 et
1450 2298 1576 2330 orian-

862 2351 918 2379 tur
946 2356 963 2378 e
990 2345 1105 2378 terris.

932 2398 969 2426 ut
994 2398 1074 2426 sunt
1108 2392 1254 2437 ingenia
1287 2403 1429 2438 reywn:
1470 2392 1575 2426 etiam

863 2441 957 2485 haec¹
978 2442 1121 2485 sapiunt
1156 2441 1283 2474 famam
1321 2452 1341 2475 a
1374 2440 1576 2475 sacerdoti-

861 2490 926 2523 bus
961 2490 991 2522 si
1028 2491 1143 2523 minus
1180 2490 1309 2523 factam
1331 2516 1340 2532 ,
1393 2494 1428 2523 at
1462 2488 1576 2523 libere

863 2543 1080 2572 exornatam.
1129 2537 1239 2572 Taciti
1266 2539 1404 2571 animus
1430 2549 1449 2571 a
1475 2539 1576 2583 regi-

862 2587 926 2620 bus
958 2597 1117 2629 aversuS,
1146 2586 1189 2620 de
1218 2597 1288 2632 quo
1316 2587 1360 2620 cf.
1383 2590 1504 2620 annot.
1533 2586 1577 2619 ad

863 2635 910 2669 Vl
942 2637 973 2677 1,
1000 2635 1069 2669 huc
1096 2635 1262 2669 advocari
1291 2645 1361 2667 non
1387 2634 1505 2667 debet.

944 2684 1252 2728 Scydrothemidi.-
1290 2683 1333 2715 de
1367 2692 1453 2715 vero
1488 2692 1576 2727 rege

862 2733 1033 2766 Ponticae
1060 2732 1216 2765 civitatis
1234 2730 1325 2763 haud
1348 2729 1576 2775 cogitandum

863 2781 1029 2815 videtur:
1076 2781 1181 2812 immo
1209 2778 1499 2821 Scydrothemis‚
1538 2783 1576 2811 ut

864 2834 983 2862 cetera
1010 2827 1145 2869 onmia,
1184 2826 1370 2860 fabulosae
1396 2827 1574 2860 narratio-

864 2878 918 2910 nis
947 2886 1007 2909 rex
1036 2879 1100 2908 est.

936 2923 1021 2966 eap.
1041 2922 1099 2957 84.
1127 2923 1246 2956 versu‘s
1271 2922 1399 2956 animi:
1429 2922 1500 2956 huc
1528 2923 1577 2957 il..

866 2972 924 3006 luc
941 2975 1087 3007 vertens
1115 2971 1254 3014 anim05
1281 2970 1325 3005 cf.
1342 2970 1386 3005 ad
1402 2970 1507 3006 H.1v
1518 2971 1576 3007 66.

1306 3035 1361 3079 24
