1768 3216
146 208 173 243 a
191 196 232 239 G»
259 199 416 241 ‹iv—70.
619 199 752 239 LIBER
778 200 840 240 w.
892 201 979 238 cin.
1007 202 1162 239 :ie—39.
1573 203 1645 238 ms

147 315 392 371 magnisque
423 317 465 358 in
496 318 630 360 vicem
665 318 853 361 cladibus
886 332 979 362 cum
1021 319 1240 362 Germanis
1282 320 1522 372 certabant,
1565 319 1646 362 do·-

146 403 227 433 nec
263 392 439 447 egregia
489 405 591 448 erga
640 393 834 448 populum
870 395 1099 437 Romanum
1139 395 1284 438 merita
1326 407 1424 439 mox
1465 394 1646 438 rebelles

148 464 383 514 foedarent.

79 556 136 596 38
285 540 449 589 interea
469 541 752 596 Vespasianus
779 543 929 585 iterum
961 556 1011 585 ac
1027 543 1140 585 Titus
1166 543 1427 586 consulatum
1452 543 1648 587 absentes

149 615 354 669 inierunt,
391 620 551 662 <maesta
594 622 633 661 et
664 617 877 671 multiplici
915 622 1027 660 metu
1057 630 1261 672 suspensa
1300 619 1491 672 civitate,
1541 604 1682 673 quaes

149 702 275 744 super
293 690 488 737 instantia
505 691 612 734 mala
632 692 762 734 salsos
782 704 963 746 pavores
983 692 1190 746 induerat⁷
1207 693 1441 735 descivisse
1462 693 1650 736 Africam

147 777 219 811 res
236 777 369 811 novas
391 761 589 811 moliente
613 767 742 808 Lucio
762 767 925 809 Pisone.
981 768 1020 808 Is
1046 767 1271 821 proconsul
1290 768 1550 821 provinciae,
1571 781 1652 811 ne-
1675 770 1762 802 vt·

150 851 354 896 quaquam
377 840 596 885 turbidus·
586 841 778 895 lngenio:
810 841 883 882 sed
911 841 1005 894 quia
1029 853 1159 883 naves
1177 842 1353 883 saevitia
1379 842 1525 884 hiemis
1549 821 1768 896 pro-5³⁷⁸*

150 891 593 969 hims
626 914 1035 984 alimeffles
1040 915 1440 984 mercariffllitum,
1475 916 1542 957 cui
1568 928 1651 958 una

150 1000 204 1034 ex
231 1000 279 1034 re
307 988 473 1043 publica
505 1001 697 1035 annonae
729 1001 843 1042 cura,
881 988 1064 1031 clausum
1095 988 1206 1042 litus,
1239 989 1412 1031 retineri
1437 1002 1653 1033 commea-
1668 1002 1707 1033 lo

150 1067 231 1116 tus,
262 1063 358 1110 dum
388 1064 525 1116 timet,
562 1064 783 1117 credebat,
822 1064 1071 1119 augentibus
1102 1064 1254 1108 famam
1285 1065 1543 1118 Vitellianis,
1584 1066 1654 1120 qui

150 1138 328 1184 studium
363 1139 536 1192 partium
579 1138 761 1183 nondum
805 1124 1056 1192 posuerant,
1108 1151 1161 1180 ne
1203 1140 1434 1181 victoribus
1487 1140 1654 1194 quidem

151 1213 319 1268 ingrato
347 1225 565 1266 rumore„
588 1226 763 1267 quorum
810 1215 1058 1268 cupiditates
1100 1215 1285 1256 externis
1325 1226 1489 1268 quoque
1532 1215 1654 1256 bellis

81 1288 427 1342 asinexplebiles
469 1289 580 1333 nulla
621 1301 801 1343 unquam
835 1289 969 1331 civilis
1000 1290 1178 1332 victoria
1216 1289 1395 1331 satiavit.
1455 1289 1655 1331 Kalendis

151 1361 354 1416 Ianuariis
385 1364 427 1406 in
459 1369 630 1416 senatu,
671 1376 792 1418 quem
836 1364 961 1406 lulius
1008 1364 1231 1406 Frontinus
1271 1369 1441 1418 praetor
1469 1364 1654 1406 urbanus
1671 1368 1708 1408 ιό

0 1480 29 1491 ,,
150 1442 393 1490 remearat,
427 1438 577 1493 legatis
608 1439 945 1492 exercitibusque
977 1451 1026 1481 ac
1059 1439 1232 1493 regibus
1262 1439 1408 1481 laudes
1429 1444 1657 1494 gratesque

0 1482 87 1577 Q&
153 1512 352 1559 decretae
363 1526 375 1563 3
409 1517 450 1555 et
477 1513 610 1558 Tettio
643 1513 800 1557 Iuliano
832 1518 1054 1567 praetura⁷
1096 1518 1302 1568 tamquam
1334 1514 1656 1569 transgredien-

288 1673 323 1708 3.
352 1671 447 1716 faed.
478 1670 542 1706 Ma.
636 1672 670 1706 5.
698 1673 792 1706 inier
819 1683 897 1706 cum
923 1672 985 1706 lin.
1015 1671 1080 1706 Ma.
1168 1672 1202 1707 6.
1237 1673 1409 1705 instantia
1438 1671 1511 1706 Ma:
1546 1671 1573 1706 G
1598 1673 1659 1706 in-

154 1721 298 1761 stantia
398 1721 432 1754 7.
462 1720 503 1755 L.
533 1718 596 1754 Μ3
694 1721 886 1766 proconsul
907 1722 1115 1766 provinciae
1143 1721 1212 1755 lac.
1245 1721 1464 1755 Gronovius:
1493 1719 1548 1755 Ma
1570 1732 1659 1766 pro..

131 1770 306 1812 'uineiae,
334 1767 362 1807 G
383 1774 529 1814 preerat
551 1769 772 1814 prouinciae.
835 1769 870 1804 8.
898 1771 998 1806 seuit.
1027 1768 1092 1804 Ma.
1146 1769 1179 1804 9.
1202 1769 1327 1815 vulqus
1356 1768 1412 1804 Or.
1477 1770 1532 1805 10.
1559 1781 1598 1803 re
1621 1781 1658 1815 p.

155 1816 496 1852 M³.commeat17s
522 1816 596 1851 Ma.
625 1817 652 1851 G
679 1824 898 1852 commeatus
961 1819 1016 1853 12.
1043 1829 1110 1854 nec
1136 1816 1238 1853 Gma:
1267 1829 1311 1852 ne
1337 1819 1445 1855 tacite
1468 1816 1539 1852 lac.
1569 1817 1661 1852 Gro-

154 1867 297 1902 novius.
401 1867 454 1901 14.
479 1865 587 1900 nulla
609 1864 673 1900 Μ3.
751 1866 923 1900 Kalendis
952 1867 1059 1910 plene
1088 1865 1163 1900 Ma:
1190 1865 1278 1901 KL'.
1308 1866 1347 1901 G.
1443 1867 1497 1903 17.
1524 1867 1661 1901 decreto

163 1913 228 1949 Ma.
333 1915 403 1949 Tiso
430 1914 504 1958 Ma,
534 1916 635 1949 terlio
664 1914 702 1949 G.
734 1926 766 1949 v.
796 1916 839 1949 ad
868 1915 910 1949 Η.
943 1917 966 1951 2
993 1915 1053 1950 85.

235 2053 322 2101 Cap.
350 2054 409 2090 38.
470 2054 704 2100 Vespasianus
729 2055 873 2088 iterum:
1021 2064 1066 2087 ne
1093 2053 1281 2088 victoribus
1307 2053 1468 2101 quidem.-
1502 2054 1537 2088 in
1566 2053 1658 2088 libro

166 2104 317 2152 primum
344 2102 531 2138 consulatu
559 2103 702 2138 functus
731 2108 785 2137 est
803 2104 875 2137 Ve-
946 2101 999 2135 Μ3
1027 2108 1062 2136 et
1088 2103 1172 2136 hinc
1209 2103 1243 2135 in
1275 2103 1406 2136 ceteris
1446 2113 1511 2135 nec
1543 2104 1658 2147 parti..

158 2153 346 2198 spasianus
361 2163 425 2198 per
438 2146 526 2185 duos
539 2152 756 2185 novissimos
772 2162 874 2185 men-
946 2151 1028 2185 cula
1053 2162 1116 2196 pro
1143 2162 1187 2185 ne
1205 2152 1349 2185 invecta
1368 2155 1422 2184 est
1438 2151 1659 2187 assimilandi

161 2212 220 2236 ses
247 2202 331 2235 anni
355 2201 429 2236 804
459 2202 543 2246 (51)
572 2201 736 2246 principe
765 2199 876 2233 Clau-
945 2200 1172 2234 aberratione
1210 2203 1292 2244 (nec
1316 2200 1556 2246 vic-toribus).
1607 2199 1660 2233 Ea

163 2249 248 2283 dio:
280 2249 428 2283 Sueton.
444 2248 593 2292 vespas.
620 2251 655 2290 4,
679 2248 811 2282 Domit.
844 2251 874 2282 1.
946 2248 989 2282 de
1025 2259 1063 2282 re
1093 2248 1166 2281 dixi
1204 2248 1241 2280 in
1274 2249 1505 2280 annotatione
1545 2246 1588 2280 ad
1613 2247 1659 2281 1v

233 2297 423 2342 proconsul
448 2297 682 2345 provinciae.-
733 2298 769 2329 in
808 2307 871 2329 ex·
944 2296 1010 2337 35,
1047 2295 1110 2329 sed
1142 2300 1320 2339 postrema
1343 2296 1420 2328 eius
1448 2295 1558 2328 verba
1585 2295 1659 2329 tol-

161 2345 311 2389 emplari
337 2345 432 2378 unde
458 2343 643 2379 descendit
669 2342 732 2386 Μ3,
761 2344 872 2377 fuisse
943 2342 1049 2376 lenda
1080 2354 1158 2377 esse
1195 2343 1254 2376 vel
1287 2343 1500 2389 corrigenda
1538 2344 1659 2377 monui

158 2404 285 2438 procos
307 2392 480 2427 credibile
494 2397 560 2434 tat
581 2391 674 2437 quod
692 2392 873 2448 proximus
944 2392 1014 2424 iam
1038 2391 1082 2425 ad
1108 2391 1148 2425 ll.
1180 2390 1211 2424 11
1242 2390 1302 2425 82.

159 2441 278 2475 ⁸⁰¹¹ba
317 2446 400 2475 ³⁰²⁰
428 2451 558 2475 nomen
582 2451 790 2486 Prm’mcme
816 2440 874 2473 ‘a‘
1005 2460 1090 2505 Cap.
1106 2461 1164 2496 39.
1196 2462 1307 2496 Iulius
1335 2462 1523 2495 Frontinus
1547 2472 1658 2507 prae-

944 2513 1000 2542 tor
1023 2510 1200 2544 urbanus.-
1244 2510 1337 2544 idem
1365 2511 1425 2555 qui
1451 2509 1494 2544 de
1521 2521 1659 2555 aquae-

944 2557 1109 2592 ductibus
1159 2560 1450 2592 commentarium
1490 2558 1658 2602 scripsit,

946 2611 1199 2653 strategemata
1247 2607 1448 2651 librumque
1491 2606 1659 2649 deperdi-

943 2660 1017 2688 tum
1057 2655 1100 2689 de
1128 2667 1166 2690 re
1194 2655 1362 2697 militari,
1400 2664 1482 2687 mox
1517 2653 1658 2698 legatus

944 2703 1143 2737 consularis
1174 2703 1381 2737 Britanniae
1423 2703 1483 2746 (A.
1521 2712 1552 2735 e.
1583 2702 1657 2745 17),

219 2751 343 2797 vulqus
366 2751 535 2787 alimenta
559 2754 598 2786 in
623 2752 696 2786 dies
720 2753 875 2787 mercari
944 2751 1179 2795 neque-alius
1206 2753 1234 2784 is
1262 2751 1404 2783 videtur
1421 2750 1480 2794 qui
1503 2748 1546 2782 de
1566 2760 1658 2794 qua..

161 2799 318 2839 solitum:
346 2799 504 2846 loquitur
530 2800 575 2834 de
602 2800 710 2844 plebe
733 2801 875 2834 sordida
944 2799 1046 2832 litate
1073 2810 1239 2843 agrorum
1255 2803 1290 2831 et
1310 2797 1461 2831 coloniis
1479 2799 1657 2841 exposuit.

162 2853 198 2883 et
226 2848 371 2893 publice
408 2848 559 2890 alenda,
601 2859 693 2892 quae
728 2850 876 2887 tesseris
1015 2852 1210 2892 praetura,
1263 2852 1438 2891 tamquam
1475 2851 1661 2892 transyre-

162 2898 369 2938 nummariis
398 2896 568 2935 elimenta
604 2896 641 2931 in
675 2896 754 2931 dies
780 2907 876 2931 mer-
947 2895 1096 2929 clientem
1128 2896 1166 2928 in
1202 2900 1323 2940 parces
1358 2894 1566 2940 Vespasiani
1606 2893 1661 2928 le-

165 2945 236 2983 caui
262 2945 414 2984 solebat.
443 2944 498 2981 Cf.
526 2949 647 2981 annot.
675 2944 719 2982 ad
740 2944 804 2981 XV
821 2944 875 2980 18.
948 2944 1086 2990 aionem
1131 2943 1361 2988 deseruisset,
1405 2942 1526 2985 ablata
1549 2954 1561 2977 .·
1602 2952 1661 2982 res

160 2489 230 2525 cile
257 2491 373 2534 potuit
399 2489 602 2536 negligere.
674 2488 750 2522 lloc
776 2493 873 2522 certe

159 2539 432 2582 praeferendum
474 2537 725 2583 supplemento
761 2549 874 2582 prae-

160 2593 250 2621 erat.
277 2586 364 2621 Nam
380 2586 524 2620 Africae
551 2595 622 2621 non
649 2585 764 2622 solum
789 2596 874 2631 pro..

160 2634 298 2677 consul,
325 2634 387 2668 sed
417 2634 523 2668 etiam
551 2633 692 2679 legatus
716 2633 750 2667 le
780 2635 873 2667 ionis

160 2687 246 2716 tunc
274 2683 500 2726 praepositus
527 2686 621 2724 erat3
648 2692 682 2717 v,
693 2681 734 2714 H.
774 2682 870 2717 v48.
