1768 3216
162 215 187 243 ι
200 205 255 243 o.
279 208 341 244 69.

781 211 870 250 Ou-
898 211 1029 254 &nt-s
1599 215 1651 262 0³.

161 322 381 380 &uriae
408 325 509 367 urbs
531 330 634 380 est)
672 327 879 373 hostiliter
918 328 1168 383 populatur,
1213 332 1405 378 matrem,
1430 329 1662 385 Agricolae

159 397 412 452 immoratis
439 399 528 443 suis
557 400 796 455 interfecit,
837 402 1092 457 praediaque
1121 403 1209 457 ipsa
1236 407 1278 445 et
1301 415 1494 458 magnam
1524 403 1659 460 patri-

160 473 297 523 laonii
316 478 477 528 partem
507 475 705 530 diripuit,
746 488 852 530 quae
883 489 1010 519 causa
1040 476 1186 521 caedis
1226 475 1374 520 fuerat.
1431 476 1563 532 Igitur
1599 477 1654 533 ad

159 547 379 598 ⁹”bunnia
405 549 570 602 pietatis
601 550 829 604 profectus
846 551 1078 605 Agricola,
1106 551 1250 610 nuntio
1282 551 1479 599 adfectati
1515 564 1540 593 a
1567 551 1657 596 Ve-.-

157 621 358 674 miano
386 622 551 676 Mperii
580 611 878 688 ἂψ
895 638 946 666 ac
977 625 1114 669 statim
1143 625 1184 667 in
1201 629 1341 679 partes
1364 630 1656 680 transgressus
1673 641 1692 670 ⁵

157 699 234 742 est.
307 696 428 743 Initia
466 698 722 751 principatus
763 712 814 743 ac
855 703 1006 741 statum
1047 700 1163 742 urbis
1204 700 1419 743 Mucianus
1463 699 1655 754 regebat,

157 780 317 815 luvana
340 771 563 813 admodum
594 772 858 825 Domitiano,
914 778 955 814 et
996 785 1050 816 ex
1077 778 1250 827 paterna
1292 774 1457 817 fortuna
1497 778 1656 816 tantum

154 842 366 904 licentiam
394 850 634 899 usurpante.
682 847 723 888 Is
739 847 910 893 missum
941 847 996 888 ad
1027 847 1214 891 delectus
1244 848 1434 903 agendos
1463 847 1652 904 Agrico·-

290 1002 325 1041 1.
347 1002 432 1039 urbs
455 1003 534 1041 cml.
555 1003 700 1039 Ursini:
735 1006 847 1039 ceteri
871 1016 969 1051 pars.

1125 1007 1159 1040 5.
1199 1005 1434 1052 deprehensus
1458 1012 1507 1041 est
1532 1017 1578 1040 ac
1602 1008 1648 1043 Δ.

152 1049 189 1091 7.,
215 1050 343 1101 home
367 1051 553 1099 admdum
578 1054 663 1089 TA:
693 1053 877 1087 admodum
902 1055 1027 1088 iuvene
1053 1053 1283 1089 Puteolanus.

148 1169 323 1216 rationis,
355 1168 547 1208 Puteolani
579 1174 680 1208 modo
716 1176 868 1209 rationis

147 1220 331 1256 Latinitati
355 1222 506 1256 adversa
532 1228 606 1256 est:
632 1234 713 1257 nam
740 1225 867 1257 ducere

147 1269 312 1314 absolute
338 1272 493 1315 positum
519 1281 591 1305 non
621 1271 718 1305 valet
754 1273 865 1305 aesti-

145 1322 258 1356 aare.

218 1394 289 1423 tum
323 1388 451 1423 electus
483 1400 507 1422 a
545 1389 684 1424 Galba.—
725 1389 864 1423 electus

145 1441 203 1472 est
227 1447 261 1471 a.
286 1436 357 1473 821
386 1449 429 1464 =
454 1437 503 1472 68
542 1437 586 1470 ad
633 1437 739 1471 finem
778 1449 864 1472 ver-

146 1489 278 1529 gente,
316 1490 355 1518 ut
382 1485 497 1530 liquet
523 1496 568 1519 ex
594 1486 772 1529 principio
801 1497 863 1519 ca-

143 1533 228 1581 pitis
260 1534 422 1579 proxime
465 1533 740 1578 subsequentis;
779 1533 863 1570 hinc

143 1582 306 1625 tempora
355 1581 621 1615 administratae
661 1586 861 1626 praeturae,

141 1623 344 1666 tribunatus
370 1628 498 1674 plebis,
526 1634 740 1674 quaesturae
771 1630 862 1664 defl-

143 1677 301 1715 niuntur.
391 1676 538 1711 alterius
564 1678 789 1724 sacrileqium
817 1701 857 1706 —

142 1735 246 1770 quam
270 1725 447 1760 Neronis.-
483 1725 528 1759 de
562 1726 705 1770 templis
731 1731 766 1759 et
790 1737 861 1759 nu..

140 1773 297 1807 minibus
327 1784 349 1807 a
381 1774 525 1807 Nerone
559 1774 723 1818 spoliatis
761 1774 857 1808 conf.

143 1821 203 1856 XV
227 1821 275 1857 45
300 1826 336 1855 et
361 1823 556 1855 annotatio.

188 1903 287 1925 πε-
296 1892 445 1926 senserit
453 1904 465 1924 .-
491 1892 587 1937 quod
596 1892 707 1939 vulgo
723 1892 858 1939 legitur

138 1949 184 1972 ne
223 1959 261 1966 —
306 1941 469 1974 sensisset
509 1946 645 1987 pugnat
684 1940 856 1975 adversus

138 1996 242 2021 usum
268 1987 386 2025 Latini
409 1991 588 2023 sermonis
614 2000 731 2034 neque
757 1991 855 2022 aori-

136 2036 183 2070 sti
221 2035 378 2082 ludibrio
425 2035 570 2071 defendi
612 2042 742 2082 potest.
783 2038 855 2071 Aut

135 2084 283 2125 sentiret
333 2088 395 2119 aut
444 2086 593 2119 senserit
646 2087 852 2131 requiritur,

134 2141 285 2178 quorum
329 2133 444 2168 altero
496 2143 554 2167 res
597 2144 677 2168 cum
717 2133 852 2167 iudicio

134 2178 325 2217 scribentis
350 2181 507 2224 effertur,
535 2186 642 2226 atque
671 2181 741 2216 hoc
767 2192 853 2226 pro-

134 2229 216 2273 pius
239 2229 284 2262 ad
309 2229 458 2263 formam
484 2235 683 2274 corruptam
716 2231 854 2264 accedit

134 2287 239 2322 quam
255 2279 410 2312 sentiret.
437 2276 656 2311 Theodisce:
683 2278 764 2311 dass
780 2278 854 2311 dem

136 2326 393 2360 Gemetnwesen
418 2326 539 2359 heines
585 2326 727 2358 zweiten
756 2325 854 2359 Tem-

128 2372 277 2418 polu-aul>
300 2372 444 2418 fuhlbar
456 2373 643 2419 gemm-den
659 2374 716 2407 ist.
745 2371 848 2407 Conf.

132 2426 254 2455 annot.
282 2421 327 2455 ad
351 2421 366 2455 l
392 2423 428 2457 3.

198 2492 284 2538 Gap.
312 2493 346 2527 7.
375 2493 498 2526 classis
516 2491 719 2527 Othoniana
737 2492 848 2526 licen-

130 2546 185 2575 ter
209 2552 325 2587 vaga:
352 2541 476 2575 classis
502 2540 704 2575 Othoniana
730 2542 848 2574 socios

129 2590 245 2635 magis
270 2600 374 2634 quam
408 2588 530 2623 hostes
565 2589 755 2633 populatus
794 2594 846 2622 est

128 2638 276 2672 ineunte
303 2648 322 2670 a
349 2637 397 2671 69
426 2649 466 2663 ==
496 2637 589 2672 822:
619 2637 658 2669 n.
687 2636 700 2669 1
726 2637 790 2679 87,
816 2636 847 2671 ll

132 2685 177 2721 12
202 2690 237 2719 et
266 2686 321 2719 13.
349 2684 485 2718 Nomen
512 2684 632 2728 oppidi
662 2684 847 2727 Intemelii,

129 2733 223 2778 quod
258 2734 294 2766 iu
329 2732 528 2779 ἀρχετύπῳ
567 2731 701 2767 sicelio
727 2732 781 2777 (h.
817 2743 848 2766 e.

126 2781 337 2814 iulemeh'om
386 2781 463 2814 sive
500 2779 731 2826 intcmelium)
782 2791 847 2814 ex-

127 2838 287 2872 pressum
328 2828 441 2862 fuisse
483 2829 664 2871 suspicor,
702 2829 801 2862 varie
830 2839 850 2860 a

131 2877 259 2910 scribis
300 2878 529 2920 corruptio:.c
567 2875 743 2910 detortum
784 2881 848 2910 est.

130 2924 315 2971 Scriptura
336 2935 423 2972 pars
453 2935 498 2960 ex
524 2923 639 2960 forma
665 2935 750 2973 urps
782 2923 851 2959 ob-

936 1186 1041 1210 scure
1066 1177 1199 1220 scripta
1221 1181 1304 1210 nata
1330 1174 1486 1211 videtur.
1590 1176 1653 1211 Li-

934 1225 1061 1268 guriae
1085 1225 1168 1258 urbs
1194 1230 1264 1258 est.-
1291 1224 1459 1270 Liguriae
1486 1224 1556 1258 duo
1582 1234 1652 1269 op-

935 1272 1028 1315 pida,
1055 1272 1207 1306 alterum
1234 1283 1255 1305 a
1278 1272 1469 1317 Liguribus
1481 1272 1651 1318 Ingaunis

934 1319 1128 1353 habitatum
1157 1319 1473 1365 (Albingaunum),
1499 1321 1650 1354 alterum

933 1378 953 1401 a
968 1367 1158 1413 Liguribus
1175 1367 1372 1402 Intemeliis
1387 1368 1648 1415 (Intemelium).

934 1415 988 1449 Cf.
1013 1416 1137 1450 Strabo
1163 1415 1213 1449 lv
1238 1416 1262 1450 6
1297 1418 1313 1448 1
1334 1426 1366 1460 ρ.
1388 1417 1458 1451 202
1479 1420 1514 1450 et
1526 1421 1648 1451 annot.

932 1464 975 1498 ad
1008 1464 1051 1498 H.
1087 1465 1116 1498 ll
1158 1465 1211 1499 13.
1265 1463 1414 1498 Glossae
1446 1465 1604 1508 suspicio
1630 1475 1651 1498 a

930 1511 1066 1546 Baebio
1103 1517 1199 1545 mota
1237 1511 1275 1544 iu
1310 1511 1400 1546 haec
1434 1512 1546 1546 rerba
1578 1523 1650 1546 non

931 1560 1036 1594 cadit.

1009 1632 1133 1664 nuntio
1170 1631 1343 1674 adsectati
1381 1642 1403 1663 a
1438 1630 1648 1676 Vespasiano
1710 1650 1715 1653 -

927 1679 1066 1723 imperii
1092 1678 1345 1724 deprehensus.-
1371 1679 1589 1723 deprehendi
1601 1678 1646 1714 de
1676 1672 1690 1766 ἱ

927 1728 1062 1759 nuntiis
1088 1727 1221 1760 dictum
1240 1736 1302 1760 eos
1318 1727 1501 1773 significat
1519 1727 1647 1772 quibus

926 1780 1069 1818 praeter
1093 1775 1380 1820 expectationem
1418 1785 1646 1819 occupamur,
1677 1769 1686 1807 Ι

926 1828 987 1857 aut
1013 1833 1076 1856 eos
1111 1825 1172 1868 qui
1208 1824 1280 1857 cito
1320 1823 1494 1857 feruntur.
1545 1811 1681 1877 Nunc}

926 1876 1115 1917 utrumque
1142 1882 1185 1905 eo
1211 1871 1324 1906 verbo
1355 1871 1553 1918 significari
1586 1872 1646 1906 vi·
1672 1879 1678 1916 ξ

926 1920 1040 1954 detur.
1117 1932 1162 1954 ae
1187 1921 1305 1954 statim
1332 1920 1370 1953 in
1383 1926 1506 1965 partes
1523 1925 1645 1955 trans-
1676 1918 1682 1947 ''-

922 1979 1060 2012 gressus
1086 1974 1156 2002 est.-
1182 1967 1354 2014 Agricola
1368 1968 1516 2002 Antonii
1534 1967 1641 2011 Primi

924 2021 1039 2050 castra
1066 2021 1101 2049 et
1121 2017 1318 2050 exercitum
1334 2021 1481 2050 secutus
1497 2021 1573 2050 est:
1597 2015 1640 2050 Η.

922 2064 952 2098 Π
977 2064 1147 2107 85-86,
1183 2063 1231 2098 111
1268 2065 1384 2100 1—10
1421 2075 1499 2110 sqq.
1554 2063 1642 2098 Nam

923 2112 993 2147 hoc
1019 2118 1057 2146 ut
1082 2117 1290 2154 statuamus,
1316 2117 1386 2146 tam
1412 2115 1501 2146 situs
1538 2112 1642 2147 loco-

922 2172 998 2194 rum
1051 2172 1155 2206 quam
1206 2160 1381 2204 particula
1434 2172 1478 2194 ac
1526 2162 1643 2194 statim

922 2209 1059 2243 suadet.
1103 2209 1271 2243 Narratur
1309 2213 1506 2252 promptum
1531 2209 1642 2253 Agri-

925 2258 1027 2291 colae
1055 2258 1207 2290 animum
1236 2257 1290 2289 his
1316 2257 1435 2290 verbis
1462 2257 1590 2300 pingit.

1010 2327 1116 2360 initia
1154 2346 1200 2351 -
1249 2326 1437 2359 Mucianus
1476 2324 1639 2370 regebat:

921 2374 1128 2456 floclzvelnlit
1143 2382 1235 2406 anno
1251 2373 1297 2407 69
1312 2384 1333 2407 a
1349 2372 1429 2406 Chr.
1459 2377 1637 2426 exeunte}

1015 2493 1139 2526 iuvene
1186 2491 1366 2525 admodum
1411 2491 1636 2525 Domitiano:

918 2538 1143 2574 Domitianus
1162 2539 1488 2574 duodevicesimum
1506 2548 1634 2572 annum

919 2592 1002 2622 tunc
1029 2588 1183 2634 agebat;
1209 2590 1269 2634 qui
1297 2599 1374 2622 cum
1405 2599 1434 2621 a.
1446 2588 1493 2622 96
1516 2585 1632 2620 aChr.

917 2638 1059 2670 occisus
1084 2642 1150 2679 est,
1180 2636 1307 2671 aetatis
1333 2637 1455 2679 quinto
1483 2638 1517 2668 et
1543 2643 1634 2677 qua-

918 2685 1119 2731 ‹li-agesimo
1147 2686 1225 2719 fuit.
1284 2684 1480 2717 Verborum
1510 2680 1633 2714 eadem

919 2732 1111 2767 collocatio
1140 2732 1179 2767 O.
1212 2735 1252 2765 1:
1288 2732 1420 2764 iuvenis
1450 2728 1634 2763 ‹tauredun-

919 2781 1048 2814 audivi.
1091 2781 1133 2813 ll.
1162 2780 1192 2813 11
1221 2779 1289 2814 78:
1310 2779 1428 2812 iuvem·
1451 2777 1634 2810 admodu-

927 2828 1164 2873 Vespasian03
1207 2826 1248 2861 ΙΙ.
1289 2826 1337 2860 lv
1376 2827 1417 2861 5.-
1454 2823 1634 2859 Helvidius

918 2876 1058 2910 Priscus
1074 2895 1119 2901 —
1133 2875 1267 2908 iuvenis
1281 2874 1465 2908 admodum
1476 2884 1489 2906 .-
1513 2881 1634 2907 rursus

919 2923 1104 2959 admodum
1127 2921 1381 2959 adulescentem
1402 2921 1418 2957 1
1443 2921 1479 2967 3,
1504 2920 1555 2957 tv
1571 2919 1632 2965 44,
