1768 3216
774 206 911 244 met
934 209 976 244 v.
1000 238 1003 241 .
1342 262 1346 263 ἶ
1547 214 1619 250 3¹73

615 437 789 488 LIBER
829 437 1102 500 QleTvs.

544 662 947 708 BREVIARIVM
995 667 1186 711 LIBRI.

250 788 338 834 Cap.
366 788 509 823 1—13:
535 789 704 823 obsidium
727 790 824 824 urbis
851 791 1190 838 Hierosolymorum,
1219 796 1317 842 origo
1346 797 1557 834 Iudaeorum
1586 807 1618 835 et

111 858 237 883 mores.
291 848 429 882 Caesar
459 849 560 892 Titus,
584 851 848 896 perdomandae
874 852 1030 887 Iudaeae
1056 853 1208 889 delectus
1234 868 1258 889 a
1279 863 1403 903 patre,
1428 870 1559 905 maqna
1583 863 1619 896 vi

112 920 197 955 opus
229 909 446 955 aggreditur.
499 910 568 944 Per
606 922 684 945 eam
723 913 944 946 occasionem
979 914 1020 947 de
1056 916 1263 960 primordiis
1305 918 1518 954 Iudaeorum
1549 922 1616 967 (1).

120 968 251 1005 Variae
288 970 330 1004 de
363 971 501 1016 oriqine
542 973 656 1016 gentis
689 971 860 1006 Iudaicae
902 973 1111 1008 traditiones
1148 978 1219 1022 (2).
1271 976 1419 1012 Plurimi
1456 986 1618 1016 auctores

112 1030 352 1072 consentiunt,
389 1035 469 1064 orta
490 1042 557 1077 per
583 1031 778 1078 Aeyyptum
811 1033 890 1067 tabe
918 1044 1006 1078 quae
1033 1046 1188 1080 corpora
1211 1037 1393 1082 foedaret,
1434 1039 1472 1073 id
1508 1052 1618 1086 qenus

111 1089 288 1125 leontinum
315 1090 397 1124 inde
418 1090 556 1137 pulsum
582 1103 665 1125 esse.
709 1092 843 1126 Ceteris
866 1105 932 1139 per
958 1094 1128 1129 lacrimas
1158 1096 1198 1130 in
1225 1098 1333 1131 vastis
1359 1097 1446 1133 locis
1472 1105 1617 1146 torpen-

108 1150 197 1185 tibus
220 1150 342 1184 ducem
364 1162 400 1185 se
430 1151 551 1185 obtulit
573 1152 724 1197 Moyses,
762 1159 794 1186 et
818 1159 948 1199 septem
973 1155 1109 1190 dierum
1133 1158 1246 1202 spatio
1267 1158 1448 1193 obtinuere
1482 1166 1613 1205 terras,

110 1211 151 1245 in
174 1210 294 1256 quibus
318 1210 402 1245 urbs
427 1218 459 1245 et
483 1212 646 1258 templum
671 1213 792 1246 dicata
819 1215 890 1260 (3).
938 1214 1075 1260 Moyses
1101 1227 1210 1251 novos
1234 1218 1323 1252 ritus
1350 1222 1616 1266 contrariosque

112 1271 238 1305 ceteris
265 1271 470 1306 mortalibus
495 1272 622 1306 indidit
649 1275 718 1319 (4).
773 1273 942 1308 Pessimus
968 1276 1108 1320 quisque
1137 1278 1262 1322 spretis
1295 1278 1524 1324 religionibus
1545 1293 1616 1327 pa-

111 1331 190 1365 triis
220 1331 351 1365 tributa
386 1338 418 1366 et
452 1333 558 1378 stipes
590 1332 676 1366 illuc
710 1334 958 1379 congerebant.
1012 1336 1130 1370 Mente
1167 1337 1244 1371 sola
1276 1350 1450 1384 unumque
1488 1352 1616 1376 numen

112 1391 237 1427 Iudaei
260 1392 459 1437 intelliyunt
487 1395 553 1440 (5).
606 1393 710 1427 Fines
749 1400 887 1437 terrae,
930 1395 997 1429 soli
1034 1397 1176 1431 ubertas
1204 1404 1235 1432 et
1259 1401 1404 1445 sruqes,
1432 1401 1471 1434 in
1497 1403 1618 1446 quibus

111 1452 303 1488 balsamum
329 1459 361 1487 et
384 1454 538 1500 palmae.
590 1454 804 1500 Praecipuus
829 1457 996 1489 montium
1023 1456 1189 1500 Libanus,
1221 1459 1407 1503 fluviorum
1432 1461 1615 1496 Iordanes.

112 1513 285 1548 Iordanes
316 1513 453 1559 ingenti
485 1513 567 1547 lacu
594 1515 778 1548 retinetur.
834 1515 921 1549 Eius
941 1515 1054 1549 'lacus
1085 1517 1265 1562 ingenium
1299 1525 1331 1552 et
1358 1520 1537 1555 bituminis
1566 1522 1616 1555 ibi

110 1574 250 1619 legendi
269 1586 351 1608 usus
375 1575 441 1622 (6).
495 1574 600 1608 Haud
623 1574 749 1620 procul
772 1575 855 1608 inde
882 1576 998 1621 campi
1034 1587 1116 1620 quos
1146 1580 1268 1622 ferunt
1302 1580 1489 1623 fulminum
1520 1582 1618 1615 iactu

113 1634 254 1667 arsisse.
308 1633 417 1667 Circa
453 1646 490 1668 os
530 1634 607 1668 Beli
643 1635 756 1668 amnis
795 1645 929 1668 arenae
972 1636 1126 1670 admioeto
1161 1638 1256 1671 nitro
1290 1640 1328 1672 in
1355 1641 1482 1674 vitrum
1508 1652 1616 1675 exeo-

115 1698 267 1739 quuntur
280 1694 346 1740 (7).
399 1693 640 1739 Hierosolyma
663 1695 760 1739 qenti
787 1700 903 1740 eaput,
931 1694 981 1728 ibi
1004 1695 1195 1730 immensae
1221 1697 1419 1743 opulentiae
1443 1700 1615 1746 templum.

114 1753 185 1788 Res
220 1753 431 1788 Iudaeorum
466 1759 546 1787 ante
582 1753 794 1787 obsidionem
829 1760 932 1799 atque
964 1762 1154 1790 extremum
1189 1758 1286 1791 urbis
1326 1759 1417 1794 diem
1453 1761 1616 1808 (8—10).

117 1814 255 1848 Obsessi
292 1814 467 1848 continuis
502 1814 639 1848 damnis
674 1825 697 1848 a
737 1814 807 1848 Tito
842 1815 941 1849 int-ra
975 1817 1115 1850 moenia
1155 1818 1345 1863 pelluntur.
1399 1820 1620 1855 Munimenta

115 1874 436 1920 Hierosolymorum
457 1875 562 1918 firma
588 1880 621 1908 et
645 1876 762 1918 varia,
790 1875 833 1908 ab
858 1876 993 1921 ingenti
1013 1877 1232 1911 multitudine
1251 1879 1389 1913 insessa
1411 1885 1443 1913 et
1461 1880 1618 1925 defensa,

115 1935 225 1969 tribus
247 1934 404 1977 ducibus,
431 1945 512 1968 mox
549 1934 680 1968 duobus
717 1935 905 1981 (11-12).
958 1934 1127 1982 Prodiqia
1162 1938 1305 1982 futurae
1339 1938 1464 1973 cladis.
1517 1939 1622 1986 Apud

116 1994 310 2029 obsessores
334 1998 462 2028 cuncta
488 1993 731 2040 expuqnandis
763 1994 905 2028 urbibus
936 2001 1078 2041 reperta
1107 2003 1286 2042 parantur
1323 1999 1412 2044 (13).
1465 1998 1558 2034 Hinc
1582 2001 1620 2034 in

117 2055 292 2089 diversam
313 2060 453 2101 partem
481 2060 659 2088 terrarum
683 2060 857 2088 narrator
880 2066 916 2089 se
942 2056 1135 2100 convertit,
1173 2068 1255 2090 mox
1292 2058 1339 2092 ad
1364 2058 1533 2093 inchoata
1558 2071 1619 2094 re-

119 2115 264 2150 diturus.

254 2175 341 2221 Cap.
371 2176 553 2210 14-26:
591 2174 672 2209 belli
701 2174 906 2210 Germanici
939 2175 1124 2220 reliquiae.
1177 2175 1298 2210 Civilis
1322 2181 1401 2221 post
1427 2178 1556 2211 malam
1582 2178 1622 2211 in

123 2236 273 2270 Treviris
295 2246 451 2280 puqnam
475 2241 642 2280 reparato
664 2247 731 2281 per
747 2235 976 2270 Germaniam
1002 2237 1159 2269 exercitu
1176 2236 1269 2281 apud
1297 2236 1419 2269 Vetera
1444 2237 1617 2279 consedit,-

118 2300 255 2329 seeutus
289 2301 338 2328 est
377 2294 495 2327 eodem
528 2294 680 2328 Cerialis
716 2294 903 2340 duplicatis
936 2295 1057 2339 copiis.
1110 2295 1264 2328 Romani
1294 2294 1422 2338 fraude
1465 2294 1621 2329 locorum

114 2365 232 2400 paene
258 2354 484 2388 circumventi
509 2353 696 2400 (14—15).
749 2353 890 2387 Postero
924 2353 980 2387 die
1017 2353 1207 2387 vincuntur
1236 2353 1405 2387 Germani
1430 2354 1617 2400 (16-18).

121 2413 243 2448 Civilis
289 2412 415 2448 Vetera
449 2413 559 2447 armis
584 2413 677 2446 tueri
711 2423 784 2445 non
824 2424 929 2446 ausus
958 2412 1120 2447 Rhenum
1144 2411 1353 2458 (Vahalem)
1379 2419 1620 2458 transqressus

116 2474 155 2507 in
173 2473 326 2508 insulam
350 2473 544 2515 concessit‚·
568 2478 758 2517 sequuntur
786 2472 851 2506 alii
869 2472 1025 2518 partium
1051 2472 1222 2507 ductores.
1276 2472 1362 2506 Inde
1394 2472 1516 2507 Civilis
1542 2474 1618 2508 Ro-

116 2545 226 2568 mana
255 2533 438 2579 praesidia
481 2534 657 2579 tripartito
700 2534 856 2567 exercitu
887 2543 957 2567 uno
986 2533 1042 2566 die
1080 2533 1209 2567 invasit
1242 2533 1431 2579 (19-21).
1485 2533 1619 2568 Civilis.

119 2594 330 2628 Novaesium
357 2594 581 2637 Bonnamque
603 2595 782 2639 profectus
802 2593 841 2626 in
869 2604 1031 2638 regressu
1054 2591 1250 2638 periculum
1275 2594 1334 2626 vix
1358 2593 1491 2635 vitavit,
1517 2593 1617 2637 insa-

119 2653 227 2686 miam
262 2654 441 2686 contra-‘cit
476 2654 566 2698 (22).
621 2652 742 2687 Civilis
783 2653 946 2686 navalem
973 2653 1086 2686 aciem
1124 2658 1293 2693 ostentat,
1328 2657 1524 2696 tentatoque
1550 2651 1619 2685 levi

117 2712 253 2758 proelio
280 2717 378 2745 trans
403 2712 564 2746 Rhenum
591 2712 644 2757 (in
671 2712 816 2758 Frisios)
843 2713 1012 2746 concessit
1038 2714 1129 2760 (23).
1183 2713 1396 2746 Batavorum
1429 2712 1539 2745 animi
1572 2713 1619 2746 ad

119 2783 244 2821 pacem
276 2772 462 2805 inclinant.
515 2771 613 2813 Quod
642 2771 701 2805 ubi
739 2772 986 2806 animadvertit
1026 2771 1163 2813 Civilis,
1195 2771 1331 2815 pacisci
1365 2782 1442 2805 cum
1478 2771 1619 2806 Ceriale

125 2835 279 2868 animum
305 2832 454 2867 indu-vit.
507 2830 595 2865 Eius
621 2831 810 2865 cumduce
838 2833 997 2866 Romano
1027 2830 1234 2874 colloquium
1260 2831 1447 2876 (24-26).

262 2892 334 2927 Sed
368 2892 407 2926 in
447 2890 562 2924 media
601 2890 722 2925 Civilis
754 2891 861 2926 verba
896 2893 1041 2935 fortuna
1073 2891 1293 2935 improspera
1327 2890 1475 2936 irrupit,
1517 2892 1618 2937 pacis

128 2952 363 2994 conditiones,
391 2950 513 2985 Civilis
538 2954 734 2996 postrema,
769 2949 917 2985 Veledae
938 2951 1036 2995 fata,
1063 2954 1132 2983 tum
1159 2948 1480 2995 Hierosolymorum
1508 2961 1619 2997 expu-
