<?xml version="1.0" encoding="UTF-8"?>
<!DOCTYPE html PUBLIC "-//W3C//DTD XHTML 1.0 Transitional//EN"
    "http://www.w3.org/TR/xhtml1/DTD/xhtml1-transitional.dtd">
<html xmlns="http://www.w3.org/1999/xhtml" xml:lang="en" lang="en">
 <head>
  <title>
</title>
<meta http-equiv="Content-Type" content="text/html;charset=utf-8" />
  <meta name='ocr-system' content='tesseract 3.04.00' />
  <meta name='ocr-capabilities' content='ocr_page ocr_carea ocr_par ocr_line ocrx_word'/>
</head>
<body>
  <div class='ocr_page' id='page_1' title='image "./operaadcodicesan03taciuoft/operaadcodicesan03taciuoft_0510.png"; bbox 0 0 1768 3216; ppageno 0'>
   <div class='ocr_carea' id='block_1_1' title="bbox 154 233 1050 271">
    <p class='ocr_par' dir='ltr' id='par_1_1' title="bbox 154 233 1050 271">
     <span class='ocr_line' id='line_1_1' title="bbox 154 233 1050 271; baseline -0.001 -1"><span class='ocrx_word' id='word_1_1' title='bbox 154 238 210 271; x_wconf 57' lang='grc' dir='ltr'><strong>Α68</strong></span> <span class='ocrx_word' id='word_1_2' title='bbox 784 233 841 268; x_wconf 92' lang='lat' dir='ltr'><strong>GE</strong></span> <span class='ocrx_word' id='word_1_3' title='bbox 846 234 970 270; x_wconf 80' lang='lat' dir='ltr'><strong>RMAN</strong></span> <span class='ocrx_word' id='word_1_4' title='bbox 975 233 1050 269; x_wconf 84' lang='lat' dir='ltr'><strong>IAE</strong></span> 
     </span>
    </p>
   </div>
   <div class='ocr_carea' id='block_1_2' title="bbox 104 350 1720 1298">
    <p class='ocr_par' dir='ltr' id='par_1_2' title="bbox 104 350 1720 1298">
     <span class='ocr_line' id='line_1_2' title="bbox 159 350 1648 409; baseline 0.003 -15"><span class='ocrx_word' id='word_1_5' title='bbox 159 353 271 394; x_wconf 92' lang='lat' dir='ltr'><strong>nullo</strong></span> <span class='ocrx_word' id='word_1_6' title='bbox 304 352 480 393; x_wconf 82' lang='lat' dir='ltr'><strong>hostium</strong></span> <span class='ocrx_word' id='word_1_7' title='bbox 515 350 746 393; x_wconf 82' lang='lat' dir='ltr'><strong>sustinente</strong></span> <span class='ocrx_word' id='word_1_8' title='bbox 776 363 929 394; x_wconf 88' lang='lat' dir='ltr'><strong>novum</strong></span> <span class='ocrx_word' id='word_1_9' title='bbox 954 365 1004 394; x_wconf 85' lang='lat' dir='ltr'><strong>ac</strong></span> <span class='ocrx_word' id='word_1_10' title='bbox 1034 352 1145 394; x_wconf 87' lang='lat' dir='ltr'><strong>velut</strong></span> <span class='ocrx_word' id='word_1_11' title='bbox 1175 353 1380 395; x_wconf 86' lang='lat' dir='ltr'><strong>infernum</strong></span> <span class='ocrx_word' id='word_1_12' title='bbox 1413 359 1648 409; x_wconf 78' lang='lat' dir='ltr'><strong>aspectum:</strong></span> 
     </span>
     <span class='ocr_line' id='line_1_3' title="bbox 158 425 1358 485; baseline 0.003 -18"><span class='ocrx_word' id='word_1_13' title='bbox 158 439 251 468; x_wconf 88' lang='lat' dir='ltr'><strong>nam</strong></span> <span class='ocrx_word' id='word_1_14' title='bbox 281 426 401 485; x_wconf 82' lang='lat' dir='ltr'><strong>primi</strong></span> <span class='ocrx_word' id='word_1_15' title='bbox 434 425 474 465; x_wconf 92' lang='lat' dir='ltr'><strong>in</strong></span> <span class='ocrx_word' id='word_1_16' title='bbox 508 425 698 467; x_wconf 90' lang='lat' dir='ltr'><strong>omnibus</strong></span> <span class='ocrx_word' id='word_1_17' title='bbox 729 426 901 479; x_wconf 89' lang='lat' dir='ltr'><strong>proeliis</strong></span> <span class='ocrx_word' id='word_1_18' title='bbox 933 427 1043 468; x_wconf 92' lang='lat' dir='ltr'><strong>oculi</strong></span> <span class='ocrx_word' id='word_1_19' title='bbox 1075 428 1308 469; x_wconf 87' lang='lat' dir='ltr'><strong>vincuntur.</strong></span> <span class='ocrx_word' id='word_1_20' title='bbox 1354 467 1358 471; x_wconf 85' lang='lat'>.</span> 
     </span>
     <span class='ocr_line' id='line_1_4' title="bbox 292 487 1649 556; baseline 0.004 -17"><span class='ocrx_word' id='word_1_21' title='bbox 292 499 420 541; x_wconf 87' lang='lat' dir='ltr'><strong>Trans</strong></span> <span class='ocrx_word' id='word_1_22' title='bbox 452 498 607 553; x_wconf 83' lang='lat' dir='ltr'><strong>Lygios</strong></span> <span class='ocrx_word' id='word_1_23' title='bbox 640 487 853 542; x_wconf 81' lang='lat' dir='ltr'><strong>Gothones</strong></span> <span class='ocrx_word' id='word_1_24' title='bbox 883 505 1124 556; x_wconf 76' lang='lat' dir='ltr'>regnantur,</span> <span class='ocrx_word' id='word_1_25' title='bbox 1156 501 1280 555; x_wconf 88' lang='lat' dir='ltr'><strong>paulo</strong></span> <span class='ocrx_word' id='word_1_26' title='bbox 1310 501 1392 544; x_wconf 88' lang='lat' dir='ltr'><strong>iam</strong></span> <span class='ocrx_word' id='word_1_27' title='bbox 1432 501 1649 544; x_wconf 81' lang='lat' dir='ltr'><strong>adductius</strong></span> 
     </span>
     <span class='ocr_line' id='line_1_5' title="bbox 159 573 1651 630; baseline 0.003 -17"><span class='ocrx_word' id='word_1_28' title='bbox 159 585 279 626; x_wconf 89' lang='lat' dir='ltr'><strong>quam</strong></span> <span class='ocrx_word' id='word_1_29' title='bbox 323 577 488 615; x_wconf 86' lang='lat' dir='ltr'><strong>ceterae</strong></span> <span class='ocrx_word' id='word_1_30' title='bbox 539 573 840 616; x_wconf 88' lang='lat' dir='ltr'><strong>Germanorum</strong></span> <span class='ocrx_word' id='word_1_31' title='bbox 886 579 1063 629; x_wconf 83' lang='lat' dir='ltr'><strong>gentes,</strong></span> <span class='ocrx_word' id='word_1_32' title='bbox 1117 575 1300 617; x_wconf 88' lang='lat' dir='ltr'><strong>nondum</strong></span> <span class='ocrx_word' id='word_1_33' title='bbox 1344 579 1483 618; x_wconf 84' lang='lat' dir='ltr'><strong>lamen</strong></span> <span class='ocrx_word' id='word_1_34' title='bbox 1527 587 1651 630; x_wconf 79' lang='lat' dir='ltr'><strong>supra</strong></span> 
     </span>
     <span class='ocr_line' id='line_1_6' title="bbox 125 646 1649 706; baseline 0.001 -17"><span class='ocrx_word' id='word_1_35' title='bbox 125 646 399 689; x_wconf 82' lang='lat' dir='ltr'><strong>5libertatem.</strong></span> <span class='ocrx_word' id='word_1_36' title='bbox 471 648 659 690; x_wconf 87' lang='lat' dir='ltr'><strong>Protinus</strong></span> <span class='ocrx_word' id='word_1_37' title='bbox 701 649 853 691; x_wconf 87' lang='lat' dir='ltr'><strong>deinde</strong></span> <span class='ocrx_word' id='word_1_38' title='bbox 884 650 935 691; x_wconf 84' lang='lat' dir='ltr'><strong>ab</strong></span> <span class='ocrx_word' id='word_1_39' title='bbox 970 650 1139 691; x_wconf 84' lang='lat' dir='ltr'><strong>Oceano</strong></span> <span class='ocrx_word' id='word_1_40' title='bbox 1187 651 1309 706; x_wconf 87' lang='lat' dir='ltr'><strong>Rugii</strong></span> <span class='ocrx_word' id='word_1_41' title='bbox 1358 654 1398 693; x_wconf 85' lang='lat' dir='ltr'><strong>et</strong></span> <span class='ocrx_word' id='word_1_42' title='bbox 1436 651 1623 693; x_wconf 82' lang='lat' dir='ltr'><strong>Lemovii</strong></span> <span class='ocrx_word' id='word_1_43' title='bbox 1637 664 1649 702; x_wconf 90' lang='lat'>;</span> 
     </span>
     <span class='ocr_line' id='line_1_7' title="bbox 156 723 1650 780; baseline 0.003 -18"><span class='ocrx_word' id='word_1_44' title='bbox 156 723 418 776; x_wconf 90' lang='lat' dir='ltr'><strong>omniumque</strong></span> <span class='ocrx_word' id='word_1_45' title='bbox 460 723 602 776; x_wconf 80' lang='lat' dir='ltr'><strong>harum</strong></span> <span class='ocrx_word' id='word_1_46' title='bbox 644 724 827 778; x_wconf 86' lang='lat' dir='ltr'><strong>gentium</strong></span> <span class='ocrx_word' id='word_1_47' title='bbox 872 724 1038 780; x_wconf 84' lang='lat' dir='ltr'><strong>insigne</strong></span> <span class='ocrx_word' id='word_1_48' title='bbox 1081 725 1259 767; x_wconf 83' lang='lat' dir='ltr'><strong>rotunda</strong></span> <span class='ocrx_word' id='word_1_49' title='bbox 1301 730 1452 778; x_wconf 86' lang='lat' dir='ltr'><strong>scuta,</strong></span> <span class='ocrx_word' id='word_1_50' title='bbox 1497 725 1650 767; x_wconf 79' lang='lat' dir='ltr'><strong>breves</strong></span> 
     </span>
     <span class='ocr_line' id='line_1_8' title="bbox 154 796 932 852; baseline 0.003 -15"><span class='ocrx_word' id='word_1_51' title='bbox 154 796 283 850; x_wconf 83' lang='lat' dir='ltr'><strong>gladii</strong></span> <span class='ocrx_word' id='word_1_52' title='bbox 313 801 353 838; x_wconf 92' lang='lat' dir='ltr'><strong>et</strong></span> <span class='ocrx_word' id='word_1_53' title='bbox 385 809 486 852; x_wconf 87' lang='lat' dir='ltr'><strong>erga</strong></span> <span class='ocrx_word' id='word_1_54' title='bbox 514 810 640 852; x_wconf 88' lang='lat' dir='ltr'><strong>reges</strong></span> <span class='ocrx_word' id='word_1_55' title='bbox 673 798 932 852; x_wconf 82' lang='lat' dir='ltr'><strong>obsequium.</strong></span> 
     </span>
     <span class='ocr_line' id='line_1_9' title="bbox 289 872 1720 927; baseline 0.003 -15"><span class='ocrx_word' id='word_1_56' title='bbox 289 872 486 913; x_wconf 90' lang='lat' dir='ltr'><strong>Suionum</strong></span> <span class='ocrx_word' id='word_1_57' title='bbox 517 872 614 913; x_wconf 88' lang='lat' dir='ltr'><strong>hinc</strong></span> <span class='ocrx_word' id='word_1_58' title='bbox 647 873 860 926; x_wconf 89' lang='lat' dir='ltr'><strong>civitates,</strong></span> <span class='ocrx_word' id='word_1_59' title='bbox 889 874 979 927; x_wconf 85' lang='lat' dir='ltr'><strong>ipso</strong></span> <span class='ocrx_word' id='word_1_60' title='bbox 1016 874 1056 914; x_wconf 92' lang='lat' dir='ltr'><strong>in</strong></span> <span class='ocrx_word' id='word_1_61' title='bbox 1088 875 1285 927; x_wconf 80' lang='lat' dir='ltr'><strong>Oceano,</strong></span> <span class='ocrx_word' id='word_1_62' title='bbox 1326 877 1498 927; x_wconf 81' lang='lat' dir='ltr'><strong>praeter.</strong></span> <span class='ocrx_word' id='word_1_63' title='bbox 1533 873 1650 915; x_wconf 87' lang='lat' dir='ltr'><strong>viros</strong></span> <span class='ocrx_word' id='word_1_64' title='bbox 1663 876 1720 916; x_wconf 81' lang='grc'><strong>44</strong></span> 
     </span>
     <span class='ocr_line' id='line_1_10' title="bbox 155 946 1650 1001; baseline 0.002 -15"><span class='ocrx_word' id='word_1_65' title='bbox 155 957 352 999; x_wconf 85' lang='lat' dir='ltr'><strong>armaque</strong></span> <span class='ocrx_word' id='word_1_66' title='bbox 394 946 597 987; x_wconf 85' lang='lat' dir='ltr'><strong>elassibus</strong></span> <span class='ocrx_word' id='word_1_67' title='bbox 636 946 788 988; x_wconf 86' lang='lat' dir='ltr'><strong>valent.</strong></span> <span class='ocrx_word' id='word_1_68' title='bbox 858 947 1005 988; x_wconf 87' lang='lat' dir='ltr'><strong>Forma</strong></span> <span class='ocrx_word' id='word_1_69' title='bbox 1048 948 1213 989; x_wconf 88' lang='lat' dir='ltr'><strong>navium</strong></span> <span class='ocrx_word' id='word_1_70' title='bbox 1257 959 1308 988; x_wconf 93' lang='lat' dir='ltr'><strong>eo</strong></span> <span class='ocrx_word' id='word_1_71' title='bbox 1361 946 1499 989; x_wconf 82' lang='lat' dir='ltr'><strong>differt</strong></span> <span class='ocrx_word' id='word_1_72' title='bbox 1539 946 1650 1001; x_wconf 87' lang='lat' dir='ltr'><strong>quod</strong></span> 
     </span>
     <span class='ocr_line' id='line_1_11' title="bbox 104 1019 1650 1076; baseline 0.001 -17"><span class='ocrx_word' id='word_1_73' title='bbox 104 1019 358 1072; x_wconf 70' lang='lat' dir='ltr'><strong>ioutrimque</strong></span> <span class='ocrx_word' id='word_1_74' title='bbox 393 1031 515 1072; x_wconf 81' lang='lat' dir='ltr'><strong>prora</strong></span> <span class='ocrx_word' id='word_1_75' title='bbox 546 1025 731 1073; x_wconf 85' lang='lat' dir='ltr'><strong>paratam</strong></span> <span class='ocrx_word' id='word_1_76' title='bbox 763 1033 928 1074; x_wconf 84' lang='lat' dir='ltr'><strong>semper</strong></span> <span class='ocrx_word' id='word_1_77' title='bbox 959 1021 1144 1074; x_wconf 86' lang='lat' dir='ltr'><strong>appulsui</strong></span> <span class='ocrx_word' id='word_1_78' title='bbox 1174 1022 1353 1063; x_wconf 85' lang='lat' dir='ltr'><strong>frontem</strong></span> <span class='ocrx_word' id='word_1_79' title='bbox 1392 1021 1490 1076; x_wconf 91' lang='lat' dir='ltr'><strong>agit.</strong></span> <span class='ocrx_word' id='word_1_80' title='bbox 1563 1021 1650 1063; x_wconf 89' lang='lat' dir='ltr'><strong>Nec</strong></span> 
     </span>
     <span class='ocr_line' id='line_1_12' title="bbox 154 1093 1649 1149; baseline 0.001 -15"><span class='ocrx_word' id='word_1_81' title='bbox 154 1093 259 1134; x_wconf 87' lang='lat' dir='ltr'><strong>velis</strong></span> <span class='ocrx_word' id='word_1_82' title='bbox 288 1093 588 1147; x_wconf 80' lang='lat' dir='ltr'><strong>ministrantur,</strong></span> <span class='ocrx_word' id='word_1_83' title='bbox 617 1106 696 1135; x_wconf 87' lang='lat' dir='ltr'><strong>nec</strong></span> <span class='ocrx_word' id='word_1_84' title='bbox 726 1106 866 1136; x_wconf 88' lang='lat' dir='ltr'><strong>remos</strong></span> <span class='ocrx_word' id='word_1_85' title='bbox 899 1095 938 1135; x_wconf 91' lang='lat' dir='ltr'><strong>in</strong></span> <span class='ocrx_word' id='word_1_86' title='bbox 972 1095 1161 1137; x_wconf 80' lang='lat' dir='ltr'><strong>ordinem</strong></span> <span class='ocrx_word' id='word_1_87' title='bbox 1181 1095 1380 1137; x_wconf 86' lang='lat' dir='ltr'><strong>lateribus</strong></span> <span class='ocrx_word' id='word_1_88' title='bbox 1400 1095 1649 1149; x_wconf 89' lang='lat' dir='ltr'><strong>adiungunt:</strong></span> 
     </span>
     <span class='ocr_line' id='line_1_13' title="bbox 155 1166 1648 1223; baseline 0.001 -16"><span class='ocrx_word' id='word_1_89' title='bbox 155 1166 346 1220; x_wconf 88' lang='lat' dir='ltr'><strong>solutum,</strong></span> <span class='ocrx_word' id='word_1_90' title='bbox 379 1171 422 1208; x_wconf 86' lang='lat' dir='ltr'><strong>ut</strong></span> <span class='ocrx_word' id='word_1_91' title='bbox 453 1168 494 1208; x_wconf 92' lang='lat' dir='ltr'><strong>in</strong></span> <span class='ocrx_word' id='word_1_92' title='bbox 526 1168 770 1221; x_wconf 84' lang='lat' dir='ltr'><strong>quibusdam</strong></span> <span class='ocrx_word' id='word_1_93' title='bbox 801 1169 1026 1221; x_wconf 90' lang='lat' dir='ltr'><strong>fluminum,</strong></span> <span class='ocrx_word' id='word_1_94' title='bbox 1059 1173 1098 1210; x_wconf 89' lang='lat' dir='ltr'><strong>et</strong></span> <span class='ocrx_word' id='word_1_95' title='bbox 1114 1169 1324 1222; x_wconf 82' lang='lat' dir='ltr'><strong>mutabile,</strong></span> <span class='ocrx_word' id='word_1_96' title='bbox 1352 1173 1396 1210; x_wconf 89' lang='lat' dir='ltr'><strong>ut</strong></span> <span class='ocrx_word' id='word_1_97' title='bbox 1411 1181 1481 1211; x_wconf 87' lang='lat' dir='ltr'><strong>res</strong></span> <span class='ocrx_word' id='word_1_98' title='bbox 1498 1168 1648 1223; x_wconf 77' lang='lat' dir='ltr'><strong>poscit,</strong></span> 
     </span>
     <span class='ocr_line' id='line_1_14' title="bbox 154 1241 1648 1298; baseline 0.003 -16"><span class='ocrx_word' id='word_1_99' title='bbox 154 1242 251 1282; x_wconf 92' lang='lat' dir='ltr'><strong>hinc</strong></span> <span class='ocrx_word' id='word_1_100' title='bbox 278 1241 345 1283; x_wconf 91' lang='lat' dir='ltr'><strong>vel</strong></span> <span class='ocrx_word' id='word_1_101' title='bbox 377 1241 491 1282; x_wconf 91' lang='lat' dir='ltr'><strong>illinc</strong></span> <span class='ocrx_word' id='word_1_102' title='bbox 534 1242 770 1297; x_wconf 88' lang='lat' dir='ltr'><strong>remigium.</strong></span> <span class='ocrx_word' id='word_1_103' title='bbox 830 1243 904 1285; x_wconf 88' lang='lat' dir='ltr'><strong>Est</strong></span> <span class='ocrx_word' id='word_1_104' title='bbox 942 1243 1047 1297; x_wconf 90' lang='lat' dir='ltr'><strong>apud</strong></span> <span class='ocrx_word' id='word_1_105' title='bbox 1091 1243 1184 1285; x_wconf 89' lang='lat' dir='ltr'><strong>illos</strong></span> <span class='ocrx_word' id='word_1_106' title='bbox 1221 1248 1261 1285; x_wconf 85' lang='lat' dir='ltr'><strong>et</strong></span> <span class='ocrx_word' id='word_1_107' title='bbox 1301 1244 1448 1298; x_wconf 90' lang='lat' dir='ltr'><strong>opibus</strong></span> <span class='ocrx_word' id='word_1_108' title='bbox 1498 1243 1648 1296; x_wconf 82' lang='lat' dir='ltr'><strong>honos,</strong></span> 
     </span>
    </p>
   </div>
   <div class='ocr_carea' id='block_1_3' title="bbox 302 1435 1651 1484">
    <p class='ocr_par' dir='ltr' id='par_1_3' title="bbox 302 1435 1651 1484">
     <span class='ocr_line' id='line_1_15' title="bbox 302 1435 1651 1484; baseline 0.001 -13"><span class='ocrx_word' id='word_1_109' title='bbox 302 1438 336 1471; x_wconf 82' lang='lat'><strong>3.</strong></span> <span class='ocrx_word' id='word_1_110' title='bbox 366 1437 466 1482; x_wconf 74' lang='lat' dir='ltr'><strong>liyios</strong></span> <span class='ocrx_word' id='word_1_111' title='bbox 493 1435 517 1469; x_wconf 93' lang='lat' dir='ltr'>P</span> <span class='ocrx_word' id='word_1_112' title='bbox 544 1441 579 1470; x_wconf 86' lang='lat' dir='ltr'><strong>et</strong></span> <span class='ocrx_word' id='word_1_113' title='bbox 604 1436 781 1482; x_wconf 86' lang='lat' dir='ltr'><strong>plerique.</strong></span> <span class='ocrx_word' id='word_1_114' title='bbox 878 1437 1045 1482; x_wconf 71' lang='lat' dir='ltr'><strong>qotkones</strong></span> <span class='ocrx_word' id='word_1_115' title='bbox 1074 1437 1098 1471; x_wconf 88' lang='lat' dir='ltr'>P</span> <span class='ocrx_word' id='word_1_116' title='bbox 1126 1448 1203 1472; x_wconf 88' lang='lat' dir='ltr'><strong>cum</strong></span> <span class='ocrx_word' id='word_1_117' title='bbox 1231 1437 1424 1483; x_wconf 85' lang='lat' dir='ltr'><strong>plerisque.</strong></span> <span class='ocrx_word' id='word_1_118' title='bbox 1520 1438 1651 1484; x_wconf 74' lang='lat' dir='ltr'><strong>reqnei&#39;t</strong></span> 
     </span>
    </p>
   </div>
   <div class='ocr_carea' id='block_1_4' title="bbox 151 1483 1648 1533">
    <p class='ocr_par' dir='ltr' id='par_1_4' title="bbox 151 1483 1648 1533">
     <span class='ocr_line' id='line_1_16' title="bbox 151 1483 1648 1533; baseline 0.001 -14"><span class='ocrx_word' id='word_1_119' title='bbox 151 1483 188 1528; x_wconf 88' lang='lat' dir='ltr'><strong>P,</strong></span> <span class='ocrx_word' id='word_1_120' title='bbox 216 1490 251 1519; x_wconf 86' lang='lat' dir='ltr'><strong>et</strong></span> <span class='ocrx_word' id='word_1_121' title='bbox 276 1486 329 1519; x_wconf 88' lang='lat' dir='ltr'><strong>sic</strong></span> <span class='ocrx_word' id='word_1_122' title='bbox 355 1485 413 1519; x_wconf 87' lang='lat' dir='ltr'><strong>vel</strong></span> <span class='ocrx_word' id='word_1_123' title='bbox 439 1491 590 1530; x_wconf 61' lang='lat' dir='ltr'><strong>regnant</strong></span> <span class='ocrx_word' id='word_1_124' title='bbox 618 1485 799 1531; x_wconf 85' lang='lat' dir='ltr'><strong>plerique·</strong></span> <span class='ocrx_word' id='word_1_125' title='bbox 839 1486 1002 1520; x_wconf 87' lang='lat' dir='ltr'><strong>nonnulli</strong></span> <span class='ocrx_word' id='word_1_126' title='bbox 1029 1485 1175 1532; x_wconf 70' lang='lat' dir='ltr'><strong>reynai&#39;,</strong></span> <span class='ocrx_word' id='word_1_127' title='bbox 1205 1485 1239 1521; x_wconf 82' lang='lat' dir='ltr'><strong>h.</strong></span> <span class='ocrx_word' id='word_1_128' title='bbox 1270 1498 1302 1521; x_wconf 89' lang='lat' dir='ltr'><strong>e.</strong></span> <span class='ocrx_word' id='word_1_129' title='bbox 1329 1491 1537 1533; x_wconf 64' lang='lat' dir='ltr'><strong>regnantur.</strong></span> <span class='ocrx_word' id='word_1_130' title='bbox 1613 1487 1648 1522; x_wconf 88' lang='grc'><strong>5.</strong></span> 
     </span>
    </p>
   </div>
   <div class='ocr_carea' id='block_1_5' title="bbox 151 1533 847 1627">
    <p class='ocr_par' dir='ltr' id='par_1_5' title="bbox 151 1533 847 1627">
     <span class='ocr_line' id='line_1_17' title="bbox 151 1533 847 1578; baseline 0.001 -11"><span class='ocrx_word' id='word_1_131' title='bbox 151 1534 311 1567; x_wconf 71' lang='lat' dir='ltr'><strong>Lemouii</strong></span> <span class='ocrx_word' id='word_1_132' title='bbox 335 1544 511 1578; x_wconf 70' lang='grc' dir='ltr'><strong>ευρειεοπ.</strong></span> <span class='ocrx_word' id='word_1_133' title='bbox 549 1533 592 1567; x_wconf 81' lang='lat' dir='ltr'><strong>ab</strong></span> <span class='ocrx_word' id='word_1_134' title='bbox 620 1533 665 1568; x_wconf 83' lang='lat' dir='ltr'><strong>al.</strong></span> <span class='ocrx_word' id='word_1_135' title='bbox 695 1545 739 1568; x_wconf 87' lang='lat' dir='ltr'><strong>m.</strong></span> <span class='ocrx_word' id='word_1_136' title='bbox 766 1546 786 1568; x_wconf 87' lang='lat' dir='ltr'><em>v</em></span> <span class='ocrx_word' id='word_1_137' title='bbox 812 1535 847 1568; x_wconf 88' lang='grc' dir='ltr'><strong>Ρ.</strong></span> 
     </span>
     <span class='ocr_line' id='line_1_18' title="bbox 154 1583 419 1627; baseline 0.004 -11"><span class='ocrx_word' id='word_1_138' title='bbox 154 1583 208 1617; x_wconf 90' lang='grc'><strong>10.</strong></span> <span class='ocrx_word' id='word_1_139' title='bbox 236 1584 353 1627; x_wconf 80' lang='lat' dir='ltr'><strong>ulriq3</strong></span> <span class='ocrx_word' id='word_1_140' title='bbox 384 1583 419 1617; x_wconf 89' lang='lat' dir='ltr'><strong>P.</strong></span> 
     </span>
    </p>
   </div>
   <div class='ocr_carea' id='block_1_6' title="bbox 153 1753 866 2221">
    <p class='ocr_par' dir='ltr' id='par_1_6' title="bbox 153 1753 866 2221">
     <span class='ocr_line' id='line_1_19' title="bbox 153 1753 866 1798; baseline 0.001 -11"><span class='ocrx_word' id='word_1_141' title='bbox 153 1759 308 1787; x_wconf 85' lang='lat' dir='ltr'><strong>mentum</strong></span> <span class='ocrx_word' id='word_1_142' title='bbox 335 1753 394 1788; x_wconf 89' lang='lat' dir='ltr'><strong>vel</strong></span> <span class='ocrx_word' id='word_1_143' title='bbox 421 1765 477 1788; x_wconf 87' lang='lat' dir='ltr'><strong>res</strong></span> <span class='ocrx_word' id='word_1_144' title='bbox 504 1754 761 1798; x_wconf 77' lang='lat' dir='ltr'><strong>formidabili83</strong></span> <span class='ocrx_word' id='word_1_145' title='bbox 788 1766 866 1790; x_wconf 81' lang='lat' dir='ltr'><strong>um-</strong></span> 
     </span>
     <span class='ocr_line' id='line_1_20' title="bbox 154 1802 865 1849; baseline -0.004 -13"><span class='ocrx_word' id='word_1_146' title='bbox 154 1803 218 1836; x_wconf 78' lang='lat' dir='ltr'><strong>bra</strong></span> <span class='ocrx_word' id='word_1_147' title='bbox 243 1802 349 1836; x_wconf 79' lang='lat' dir='ltr'><strong>solito</strong></span> <span class='ocrx_word' id='word_1_148' title='bbox 377 1803 581 1848; x_wconf 84' lang='lat' dir='ltr'><strong>significatu</strong></span> <span class='ocrx_word' id='word_1_149' title='bbox 597 1803 769 1849; x_wconf 84' lang='lat' dir='ltr'><strong>fungitur,</strong></span> <span class='ocrx_word' id='word_1_150' title='bbox 797 1814 865 1837; x_wconf 89' lang='lat' dir='ltr'><strong>ne-</strong></span> 
     </span>
     <span class='ocr_line' id='line_1_21' title="bbox 155 1851 866 1896; baseline 0.004 -13"><span class='ocrx_word' id='word_1_151' title='bbox 155 1861 224 1895; x_wconf 86' lang='lat' dir='ltr'><strong>quc</strong></span> <span class='ocrx_word' id='word_1_152' title='bbox 267 1851 359 1884; x_wconf 86' lang='lat' dir='ltr'><strong>idem</strong></span> <span class='ocrx_word' id='word_1_153' title='bbox 390 1851 487 1885; x_wconf 75' lang='lat' dir='ltr'><strong>valet</strong></span> <span class='ocrx_word' id='word_1_154' title='bbox 526 1857 633 1896; x_wconf 81' lang='lat' dir='ltr'><strong>atque</strong></span> <span class='ocrx_word' id='word_1_155' title='bbox 673 1852 866 1886; x_wconf 79' lang='lat' dir='ltr'><strong>adumbra-</strong></span> 
     </span>
     <span class='ocr_line' id='line_1_22' title="bbox 154 1899 866 1941; baseline 0.003 -9"><span class='ocrx_word' id='word_1_156' title='bbox 154 1900 259 1941; x_wconf 82' lang='lat' dir='ltr'><strong>tione,</strong></span> <span class='ocrx_word' id='word_1_157' title='bbox 284 1904 322 1931; x_wconf 87' lang='lat' dir='ltr'><strong>ut</strong></span> <span class='ocrx_word' id='word_1_158' title='bbox 351 1899 439 1933; x_wconf 79' lang='lat' dir='ltr'><strong>dicit</strong></span> <span class='ocrx_word' id='word_1_159' title='bbox 465 1899 730 1934; x_wconf 83' lang='lat' dir='ltr'><strong>Doederlinius.</strong></span> <span class='ocrx_word' id='word_1_160' title='bbox 785 1900 866 1934; x_wconf 89' lang='lat' dir='ltr'><strong>Um-</strong></span> 
     </span>
     <span class='ocr_line' id='line_1_23' title="bbox 154 1947 866 1993; baseline 0.004 -14"><span class='ocrx_word' id='word_1_161' title='bbox 154 1947 238 1980; x_wconf 80' lang='lat' dir='ltr'><strong>brae</strong></span> <span class='ocrx_word' id='word_1_162' title='bbox 266 1949 420 1980; x_wconf 91' lang='lat' dir='ltr'><strong>omnium</strong></span> <span class='ocrx_word' id='word_1_163' title='bbox 460 1959 576 1981; x_wconf 85' lang='lat' dir='ltr'><strong>rerum</strong></span> <span class='ocrx_word' id='word_1_164' title='bbox 608 1952 769 1993; x_wconf 87' lang='lat' dir='ltr'><strong>tempore</strong></span> <span class='ocrx_word' id='word_1_165' title='bbox 798 1959 866 1982; x_wconf 90' lang='lat' dir='ltr'><strong>no-</strong></span> 
     </span>
     <span class='ocr_line' id='line_1_24' title="bbox 156 1995 866 2030; baseline 0.006 -4"><span class='ocrx_word' id='word_1_166' title='bbox 156 1999 281 2027; x_wconf 82' lang='lat' dir='ltr'><strong>cturno</strong></span> <span class='ocrx_word' id='word_1_167' title='bbox 317 1996 471 2029; x_wconf 84' lang='lat' dir='ltr'><strong>maiores</strong></span> <span class='ocrx_word' id='word_1_168' title='bbox 500 1995 676 2030; x_wconf 82' lang='lat' dir='ltr'><strong>videntur.</strong></span> <span class='ocrx_word' id='word_1_169' title='bbox 730 1996 866 2030; x_wconf 81' lang='lat' dir='ltr'><strong>Feralis</strong></span> 
     </span>
     <span class='ocr_line' id='line_1_25' title="bbox 157 2043 866 2088; baseline 0.004 -13"><span class='ocrx_word' id='word_1_170' title='bbox 157 2043 336 2076; x_wconf 86' lang='lat' dir='ltr'><strong>exercitus</strong></span> <span class='ocrx_word' id='word_1_171' title='bbox 372 2043 658 2088; x_wconf 69' lang='lat' dir='ltr'><strong>(leichenartiyes</strong></span> <span class='ocrx_word' id='word_1_172' title='bbox 686 2045 793 2087; x_wconf 78' lang='lat' dir='ltr'><strong>Heer)</strong></span> <span class='ocrx_word' id='word_1_173' title='bbox 836 2046 866 2078; x_wconf 89' lang='lat' dir='ltr'><strong>is</strong></span> 
     </span>
     <span class='ocr_line' id='line_1_26' title="bbox 157 2091 865 2134; baseline 0.004 -11"><span class='ocrx_word' id='word_1_174' title='bbox 157 2095 223 2132; x_wconf 77' lang='lat' dir='ltr'><strong>est,</strong></span> <span class='ocrx_word' id='word_1_175' title='bbox 251 2092 350 2124; x_wconf 74' lang='lat' dir='ltr'><strong>cqus</strong></span> <span class='ocrx_word' id='word_1_176' title='bbox 377 2100 447 2123; x_wconf 88' lang='lat' dir='ltr'><strong>non</strong></span> <span class='ocrx_word' id='word_1_177' title='bbox 476 2091 652 2134; x_wconf 83' lang='lat' dir='ltr'><strong>homines,</strong></span> <span class='ocrx_word' id='word_1_178' title='bbox 682 2093 744 2126; x_wconf 89' lang='lat' dir='ltr'><strong>sed</strong></span> <span class='ocrx_word' id='word_1_179' title='bbox 768 2102 865 2125; x_wconf 90' lang='lat' dir='ltr'><strong>mor-</strong></span> 
     </span>
     <span class='ocr_line' id='line_1_27' title="bbox 155 2139 865 2182; baseline 0.006 -11"><span class='ocrx_word' id='word_1_180' title='bbox 155 2142 294 2172; x_wconf 85' lang='lat' dir='ltr'><strong>tuorum</strong></span> <span class='ocrx_word' id='word_1_181' title='bbox 323 2139 473 2182; x_wconf 85' lang='lat' dir='ltr'><strong>animae,</strong></span> <span class='ocrx_word' id='word_1_182' title='bbox 501 2139 655 2173; x_wconf 89' lang='lat' dir='ltr'><strong>lemures</strong></span> <span class='ocrx_word' id='word_1_183' title='bbox 683 2145 718 2174; x_wconf 85' lang='lat' dir='ltr'><strong>et</strong></span> <span class='ocrx_word' id='word_1_184' title='bbox 745 2140 865 2175; x_wconf 81' lang='lat' dir='ltr'><strong>larvae</strong></span> 
     </span>
     <span class='ocr_line' id='line_1_28' title="bbox 155 2187 444 2221; baseline -0.003 -1"><span class='ocrx_word' id='word_1_185' title='bbox 155 2187 325 2220; x_wconf 82' lang='lat' dir='ltr'><strong>videntur</strong></span> <span class='ocrx_word' id='word_1_186' title='bbox 355 2197 444 2221; x_wconf 82' lang='lat' dir='ltr'><strong>esse.</strong></span> 
     </span>
    </p>
   </div>
   <div class='ocr_carea' id='block_1_7' title="bbox 153 2258 868 2493">
    <p class='ocr_par' dir='ltr' id='par_1_7' title="bbox 153 2258 868 2493">
     <span class='ocr_line' id='line_1_29' title="bbox 223 2258 868 2304; baseline 0.006 -14"><span class='ocrx_word' id='word_1_187' title='bbox 223 2258 331 2302; x_wconf 83' lang='lat' dir='ltr'><strong>primi</strong></span> <span class='ocrx_word' id='word_1_188' title='bbox 358 2259 396 2291; x_wconf 80' lang='lat' dir='ltr'><strong>in</strong></span> <span class='ocrx_word' id='word_1_189' title='bbox 424 2259 579 2293; x_wconf 80' lang='lat' dir='ltr'><strong>omnibus</strong></span> <span class='ocrx_word' id='word_1_190' title='bbox 603 2259 748 2304; x_wconf 78' lang='lat' dir='ltr'><strong>proeliis</strong></span> <span class='ocrx_word' id='word_1_191' title='bbox 775 2260 868 2295; x_wconf 74' lang='lat' dir='ltr'><strong>oculi</strong></span> 
     </span>
     <span class='ocr_line' id='line_1_30' title="bbox 153 2306 867 2342; baseline 0.004 -4"><span class='ocrx_word' id='word_1_192' title='bbox 153 2306 370 2340; x_wconf 76' lang='lat' dir='ltr'><strong>vincuntur:</strong></span> <span class='ocrx_word' id='word_1_193' title='bbox 408 2307 495 2340; x_wconf 76' lang='lat' dir='ltr'><strong>satis</strong></span> <span class='ocrx_word' id='word_1_194' title='bbox 530 2311 583 2341; x_wconf 84' lang='lat' dir='ltr'><strong>est</strong></span> <span class='ocrx_word' id='word_1_195' title='bbox 620 2312 657 2340; x_wconf 90' lang='lat' dir='ltr'><strong>ut</strong></span> <span class='ocrx_word' id='word_1_196' title='bbox 678 2309 867 2342; x_wconf 86' lang='lat' dir='ltr'><strong>vincantur</strong></span> 
     </span>
     <span class='ocr_line' id='line_1_31' title="bbox 153 2354 865 2397; baseline 0.007 -11"><span class='ocrx_word' id='word_1_197' title='bbox 153 2354 308 2397; x_wconf 84' lang='lat' dir='ltr'><strong>milites,</strong></span> <span class='ocrx_word' id='word_1_198' title='bbox 337 2356 366 2388; x_wconf 88' lang='lat' dir='ltr'><strong>si</strong></span> <span class='ocrx_word' id='word_1_199' title='bbox 389 2356 520 2397; x_wconf 76' lang='lat' dir='ltr'><strong>melus,</strong></span> <span class='ocrx_word' id='word_1_200' title='bbox 549 2356 627 2389; x_wconf 85' lang='lat' dir='ltr'><strong>sive</strong></span> <span class='ocrx_word' id='word_1_201' title='bbox 654 2367 760 2390; x_wconf 85' lang='lat' dir='ltr'><strong>verus</strong></span> <span class='ocrx_word' id='word_1_202' title='bbox 788 2358 865 2391; x_wconf 89' lang='lat' dir='ltr'><strong>sive</strong></span> 
     </span>
     <span class='ocr_line' id='line_1_32' title="bbox 154 2401 865 2448; baseline 0.007 -14"><span class='ocrx_word' id='word_1_203' title='bbox 154 2401 278 2444; x_wconf 82' lang='lat' dir='ltr'><strong>falsus,</strong></span> <span class='ocrx_word' id='word_1_204' title='bbox 308 2404 478 2446; x_wconf 76' lang='lat' dir='ltr'><strong>injicitur,</strong></span> <span class='ocrx_word' id='word_1_205' title='bbox 509 2404 612 2448; x_wconf 84' lang='lat' dir='ltr'><strong>isque</strong></span> <span class='ocrx_word' id='word_1_206' title='bbox 639 2404 754 2439; x_wconf 89' lang='lat' dir='ltr'><strong>oculis</strong></span> <span class='ocrx_word' id='word_1_207' title='bbox 783 2416 865 2439; x_wconf 87' lang='lat' dir='ltr'><strong>sus-</strong></span> 
     </span>
     <span class='ocr_line' id='line_1_33' title="bbox 154 2449 297 2493; baseline 0.014 -11"><span class='ocrx_word' id='word_1_208' title='bbox 154 2449 297 2493; x_wconf 83' lang='lat' dir='ltr'><strong>cipitur.</strong></span> 
     </span>
    </p>
   </div>
   <div class='ocr_carea' id='block_1_8' title="bbox 151 2521 870 2992">
    <p class='ocr_par' dir='ltr' id='par_1_8' title="bbox 151 2521 870 2992">
     <span class='ocr_line' id='line_1_34' title="bbox 227 2521 865 2566; baseline 0.006 -12"><span class='ocrx_word' id='word_1_209' title='bbox 227 2521 401 2555; x_wconf 74' lang='lat' dir='ltr'><strong>Gotliones</strong></span> <span class='ocrx_word' id='word_1_210' title='bbox 446 2528 670 2566; x_wconf 66' lang='lat' dir='ltr'><strong>reqnanlur:</strong></span> <span class='ocrx_word' id='word_1_211' title='bbox 716 2524 865 2558; x_wconf 77' lang='lat' dir='ltr'><strong>Gotones</strong></span> 
     </span>
     <span class='ocr_line' id='line_1_35' title="bbox 152 2570 863 2606; baseline 0.007 -5"><span class='ocrx_word' id='word_1_212' title='bbox 152 2570 380 2603; x_wconf 78' lang='lat' dir='ltr'><strong>nominantur</strong></span> <span class='ocrx_word' id='word_1_213' title='bbox 440 2571 476 2602; x_wconf 87' lang='lat' dir='ltr'><strong>in</strong></span> <span class='ocrx_word' id='word_1_214' title='bbox 531 2570 657 2603; x_wconf 89' lang='lat' dir='ltr'><strong>codice</strong></span> <span class='ocrx_word' id='word_1_215' title='bbox 702 2572 863 2606; x_wconf 76' lang='lat' dir='ltr'><strong>mediceo</strong></span> 
     </span>
     <span class='ocr_line' id='line_1_36' title="bbox 151 2617 862 2653; baseline 0.004 -3"><span class='ocrx_word' id='word_1_216' title='bbox 151 2617 343 2651; x_wconf 83' lang='lat' dir='ltr'><strong>Annalium</strong></span> <span class='ocrx_word' id='word_1_217' title='bbox 369 2617 400 2652; x_wconf 85' lang='grc' dir='ltr'><strong>ΙΙ</strong></span> <span class='ocrx_word' id='word_1_218' title='bbox 428 2617 486 2653; x_wconf 83' lang='lat'><strong>62.</strong></span> <span class='ocrx_word' id='word_1_219' title='bbox 538 2618 721 2652; x_wconf 81' lang='lat' dir='ltr'><strong>Strabonis</strong></span> <span class='ocrx_word' id='word_1_220' title='bbox 754 2619 815 2653; x_wconf 88' lang='lat' dir='ltr'><strong>V11</strong></span> <span class='ocrx_word' id='word_1_221' title='bbox 846 2621 862 2653; x_wconf 93' lang='lat'>1</span> 
     </span>
     <span class='ocr_line' id='line_1_37' title="bbox 151 2665 863 2712; baseline 0.001 -13"><span class='ocrx_word' id='word_1_222' title='bbox 151 2666 174 2699; x_wconf 85' lang='lat'>3</span> <span class='ocrx_word' id='word_1_223' title='bbox 205 2666 394 2706; x_wconf 80' lang='grc' dir='ltr'><em>Βούτονες</em></span> <span class='ocrx_word' id='word_1_224' title='bbox 419 2665 684 2712; x_wconf 79' lang='grc' dir='ltr'><strong>(1.Γούτωνες)</strong></span> <span class='ocrx_word' id='word_1_225' title='bbox 712 2676 783 2700; x_wconf 92' lang='lat' dir='ltr'><strong>non</strong></span> <span class='ocrx_word' id='word_1_226' title='bbox 803 2667 863 2700; x_wconf 85' lang='lat' dir='ltr'><strong>alii</strong></span> 
     </span>
     <span class='ocr_line' id='line_1_38' title="bbox 151 2713 870 2749; baseline 0.004 -3"><span class='ocrx_word' id='word_1_227' title='bbox 151 2713 318 2747; x_wconf 85' lang='lat' dir='ltr'><strong>videntur</strong></span> <span class='ocrx_word' id='word_1_228' title='bbox 343 2715 467 2748; x_wconf 87' lang='lat' dir='ltr'><strong>fuisse.</strong></span> <span class='ocrx_word' id='word_1_229' title='bbox 495 2714 662 2748; x_wconf 80' lang='lat' dir='ltr'><strong>Sarmatis</strong></span> <span class='ocrx_word' id='word_1_230' title='bbox 689 2725 870 2749; x_wconf 85' lang='lat' dir='ltr'><strong>annume-</strong></span> 
     </span>
     <span class='ocr_line' id='line_1_39' title="bbox 151 2761 865 2805; baseline 0.006 -13"><span class='ocrx_word' id='word_1_231' title='bbox 151 2766 205 2794; x_wconf 84' lang='lat' dir='ltr'><strong>lat</strong></span> <span class='ocrx_word' id='word_1_232' title='bbox 218 2761 457 2805; x_wconf 83' lang='lat' dir='ltr'><strong>Ptolemaeus,</strong></span> <span class='ocrx_word' id='word_1_233' title='bbox 477 2764 507 2797; x_wconf 94' lang='lat'><em>1</em></span> <span class='ocrx_word' id='word_1_234' title='bbox 508 2763 664 2802; x_wconf 77' lang='grc' dir='ltr'><em>ύθωνας</em></span> <span class='ocrx_word' id='word_1_235' title='bbox 691 2763 865 2797; x_wconf 89' lang='lat' dir='ltr'><strong>exhibens</strong></span> 
     </span>
     <span class='ocr_line' id='line_1_40' title="bbox 152 2806 863 2871; baseline 0.01 -30"><span class='ocrx_word' id='word_1_236' title='bbox 152 2808 199 2842; x_wconf 91' lang='lat'><strong>111</strong></span> <span class='ocrx_word' id='word_1_237' title='bbox 226 2811 246 2844; x_wconf 87' lang='grc'>5</span> <span class='ocrx_word' id='word_1_238' title='bbox 275 2806 550 2866; x_wconf 63' lang='lat'><strong>§.20:711291}</strong></span> <span class='ocrx_word' id='word_1_239' title='bbox 559 2813 648 2871; x_wconf 77' lang='grc' dir='ltr'><strong>μὲν</strong></span> <span class='ocrx_word' id='word_1_240' title='bbox 673 2810 741 2849; x_wconf 81' lang='grc' dir='ltr'><strong>τὸν</strong></span> <span class='ocrx_word' id='word_1_241' title='bbox 770 2811 863 2847; x_wconf 83' lang='grc' dir='ltr'><strong>Ουί-</strong></span> 
     </span>
     <span class='ocr_line' id='line_1_41' title="bbox 154 2854 862 2906; baseline 0.008 -16"><span class='ocrx_word' id='word_1_242' title='bbox 154 2857 315 2894; x_wconf 53' lang='lat' dir='ltr'><strong>armum]</strong></span> <span class='ocrx_word' id='word_1_243' title='bbox 343 2854 519 2906; x_wconf 78' lang='grc' dir='ltr'>ποταιιὸν</span> <span class='ocrx_word' id='word_1_244' title='bbox 549 2856 621 2896; x_wconf 82' lang='grc' dir='ltr'><strong>υπὸ</strong></span> <span class='ocrx_word' id='word_1_245' title='bbox 648 2872 735 2899; x_wconf 79' lang='grc' dir='ltr'><em>τους</em></span> <span class='ocrx_word' id='word_1_246' title='bbox 763 2859 862 2896; x_wconf 78' lang='grc' dir='ltr'><em>Οὐε-</em></span> 
     </span>
     <span class='ocr_line' id='line_1_42' title="bbox 152 2906 476 2945; baseline 0 -5"><span class='ocrx_word' id='word_1_247' title='bbox 152 2906 265 2943; x_wconf 61' lang='lat' dir='ltr'><strong>vidae</strong></span> <span class='ocrx_word' id='word_1_248' title='bbox 292 2908 476 2945; x_wconf 77' lang='grc' dir='ltr'><em>Γύθωνες</em></span> 
     </span>
     <span class='ocr_line' id='line_1_43' title="bbox 153 2952 754 2992; baseline 0.009 -6"><span class='ocrx_word' id='word_1_249' title='bbox 153 2952 310 2988; x_wconf 68' lang='lat' dir='ltr'><strong>auctius:</strong></span> <span class='ocrx_word' id='word_1_250' title='bbox 338 2955 383 2989; x_wconf 78' lang='lat' dir='ltr'><strong>cf</strong></span> <span class='ocrx_word' id='word_1_251' title='bbox 413 2961 532 2989; x_wconf 83' lang='lat' dir='ltr'><strong>annot.</strong></span> <span class='ocrx_word' id='word_1_252' title='bbox 561 2956 604 2990; x_wconf 83' lang='lat' dir='ltr'><strong>ad</strong></span> <span class='ocrx_word' id='word_1_253' title='bbox 630 2956 693 2990; x_wconf 86' lang='lat' dir='ltr'><strong>XII</strong></span> <span class='ocrx_word' id='word_1_254' title='bbox 721 2958 754 2992; x_wconf 91' lang='grc'><strong>7.</strong></span> 
     </span>
    </p>
   </div>
   <div class='ocr_carea' id='block_1_9' title="bbox 565 2908 1125 2953">
    <p class='ocr_par' dir='ltr' id='par_1_9' title="bbox 565 2908 1125 2953">
     <span class='ocr_line' id='line_1_44' title="bbox 565 2908 1125 2953; baseline 0.002 -11"><span class='ocrx_word' id='word_1_255' title='bbox 565 2908 672 2953; x_wconf 81' lang='lat' dir='ltr'><strong>paulo</strong></span> <span class='ocrx_word' id='word_1_256' title='bbox 699 2910 771 2943; x_wconf 81' lang='lat' dir='ltr'><strong>iam</strong></span> <span class='ocrx_word' id='word_1_257' title='bbox 796 2909 863 2943; x_wconf 78' lang='lat' dir='ltr'><strong>ad-</strong></span> <span class='ocrx_word' id='word_1_258' title='bbox 928 2909 1125 2952; x_wconf 75' lang='lat' dir='ltr'><strong>ptionibus:</strong></span> 
     </span>
    </p>
   </div>
   <div class='ocr_carea' id='block_1_10' title="bbox 973 1534 1647 1582">
    <p class='ocr_par' dir='ltr' id='par_1_10' title="bbox 973 1534 1647 1582">
     <span class='ocr_line' id='line_1_45' title="bbox 973 1534 1647 1582; baseline 0.001 -13"><span class='ocrx_word' id='word_1_259' title='bbox 973 1535 1009 1570; x_wconf 89' lang='lat'><strong>8.</strong></span> <span class='ocrx_word' id='word_1_260' title='bbox 1045 1535 1142 1581; x_wconf 79' lang='lat' dir='ltr'><strong>ipsae</strong></span> <span class='ocrx_word' id='word_1_261' title='bbox 1177 1534 1202 1568; x_wconf 91' lang='lat' dir='ltr'><strong>P</strong></span> <span class='ocrx_word' id='word_1_262' title='bbox 1232 1534 1384 1570; x_wconf 79' lang='lat' dir='ltr'><strong>etalii:</strong></span> <span class='ocrx_word' id='word_1_263' title='bbox 1411 1535 1532 1580; x_wconf 84' lang='lat' dir='ltr'><strong>plures</strong></span> <span class='ocrx_word' id='word_1_264' title='bbox 1559 1535 1647 1582; x_wconf 79' lang='lat' dir='ltr'><strong>ipso.</strong></span> 
     </span>
    </p>
   </div>
   <div class='ocr_carea' id='block_1_11' title="bbox 932 1754 1647 2528">
    <p class='ocr_par' dir='ltr' id='par_1_11' title="bbox 932 1754 1647 2528">
     <span class='ocr_line' id='line_1_46' title="bbox 1005 1754 1647 1800; baseline -0.003 -11"><span class='ocrx_word' id='word_1_265' title='bbox 1005 1755 1174 1789; x_wconf 81' lang='lat' dir='ltr'><strong>Suionum</strong></span> <span class='ocrx_word' id='word_1_266' title='bbox 1200 1755 1284 1788; x_wconf 81' lang='lat' dir='ltr'><strong>hinc</strong></span> <span class='ocrx_word' id='word_1_267' title='bbox 1310 1754 1479 1797; x_wconf 79' lang='lat' dir='ltr'><strong>civitates,</strong></span> <span class='ocrx_word' id='word_1_268' title='bbox 1509 1754 1584 1800; x_wconf 81' lang='lat' dir='ltr'><strong>ipso</strong></span> <span class='ocrx_word' id='word_1_269' title='bbox 1608 1754 1647 1788; x_wconf 78' lang='lat' dir='ltr'><strong>in</strong></span> 
     </span>
     <span class='ocr_line' id='line_1_47' title="bbox 937 1803 1646 1838; baseline -0.003 -1"><span class='ocrx_word' id='word_1_270' title='bbox 937 1803 1104 1838; x_wconf 78' lang='lat' dir='ltr'><strong>Oceano.-</strong></span> <span class='ocrx_word' id='word_1_271' title='bbox 1130 1803 1218 1837; x_wconf 79' lang='lat' dir='ltr'><strong>dicit</strong></span> <span class='ocrx_word' id='word_1_272' title='bbox 1244 1804 1409 1837; x_wconf 83' lang='lat' dir='ltr'><strong>civitates</strong></span> <span class='ocrx_word' id='word_1_273' title='bbox 1436 1803 1503 1836; x_wconf 87' lang='lat' dir='ltr'><strong>iam</strong></span> <span class='ocrx_word' id='word_1_274' title='bbox 1530 1803 1566 1836; x_wconf 90' lang='lat' dir='ltr'><strong>in</strong></span> <span class='ocrx_word' id='word_1_275' title='bbox 1585 1811 1646 1836; x_wconf 84' lang='lat' dir='ltr'><strong>re-</strong></span> 
     </span>
     <span class='ocr_line' id='line_1_48' title="bbox 937 1851 1646 1897; baseline -0.003 -12"><span class='ocrx_word' id='word_1_276' title='bbox 937 1863 1006 1897; x_wconf 86' lang='lat' dir='ltr'><strong>gna</strong></span> <span class='ocrx_word' id='word_1_277' title='bbox 1040 1851 1299 1886; x_wconf 83' lang='lat' dir='ltr'><strong>Scandinavica</strong></span> <span class='ocrx_word' id='word_1_278' title='bbox 1325 1851 1570 1897; x_wconf 84' lang='lat' dir='ltr'><strong>Norvagorum</strong></span> <span class='ocrx_word' id='word_1_279' title='bbox 1610 1855 1646 1884; x_wconf 80' lang='lat' dir='ltr'><strong>et</strong></span> 
     </span>
     <span class='ocr_line' id='line_1_49' title="bbox 935 1900 1645 1945; baseline -0.003 -11"><span class='ocrx_word' id='word_1_280' title='bbox 935 1900 1132 1934; x_wconf 87' lang='lat' dir='ltr'><strong>Suedorum</strong></span> <span class='ocrx_word' id='word_1_281' title='bbox 1161 1901 1382 1942; x_wconf 87' lang='lat' dir='ltr'><strong>coniunctas,</strong></span> <span class='ocrx_word' id='word_1_282' title='bbox 1407 1909 1500 1945; x_wconf 82' lang='lat' dir='ltr'><strong>quae</strong></span> <span class='ocrx_word' id='word_1_283' title='bbox 1529 1903 1645 1933; x_wconf 82' lang='lat' dir='ltr'><strong>terra-</strong></span> 
     </span>
     <span class='ocr_line' id='line_1_50' title="bbox 936 1947 1645 1993; baseline -0.001 -12"><span class='ocrx_word' id='word_1_284' title='bbox 936 1959 1011 1982; x_wconf 86' lang='lat' dir='ltr'><strong>rum</strong></span> <span class='ocrx_word' id='word_1_285' title='bbox 1038 1949 1151 1993; x_wconf 82' lang='lat' dir='ltr'><strong>spatia</strong></span> <span class='ocrx_word' id='word_1_286' title='bbox 1179 1959 1198 1982; x_wconf 85' lang='lat' dir='ltr'><strong>a</strong></span> <span class='ocrx_word' id='word_1_287' title='bbox 1224 1948 1408 1984; x_wconf 81' lang='lat' dir='ltr'><strong>veteribus</strong></span> <span class='ocrx_word' id='word_1_288' title='bbox 1435 1957 1498 1992; x_wconf 88' lang='lat' dir='ltr'><strong>pro</strong></span> <span class='ocrx_word' id='word_1_289' title='bbox 1519 1947 1645 1981; x_wconf 85' lang='lat' dir='ltr'><strong>insulis</strong></span> 
     </span>
     <span class='ocr_line' id='line_1_51' title="bbox 935 1996 1644 2042; baseline -0.001 -12"><span class='ocrx_word' id='word_1_290' title='bbox 935 1997 1057 2031; x_wconf 84' lang='lat' dir='ltr'><strong>habita</strong></span> <span class='ocrx_word' id='word_1_291' title='bbox 1072 2001 1165 2030; x_wconf 85' lang='lat' dir='ltr'><strong>sunt.</strong></span> <span class='ocrx_word' id='word_1_292' title='bbox 1189 1997 1415 2032; x_wconf 78' lang='lat' dir='ltr'><strong>Plin.lV27:</strong></span> <span class='ocrx_word' id='word_1_293' title='bbox 1434 1997 1493 2041; x_wconf 84' lang='lat' dir='ltr'><strong>qui</strong></span> <span class='ocrx_word' id='word_1_294' title='bbox 1507 1996 1644 2042; x_wconf 82' lang='lat' dir='ltr'><strong>(sinus)</strong></span> 
     </span>
     <span class='ocr_line' id='line_1_52' title="bbox 938 2044 1644 2089; baseline 0 -12"><span class='ocrx_word' id='word_1_295' title='bbox 938 2045 1102 2078; x_wconf 79' lang='lat' dir='ltr'><strong>Codanus</strong></span> <span class='ocrx_word' id='word_1_296' title='bbox 1126 2051 1296 2087; x_wconf 78' lang='lat' dir='ltr'><strong>vocatur,</strong></span> <span class='ocrx_word' id='word_1_297' title='bbox 1332 2046 1484 2089; x_wconf 77' lang='lat' dir='ltr'><strong>refertus</strong></span> <span class='ocrx_word' id='word_1_298' title='bbox 1508 2044 1644 2085; x_wconf 79' lang='lat' dir='ltr'><strong>insulis,</strong></span> 
     </span>
     <span class='ocr_line' id='line_1_53' title="bbox 935 2091 1644 2136; baseline -0.001 -10"><span class='ocrx_word' id='word_1_299' title='bbox 935 2103 1081 2136; x_wconf 77' lang='lat' dir='ltr'><strong>quarum</strong></span> <span class='ocrx_word' id='word_1_300' title='bbox 1109 2091 1306 2126; x_wconf 75' lang='lat' dir='ltr'><strong>clarissima</strong></span> <span class='ocrx_word' id='word_1_301' title='bbox 1321 2092 1566 2127; x_wconf 74' lang='lat' dir='ltr'><strong>Scandinavia</strong></span> <span class='ocrx_word' id='word_1_302' title='bbox 1584 2097 1644 2134; x_wconf 79' lang='lat' dir='ltr'><strong>est,</strong></span> 
     </span>
     <span class='ocr_line' id='line_1_54' title="bbox 934 2139 1646 2186; baseline -0.001 -12"><span class='ocrx_word' id='word_1_303' title='bbox 934 2142 1174 2186; x_wconf 80' lang='lat' dir='ltr'><strong>incompertae</strong></span> <span class='ocrx_word' id='word_1_304' title='bbox 1201 2140 1464 2186; x_wconf 66' lang='lat' dir='ltr'><strong>magnitudinis.</strong></span> <span class='ocrx_word' id='word_1_305' title='bbox 1522 2139 1646 2174; x_wconf 72' lang='lat' dir='ltr'><strong>Ptole-</strong></span> 
     </span>
     <span class='ocr_line' id='line_1_55' title="bbox 935 2187 1647 2225; baseline 0 -3"><span class='ocrx_word' id='word_1_306' title='bbox 935 2199 1057 2223; x_wconf 87' lang='lat' dir='ltr'><strong>maeus</strong></span> <span class='ocrx_word' id='word_1_307' title='bbox 1089 2188 1121 2222; x_wconf 91' lang='lat'><strong>11</strong></span> <span class='ocrx_word' id='word_1_308' title='bbox 1158 2190 1198 2223; x_wconf 83' lang='lat'><strong>11</strong></span> <span class='ocrx_word' id='word_1_309' title='bbox 1231 2190 1297 2225; x_wconf 84' lang='lat'><strong>33:</strong></span> <span class='ocrx_word' id='word_1_310' title='bbox 1342 2189 1406 2225; x_wconf 76' lang='grc' dir='ltr'><strong>ἀπ’</strong></span> <span class='ocrx_word' id='word_1_311' title='bbox 1446 2187 1647 2225; x_wconf 69' lang='grc' dir='ltr'><strong>ἀνατολῶν</strong></span> 
     </span>
     <span class='ocr_line' id='line_1_56' title="bbox 939 2237 1643 2286; baseline 0 -13"><span class='ocrx_word' id='word_1_312' title='bbox 939 2237 978 2273; x_wconf 81' lang='grc' dir='ltr'><strong>δὲ</strong></span> <span class='ocrx_word' id='word_1_313' title='bbox 1017 2241 1084 2281; x_wconf 52' lang='grc' dir='ltr'><strong>,τῆς</strong></span> <span class='ocrx_word' id='word_1_314' title='bbox 1113 2238 1355 2285; x_wconf 74' lang='grc' dir='ltr'><em>χερσονήσου</em></span> <span class='ocrx_word' id='word_1_315' title='bbox 1393 2238 1643 2286; x_wconf 75' lang='grc' dir='ltr'>(Κιμβρικῆς)</span> 
     </span>
     <span class='ocr_line' id='line_1_57' title="bbox 934 2287 1646 2334; baseline -0.001 -13"><span class='ocrx_word' id='word_1_316' title='bbox 934 2289 1119 2332; x_wconf 74' lang='grc' dir='ltr'><em>τέσσαρες</em></span> <span class='ocrx_word' id='word_1_317' title='bbox 1155 2287 1306 2332; x_wconf 80' lang='grc' dir='ltr'>(νῆσοι)</span> <span class='ocrx_word' id='word_1_318' title='bbox 1345 2288 1387 2322; x_wconf 81' lang='grc' dir='ltr'><strong>αἱ</strong></span> <span class='ocrx_word' id='word_1_319' title='bbox 1413 2287 1646 2334; x_wconf 78' lang='grc' dir='ltr'><em>καλοὺιιεναι</em></span> 
     </span>
     <span class='ocr_line' id='line_1_58' title="bbox 934 2335 1645 2383; baseline 0 -15"><span class='ocrx_word' id='word_1_320' title='bbox 934 2335 1148 2377; x_wconf 76' lang='grc' dir='ltr'><em>Σκανδίαι,</em></span> <span class='ocrx_word' id='word_1_321' title='bbox 1175 2342 1275 2382; x_wconf 79' lang='grc' dir='ltr'><em>τρεῖς</em></span> <span class='ocrx_word' id='word_1_322' title='bbox 1298 2336 1371 2383; x_wconf 65' lang='grc' dir='ltr'><strong>μὲιε</strong></span> <span class='ocrx_word' id='word_1_323' title='bbox 1397 2338 1556 2382; x_wconf 72' lang='grc' dir='ltr'><em>μικραί,</em></span> <span class='ocrx_word' id='word_1_324' title='bbox 1599 2354 1645 2361; x_wconf 92' lang='grc'>-</span> 
     </span>
     <span class='ocr_line' id='line_1_59' title="bbox 932 2383 1644 2440; baseline 0.001 -23"><span class='ocrx_word' id='word_1_325' title='bbox 932 2387 1008 2430; x_wconf 82' lang='grc' dir='ltr'><strong>μία</strong></span> <span class='ocrx_word' id='word_1_326' title='bbox 1042 2383 1082 2419; x_wconf 78' lang='grc' dir='ltr'><strong>δὲ</strong></span> <span class='ocrx_word' id='word_1_327' title='bbox 1107 2388 1266 2440; x_wconf 74' lang='grc' dir='ltr'><em>ιιεγίστη</em></span> <span class='ocrx_word' id='word_1_328' title='bbox 1305 2386 1367 2418; x_wconf 81' lang='grc' dir='ltr'><strong>καὶ</strong></span> <span class='ocrx_word' id='word_1_329' title='bbox 1409 2384 1644 2423; x_wconf 73' lang='grc' dir='ltr'><em>ανατολικω-</em></span> 
     </span>
     <span class='ocr_line' id='line_1_60' title="bbox 934 2426 1644 2477; baseline 0.001 -12"><span class='ocrx_word' id='word_1_330' title='bbox 934 2432 1025 2475; x_wconf 58' lang='grc' dir='ltr'><em>πάιν]</em></span> <span class='ocrx_word' id='word_1_331' title='bbox 1043 2429 1139 2467; x_wconf 73' lang='grc' dir='ltr'><strong>κατὰ</strong></span> <span class='ocrx_word' id='word_1_332' title='bbox 1166 2427 1235 2472; x_wconf 59' lang='lat' dir='ltr'><strong>uic</strong></span> <span class='ocrx_word' id='word_1_333' title='bbox 1260 2429 1415 2477; x_wconf 73' lang='grc' dir='ltr'><strong><em>ἐκβολὰς</em></strong></span> <span class='ocrx_word' id='word_1_334' title='bbox 1430 2426 1644 2468; x_wconf 77' lang='grc' dir='ltr'><em>Οὔισῐούλα</em></span> 
     </span>
     <span class='ocr_line' id='line_1_61' title="bbox 934 2484 1127 2528; baseline 0.017 -15"><span class='ocrx_word' id='word_1_335' title='bbox 934 2484 1127 2528; x_wconf 75' lang='grc' dir='ltr'><em>ποταμου·</em></span> 
     </span>
    </p>
   </div>
   <div class='ocr_carea' id='block_1_12' title="bbox 935 2549 1640 2689">
    <p class='ocr_par' dir='ltr' id='par_1_12' title="bbox 935 2549 1640 2689">
     <span class='ocr_line' id='line_1_62' title="bbox 1003 2549 1640 2606; baseline 0 -23"><span class='ocrx_word' id='word_1_336' title='bbox 1003 2550 1173 2594; x_wconf 80' lang='lat' dir='ltr'><strong>ulrimque</strong></span> <span class='ocrx_word' id='word_1_337' title='bbox 1197 2560 1310 2596; x_wconf 78' lang='lat' dir='ltr'><strong>prora</strong></span> <span class='ocrx_word' id='word_1_338' title='bbox 1336 2570 1381 2576; x_wconf 93' lang='grc'>-</span> <span class='ocrx_word' id='word_1_339' title='bbox 1407 2550 1508 2606; x_wconf 64' lang='lat' dir='ltr'><strong>aqit:</strong></span> <span class='ocrx_word' id='word_1_340' title='bbox 1536 2549 1640 2606; x_wconf 33' lang='lat' dir='ltr'><strong>neoni.</strong></span> 
     </span>
     <span class='ocr_line' id='line_1_63' title="bbox 935 2597 1638 2689; baseline 0.001 -10"><span class='ocrx_word' id='word_1_341' title='bbox 935 2597 968 2679; x_wconf 58' lang='grc' dir='ltr'><strong>ῗιι.</strong></span> <span class='ocrx_word' id='word_1_342' title='bbox 991 2597 1027 2680; x_wconf 46' lang='grc' dir='ltr'><strong>ξ..</strong></span> <span class='ocrx_word' id='word_1_343' title='bbox 1049 2597 1097 2679; x_wconf 57' lang='lat' dir='ltr'><strong>:It</strong></span> <span class='ocrx_word' id='word_1_344' title='bbox 1114 2597 1307 2689; x_wconf 44' lang='lat' dir='ltr'><strong>oligoclziam</strong></span> <span class='ocrx_word' id='word_1_345' title='bbox 1335 2645 1382 2680; x_wconf 84' lang='lat' dir='ltr'><strong>cf.</strong></span> <span class='ocrx_word' id='word_1_346' title='bbox 1400 2609 1456 2681; x_wconf 40' lang='lat' dir='ltr'><strong>&#39;itud</strong></span> <span class='ocrx_word' id='word_1_347' title='bbox 1465 2598 1638 2683; x_wconf 44' lang='lat' dir='ltr'><strong>⁰52·thng-</strong></span> 
     </span>
    </p>
   </div>
   <div class='ocr_carea' id='block_1_13' title="bbox 933 2716 1642 2956">
    <p class='ocr_par' dir='ltr' id='par_1_13' title="bbox 933 2716 1642 2956">
     <span class='ocr_line' id='line_1_64' title="bbox 1005 2716 1642 2762; baseline 0 -12"><span class='ocrx_word' id='word_1_348' title='bbox 1005 2727 1110 2761; x_wconf 82' lang='lat' dir='ltr'><strong>eoqae</strong></span> <span class='ocrx_word' id='word_1_349' title='bbox 1136 2728 1226 2751; x_wconf 83' lang='lat' dir='ltr'><strong>unus</strong></span> <span class='ocrx_word' id='word_1_350' title='bbox 1255 2717 1458 2762; x_wconf 78' lang='lat' dir='ltr'><strong>imperitat.-</strong></span> <span class='ocrx_word' id='word_1_351' title='bbox 1492 2716 1642 2761; x_wconf 86' lang='lat' dir='ltr'><strong>imperi-</strong></span> 
     </span>
     <span class='ocr_line' id='line_1_65' title="bbox 933 2765 1642 2809; baseline 0.003 -13"><span class='ocrx_word' id='word_1_352' title='bbox 933 2767 984 2796; x_wconf 84' lang='lat' dir='ltr'><strong>tat</strong></span> <span class='ocrx_word' id='word_1_353' title='bbox 1009 2766 1068 2809; x_wconf 87' lang='lat' dir='ltr'><strong>qui</strong></span> <span class='ocrx_word' id='word_1_354' title='bbox 1103 2776 1187 2809; x_wconf 84' lang='lat' dir='ltr'><strong>prae</strong></span> <span class='ocrx_word' id='word_1_355' title='bbox 1222 2766 1352 2799; x_wconf 83' lang='lat' dir='ltr'><strong>ceteris</strong></span> <span class='ocrx_word' id='word_1_356' title='bbox 1385 2765 1483 2800; x_wconf 76' lang='lat' dir='ltr'><strong>valet</strong></span> <span class='ocrx_word' id='word_1_357' title='bbox 1515 2765 1642 2809; x_wconf 87' lang='lat' dir='ltr'><strong>opibus</strong></span> 
     </span>
     <span class='ocr_line' id='line_1_66' title="bbox 934 2813 1642 2858; baseline 0.001 -14"><span class='ocrx_word' id='word_1_358' title='bbox 934 2816 970 2844; x_wconf 85' lang='lat' dir='ltr'><strong>et</strong></span> <span class='ocrx_word' id='word_1_359' title='bbox 1002 2823 1066 2846; x_wconf 89' lang='lat' dir='ltr'><strong>suo</strong></span> <span class='ocrx_word' id='word_1_360' title='bbox 1106 2824 1190 2848; x_wconf 85' lang='lat' dir='ltr'><strong>aere</strong></span> <span class='ocrx_word' id='word_1_361' title='bbox 1226 2813 1402 2848; x_wconf 84' lang='lat' dir='ltr'><strong>satellites</strong></span> <span class='ocrx_word' id='word_1_362' title='bbox 1442 2823 1567 2858; x_wconf 82' lang='lat' dir='ltr'><strong>parare</strong></span> <span class='ocrx_word' id='word_1_363' title='bbox 1600 2817 1642 2857; x_wconf 19' lang='lat' dir='ltr'><strong>,et</strong></span> 
     </span>
     <span class='ocr_line' id='line_1_67' title="bbox 933 2860 1641 2905; baseline 0.003 -12"><span class='ocrx_word' id='word_1_364' title='bbox 933 2860 1031 2894; x_wconf 85' lang='lat' dir='ltr'><strong>alere</strong></span> <span class='ocrx_word' id='word_1_365' title='bbox 1060 2866 1189 2905; x_wconf 87' lang='lat' dir='ltr'><strong>potest.</strong></span> <span class='ocrx_word' id='word_1_366' title='bbox 1304 2861 1411 2896; x_wconf 84' lang='lat' dir='ltr'><strong>nullis</strong></span> <span class='ocrx_word' id='word_1_367' title='bbox 1435 2863 1507 2897; x_wconf 81' lang='lat' dir='ltr'><strong>iam</strong></span> <span class='ocrx_word' id='word_1_368' title='bbox 1535 2872 1641 2896; x_wconf 73' lang='lat' dir='ltr'><strong>exce-</strong></span> 
     </span>
     <span class='ocr_line' id='line_1_68' title="bbox 1172 2910 1640 2956; baseline -0.004 -12"><span class='ocrx_word' id='word_1_369' title='bbox 1172 2920 1263 2944; x_wconf 87' lang='lat' dir='ltr'><strong>unus</strong></span> <span class='ocrx_word' id='word_1_370' title='bbox 1303 2914 1370 2944; x_wconf 78' lang='lat' dir='ltr'><strong>tam</strong></span> <span class='ocrx_word' id='word_1_371' title='bbox 1400 2910 1497 2955; x_wconf 84' lang='lat' dir='ltr'><strong>plebi</strong></span> <span class='ocrx_word' id='word_1_372' title='bbox 1536 2919 1640 2956; x_wconf 83' lang='lat' dir='ltr'><strong>quam</strong></span> 
     </span>
    </p>
   </div>
   <div class='ocr_carea' id='block_1_14' title="bbox 931 2957 1639 3003">
    <p class='ocr_par' dir='ltr' id='par_1_14' title="bbox 931 2957 1639 3003">
     <span class='ocr_line' id='line_1_69' title="bbox 931 2957 1639 3003; baseline 0.001 -12"><span class='ocrx_word' id='word_1_373' title='bbox 931 2957 1111 2992; x_wconf 88' lang='lat' dir='ltr'><strong>nobilibus</strong></span> <span class='ocrx_word' id='word_1_374' title='bbox 1147 2959 1353 3003; x_wconf 76' lang='lat' dir='ltr'><strong>imperitat:</strong></span> <span class='ocrx_word' id='word_1_375' title='bbox 1402 2957 1554 2993; x_wconf 83' lang='lat' dir='ltr'><strong>eundem</strong></span> <span class='ocrx_word' id='word_1_376' title='bbox 1590 2957 1639 2993; x_wconf 84' lang='lat' dir='ltr'><strong>li-</strong></span> 
     </span>
    </p>
   </div>
  </div>
 </body>
</html>
