1768 3216
763 229 1074 269 HISTORIARVM
1114 262 1118 266 .
1457 239 1490 264 a.
1517 237 1555 264 n.
1581 227 1668 265 822.

174 245 247 280 130

176 360 312 401 omnia
343 357 530 411 opulenta
565 357 604 395 et
632 351 726 403 fida,
750 349 1001 392 Pannoniam
1021 346 1222 389 Moesiam
1238 344 1484 388 Dalmatiam
1501 344 1659 388 Orien-

177 439 257 476 tem
289 444 377 474 cum
408 428 581 483 integris,
610 425 885 477 exercitibus,
927 423 1083 465 Italiam
1117 425 1158 462 et
1188 424 1311 475 caput
1337 432 1478 462 rerum
1506 419 1668 472 urbem,

177 510 440 557 senatumque
474 506 513 544 et
541 501 734 556 populum
766 511 972 553 nunquam
1014 497 1193 538 obscura
1234 495 1431 548 nomina,
1476 493 1556 537 etsi
1587 493 1671 536 ali-

176 578 337 633 quando
373 576 688 627 obumbrentur;
720 574 907 629 publicas
938 572 1205 626 privatasque
1229 582 1329 624 opes
1356 573 1397 612 et
1423 569 1670 611 immensam

139 667 157 696 5
179 653 418 707 pecuniam,
451 652 558 694 inter
589 649 734 692 civiles
766 647 1001 690 discordias
1032 646 1146 688 ferro
1178 644 1452 695 validiorem3
1492 654 1670 698 corpora

168 727 337 769 militum
367 731 435 768 aut
464 726 604 767 Italiae
635 728 751 766 sueta
793 727 860 765 aut
912 721 1109 764 aestibus.
1173 719 1380 764 Obiacere
1410 718 1562 761 flumen
1590 717 1674 761 Pa-

174 803 284 856 dum,
315 806 421 844 tutas
452 801 553 843 viris
584 800 793 853 murisque
822 797 948 840 urbes
964 810 976 848 3
1008 809 1032 838 e
1063 796 1211 850 quibus
1242 795 1395 837 nullam
1425 793 1537 837 hosti
1569 805 1672 837 ces-

173 889 309 921 suram
350 876 582 919 Placentiae
627 875 873 918 defensione
918 872 1189 934 exploratum.
1262 870 1445 913 Proinde
1494 869 1671 912 duceret

43 969 52 976 *
113 966 118 997 ῖ
171 952 334 995 bellum.
394 951 538 993 Paucis
571 950 715 992 diebus
758 952 942 1003 quartam
985 947 1189 989 decimam
1231 945 1470 1001 legionem,
1515 955 1670 1000 magna

121 1040 160 1071 ιο
174 1028 302 1082 ipsam
336 1027 466 1078 sama,
500 1037 590 1068 cum
620 1024 814 1067 Moesicis
847 1023 979 1077 copiis
1011 1022 1181 1065 adfore:
1212 1026 1296 1063 tum
1326 1031 1474 1063 rursus
1505 1019 1672 1063 delibe-

172 1105 377 1154 raturum,
408 1105 448 1143 et
477 1101 513 1143 si
544 1100 742 1154 proelium
772 1098 1021 1152 placuisset,
1065 1097 1198 1140 auctis
1228 1096 1389 1140 viribus
1419 1098 1668 1138 certaturos.

177 1176 417 1218 Accedebat
456 1175 685 1217 sententiae
725 1174 881 1216 Paulini
919 1173 1074 1215 Marius
1123 1172 1302 1224 Celsus3
1347 1171 1459 1214 idem
1497 1166 1739 1225 placere-⁹03

174 1250 312 1292 Annio
347 1249 486 1302 Gallo,
517 1261 672 1304 paucos
704 1253 797 1291 ante
829 1249 919 1291 dies
949 1248 1067 1303 lapsu
1098 1248 1194 1302 equi
1225 1247 1420 1299 adflicto,
1450 1245 1569 1289 missi
1598 1244 1670 1300 ml

174 1324 387 1367 consilium
420 1324 507 1366 eius
539 1325 853 1366 sciscitarentur
882 1323 1140 1366 rettulerant.
1185 1322 1292 1365 Otho
1319 1333 1476 1377 pronus
1507 1320 1560 1364 ad
1589 1319 1671 1364 do-

119 1407 157 1438 15
172 1399 432 1449 certandum3
472 1399 601 1441 frater
630 1399 718 1440 eius
748 1399 932 1441 Titianus
975 1403 1016 1440 et
1045 1397 1284 1452 praefectus
1324 1395 1526 1451 praetorii
1555 1395 1664 1437 Pro-

170 1474 283 1516 culus
304 1506 315 1527 ,
364 1474 565 1528 imperitia
604 1478 903 1528 properantes,
957 1473 1163 1516 fortunam
1190 1476 1246 1514 et
1281 1472 1387 1514 deos
1431 1475 1473 1514 et
1512 1481 1667 1512 numen

170 1548 342 1590 Othonis
374 1548 524 1590 adesse
555 1548 767 1601 consiliis,
815 1548 963 1590 adfore
996 1547 1214 1590 conatibus
1244 1546 1515 1589 testabantur.
1575 1545 1667 1588 Neu

168 1622 258 1675 quis
290 1621 453 1664 obviam
485 1622 548 1665 ire
579 1622 813 1665 sententiae
843 1621 1042 1675 auderet,
1085 1622 1127 1663 in
1172 1620 1453 1664 adulationem
1485 1630 1668 1662 conces-

304 1753 334 1786 1.
362 1751 573 1787 Delmatiam
598 1753 672 1787 Ma:
701 1753 728 1787 G
758 1752 976 1787 dalmatiam.
1077 1753 1112 1787 2.
1142 1751 1257 1798 capud
1281 1749 1347 1786 Ma.
1452 1750 1488 1786 3.
1515 1749 1579 1786 εἰεί
1602 1747 1663 1791 BG

169 1804 203 1834 et
228 1799 344 1835 Hal-L:
381 1802 484 1836 etiam
512 1800 566 1835 Ma
592 1806 626 1835 et
653 1801 723 1845 CR,
758 1802 863 1836 etiam
887 1802 918 1835 si
946 1810 1025 1835 corr
1054 1799 1151 1835 Harl.
1265 1801 1300 1835 4.
1337 1799 1422 1833 inm.
1462 1796 1530 1833 Μ..
1630 1798 1665 1833 5.

167 1859 265 1893 paee.
292 1847 357 1882 Ma.
430 1850 463 1884 6.
486 1855 608 1883 suaeta
634 1849 698 1884 ma.
775 1851 807 1885 7.
835 1861 1021 1884 censuram
1045 1848 1111 1893 Ma,
1141 1859 1327 1884 caesuram
1353 1846 1393 1882 G.
1475 1847 1510 1883 8.
1538 1846 1666 1892 defent-

171 1897 267 1930 sione
302 1895 367 1930 Ma.
466 1897 499 1932 9.
538 1899 671 1944 τηαψιιῖ
701 1899 814 1944 ipsam
853 1899 953 1944 fama
987 1897 1054 1933 Ma.
1160 1899 1215 1934 10.
1255 1909 1334 1932 cum
1371 1897 1408 1930 in
1440 1894 1468 1930 G
1509 1899 1546 1930 et
1583 1894 1664 1932 edd.

171 1945 322 1989 antiquis
349 1946 515 1980 omissum
541 1948 695 1981 restituit
721 1947 872 1992 Lipsius.
965 1947 1150 1981 moesaicis
1175 1945 1254 1981 Ma:
1283 1944 1310 1980 G
1335 1944 1521 1988 moesiam·
1557 1943 1664 1979 Moe-

170 1993 275 2075 siaoaeltis
300 1993 451 2076 {ipsius
558 1996 612 2030 13.
648 1996 746 2030 labsu
771 1995 836 2031 Ma.
941 1997 996 2031 15.
1031 1997 1126 2043 pref.
1154 1994 1221 2031 Ma.
1277 1994 1333 2030 18.
1367 1993 1508 2030 audine
1532 1991 1610 2028 Μαι
1637 1990 1666 2029 G

171 2052 217 2075 au
244 2053 299 2076 ere
321 2068 329 2076 .

246 2166 330 2211 Cap.
357 2169 415 2203 32.
444 2168 680 2204 Dalmatiam:
706 2170 758 2205 Ma
785 2171 875 2206 alter

172 2224 266 2248 nunc
306 2216 517 2251 Delmatiam
563 2220 708 2263 praebet
755 2225 790 2254 et
834 2221 873 2255 Η.

173 2263 206 2296 Π
242 2263 288 2298 86
324 2265 573 2310 Delmaticum,
607 2267 669 2302 sed
703 2269 745 2303 H.
780 2269 792 2302 l
831 2269 876 2304 76

171 2311 373 2347 Dalmatiae
399 2313 550 2359 legitur,
584 2316 625 2350 H.
653 2316 683 2349 11
709 2317 756 2352 86
782 2317 877 2351 Dal-

171 2361 338 2404 matiam,
376 2362 416 2396 H.
446 2362 493 2396 111
523 2365 564 2399 12
589 2370 624 2398 et
651 2365 697 2400 50
724 2366 876 2399 Dalma-

172 2412 228 2439 tae
271 2413 305 2441 et
343 2410 600 2446 Dalmatarum.
653 2413 876 2458 Quapropter

173 2457 390 2490 constantiae
426 2469 530 2492 causa
568 2459 603 2492 h.
632 2460 656 2494 l.
695 2467 874 2496 auctorem

172 2506 330 2537 veterem
355 2515 426 2538 non
451 2511 594 2540 secutus
622 2518 696 2542 sum
715 2535 723 2551 ,
751 2521 877 2555 quam-

172 2560 275 2594 quam
316 2553 350 2586 in
386 2554 583 2589 Annalibus
622 2556 802 2591 Dalmatas
843 2564 878 2592 et

169 2598 381 2634 Delmatiam
394 2612 566 2646 sponsore
581 2603 740 2639 Mediceo
759 2607 877 2650 priore

168 2647 294 2691 scripsi
323 2649 388 2694 (cf.
418 2655 537 2684 annot.
563 2651 772 2698 adXI152):
797 2665 876 2688 nam

169 2695 203 2727 in
231 2696 360 2731 talibus
384 2699 523 2733 variare
551 2700 587 2732 in
614 2702 722 2735 variis
754 2704 876 2746 operi-

167 2741 232 2776 bus
282 2749 317 2778 et
359 2747 578 2791 temporibus
615 2749 693 2793 ipse
738 2751 878 2785 Tacitus

167 2792 296 2833 potuit.

244 2840 403 2876 obiacere
440 2845 565 2888 {lumen
591 2845 751 2880 Padum:
787 2846 878 2881 haec

171 2886 260 2920 dixit
284 2891 480 2933 respiciens
508 2894 722 2928 Vitellianos
748 2896 785 2928 in
803 2895 877 2929 Ita-

169 2933 253 2968 llam
279 2937 483 2990 *urbemque
530 2942 753 2987 irrupturos,
804 2954 876 2978 non

170 2992 251 3018 suas
277 2986 387 3028 1psius
412 2993 530 3032 partes
560 2990 724 3027 Bedriaci
752 2992 790 3027 in
813 3004 874 3028 re-

946 2172 1055 2218 gione
1097 2170 1347 2216 Transpadana
1405 2167 1663 2207 consultantes.

945 2220 1022 2254 Non
1054 2231 1141 2254 vere
1177 2219 1334 2255 Savilius
1369 2218 1415 2253 ad
1450 2217 1486 2252 h.
1512 2216 1538 2253 l.
1575 2219 1663 2252 ‘non

947 2269 990 2303 ad
1024 2268 1257 2312 Bedriacum,
1305 2267 1366 2302 ubi
1399 2267 1438 2301 in
1473 2266 1664 2303 consilium

946 2318 1052 2360 itum,
1078 2318 1141 2352 sed
1168 2317 1237 2351 hoc
1262 2315 1365 2360 vult,
1392 2317 1422 2350 si
1452 2314 1664 2354 retrocede-

946 2371 1025 2400 rent
1052 2366 1165 2413 (quod
1179 2365 1342 2411 optabat)
1370 2365 1407 2398 in
1427 2363 1663 2409 Cispadanam

946 2415 1144 2460 regionem,
1174 2419 1209 2449 et
1235 2414 1458 2448 defensionis
1485 2423 1574 2448 suae
1597 2422 1664 2447 cu-

946 2474 1018 2497 ram
1046 2462 1301 2508 capesserent'.

1017 2523 1149 2559 magna
1171 2513 1285 2558 ipsam
1309 2512 1429 2557 samaf:
1455 2510 1493 2543 in
1507 2506 1567 2544 w*
1582 2519 1664 2544 ma-

945 2561 1016 2605 9ηᾶ
1037 2562 1151 2606 ipsam
1175 2560 1278 2606 fama·
1297 2586 1307 2603 ,
1344 2557 1440 2592 unde
1477 2556 1568 2592 licet
1593 2556 1662 2592 ob-

947 2619 1090 2644 servare
1117 2610 1254 2643 varium
1281 2618 1383 2642 usum
1411 2610 1544 2640 notae:
1580 2615 1661 2641 nam

948 2656 1035 2691 haec
1067 2658 1279 2703 plerumque
1312 2656 1391 2691 illic
1433 2658 1590 2706 est-pro
1614 2664 1662 2696 m,

948 2705 1136 2750 aliquando
1163 2716 1226 2751 pro
1253 2718 1281 2748 s,
1308 2715 1380 2739 non
1407 2713 1487 2739 raro
1513 2702 1662 2738 ablativi

948 2764 1047 2787 casus
1086 2760 1201 2799 nota,
1243 2755 1279 2789 id
1315 2752 1411 2800 quod
1454 2762 1551 2786 nunc
1593 2761 1663 2786 usn

946 2803 1056 2836 venit.

1017 2851 1207 2886 Moesicis.-
1240 2861 1329 2887 vera
1358 2850 1512 2884 nominis
1548 2847 1663 2883 forma

947 2908 966 2930 a
991 2909 1047 2933 me
1074 2901 1233 2945 reposita
1270 2901 1307 2934 in
1336 2898 1461 2933 codice
1487 2895 1544 2932 Ma
1567 2905 1660 2941 pau·-

946 2945 1017 2980 lum
1043 2948 1079 2981 in
1106 2949 1264 2983 deterius
1304 2947 1450 2982 deflexit
1486 2945 1662 2994 (Μοισαί-

945 2995 1034 3043 cis),
1082 2997 1229 3033 librario
1266 2996 1420 3032 fortasse
1454 2994 1500 3030 de
1535 2994 1662 3039 noym
