1768 3216
176 271 250 305 343
757 262 1070 300 HISTORIARVM
1452 277 1484 302 a.
1511 272 1547 302 α’.
1575 267 1660 304 823.

173 386 383 437 resumite,
417 383 597 436 abruptis
627 382 921 437 voluptatibus,
955 383 1101 437 quibus
1132 384 1309 426 Romani
1337 383 1428 438 plus
1459 384 1662 429 adversus

171 462 380 504 subiectos
410 471 530 512 quam
562 457 687 499 armis
719 457 871 500 valent.
933 458 1132 500 Sincerus
1164 463 1205 499 et
1244 459 1409 514 integer
1447 463 1488 501 et
1527 460 1666 504 servi-

171 535 263 576 tutis
295 533 443 574 oblitus
474 533 647 587 populus
676 537 745 574 aut
775 545 828 575 ex
858 545 992 587 aequo
1025 533 1157 589 agetis
1189 536 1258 575 aut
1287 533 1379 576 aliis
1404 533 1666 588 imperitabi-

166 606 245 649 tis‘.
295 607 627 663 Agrippinenses
659 612 819 662 sumpto
848 608 1110 651 consultandi
1138 609 1299 662 spatio,
1330 607 1496 663 quando
1529 618 1735 663 neque65

134 682 306 727 ssubire
336 683 600 724 conditiones
631 687 763 725 metus
794 683 918 725 futuri
949 695 1084 738 neque
1114 684 1250 738 palam
1277 684 1491 738 aspernari
1511 682 1688 734 eondir

165 758 221 799 tio
261 770 460 812 praesens
507 759 694 811 sinebat,
738 759 780 799 in
826 759 936 801 hunc
980 759 1146 801 modum
1193 759 1462 814 respondent.
1529 754 1662 809 ‘Quae

164 834 294 887 prima
324 833 526 875 libertatis
558 833 731 876 facultas
762 834 974 886 data·est‚
1009 834 1170 876 avidius
1202 846 1322 888 quam
1354 834 1515 877 cautius
1546 845 1664 877 sum-

163 908 334 961 psimus,
367 911 408 949 ut
439 908 558 949 vobis
589 908 824 962 ceterisque
857 908 1099 961 Germanis,
1133 908 1460 964 consanguineis
1489 909 1661 962 nostris,

164 982 445 1036 iungeremur.
505 982 644 1024 Muros
676 983 868 1036 civitatiS,
902 984 1254 1039 congregantibus
1283 996 1330 1027 se
1361 997 1454 1026 cum
1485 984 1662 1026 maxime

114 1057 444 1099 wRomanorum
476 1058 757 1111 exercitibus,
803 1069 959 1113 augere
1003 1058 1124 1100 nobis
1165 1071 1285 1113 quam
1327 1058 1496 1101 diruere
1537 1058 1661 1100 tutius

165 1135 241 1173 est.
303 1132 345 1174 Si
376 1132 443 1185 qui
476 1145 528 1173 ex
569 1132 683 1174 ltalia
731 1137 800 1174 aut
837 1132 1068 1186 provinciis
1119 1133 1384 1189 alienigenae
1424 1134 1466 1176 in
1511 1133 1663 1176 finibus

165 1206 318 1248 nostris
350 1206 541 1259 suerunt,
592 1219 666 1249 eos
694 1207 846 1249 bellum
879 1208 1129 1262 absumpsit,
1158 1209 1239 1251 vel
1269 1209 1310 1250 in
1351 1220 1448 1251 suas
1487 1208 1662 1262 quisque

162 1279 286 1321 sedes
317 1280 575 1335 refugerunt.
636 1281 835 1324 Deductis
868 1282 965 1324 olim
997 1287 1036 1324 et
1066 1283 1284 1324 nobiscum
1312 1295 1389 1337 per
1411 1282 1662 1326 connubium

161 1355 348 1407 sociatis,
380 1355 532 1410 quique
561 1368 659 1398 mox
688 1362 987 1410 provenerunt,
1021 1358 1126 1399 haec
1170 1359 1302 1412 patria
1342 1362 1430 1410 est3
1458 1371 1538 1400 nee
1585 1370 1662 1400 vos

68 1416 82 1432 ⁵
101 1418 149 1468 '¹3
161 1429 267 1472 adeo
296 1430 458 1484 iniquos
491 1432 774 1474 existimamus
807 1437 851 1473 ut
880 1432 1055 1474 interfici
1088 1447 1110 1474 a
1142 1434 1264 1475 nobis
1294 1437 1490 1487 parentes
1511 1433 1662 1475 fratres

159 1503 317 1546 liberos
347 1510 515 1547 nostros
546 1506 696 1547 velitis.
757 1506 947 1561 Vectigal
979 1511 1019 1548 et
1051 1519 1180 1549 onera
1206 1508 1556 1550 commerciorum
1586 1520 1661 1549 re·-

161 1580 374 1622 solvimuS.
437 1581 525 1623 Sint
548 1581 744 1622 transitus
776 1582 1046 1634 incustoditi,
1091 1582 1165 1623 sed
1208 1582 1345 1624 diurni
1382 1587 1423 1624 et
1462 1584 1660 1637 inermes,

162 1655 298 1697 donee
329 1668 439 1698 nova
471 1660 511 1697 et
542 1657 728 1698 recentia
758 1657 847 1698 iura
879 1658 921 1698 in
950 1661 1192 1699 vetustatem
1225 1658 1528 1700 consuetudine
1559 1666 1662 1702 ver-

161 1734 309 1772 tantur.
370 1731 583 1773 Arbitrum
614 1732 856 1774 habebimus
887 1732 1060 1774 Civilem
1093 1736 1133 1774 et
1163 1732 1384 1788 Veledam,
1416 1733 1524 1788 apud
1555 1745 1660 1787 quos

109 1810 280 1860 nopacta
311 1803 577 1848 sancientur'.
638 1807 707 1849 Sic
739 1806 876 1849 lenitis
908 1808 1139 1860 Tencteris,
1172 1807 1301 1862 legati
1331 1808 1383 1851 ad
1407 1808 1590 1851 Civilem
1621 1812 1663 1851 et

297 1962 332 1997 3.
364 1962 442 1995 auis
471 1959 544 1994 Ma:
573 1961 600 1995 G
626 1961 719 1995 aliis.
797 1962 831 1996 5.
859 1962 994 1996 condic.
1025 1961 1111 1996 Or.
1143 1962 1171 1996 G
1193 1962 1409 1998 conditiones
1434 1968 1470 1997 et
1496 1964 1659 1999 conditio.

164 2010 387 2054 12.fuerunt
416 2009 552 2045 editor.
579 2009 722 2044 codices
749 2012 904 2055 fuerant
998 2011 1052 2045 13.
1080 2012 1224 2056 refuyer
1251 2023 1330 2045 cum
1366 2012 1428 2046 lin.
1460 2011 1511 2059 (h.
1539 2023 1572 2047 e.
1599 2023 1661 2046 re-

158 2060 338 2103 fugerunt)
357 2056 434 2091 Ma:
460 2059 622 2102 refuyere
639 2058 677 2091 G.
739 2059 922 2092 conubium
948 2057 1026 2092 Ma:
1056 2058 1083 2093 G
1111 2059 1332 2093 connubium.
1402 2060 1457 2095 14.
1484 2061 1661 2096 societatis

159 2104 226 2148 Ma,
250 2106 286 2138 in
313 2117 384 2152 mg.
412 2105 454 2139 ab
484 2105 605 2140 eadem
634 2117 739 2140 manu
765 2107 812 2140 al.
844 2107 1010 2140 sociatis:
1039 2106 1066 2141 G
1093 2109 1307 2142 consociatis.
1379 2119 1555 2153 provener
1581 2119 1661 2144 cum

159 2153 222 2188 lin.
251 2154 304 2199 (h.
333 2165 364 2188 e.
388 2158 646 2201 provenerunt)
675 2154 749 2188 Ma:
773 2166 966 2200 provenere
994 2153 1032 2189 G.
1123 2156 1177 2190 17.
1208 2156 1425 2191 incustoditis
1451 2156 1526 2192 Ma:
1556 2157 1661 2192 incu-

160 2202 278 2236 stoditi
303 2202 342 2236 G.
425 2202 479 2237 19.
509 2202 693 2236 uelaedam
724 2202 789 2238 Ma.

160 2345 455 2387 interpretantem
492 2342 707 2388 superiorem
746 2346 780 2376 et
814 2342 874 2376 in-
1017 2342 1048 2375 si
1074 2342 1190 2386 qui—
1207 2343 1374 2387 fuerunt:
1404 2342 1528 2377 dieunt
1555 2343 1661 2388 equi-

166 2392 345 2438 seriorem.

233 2441 353 2483 quibus
378 2439 532 2474 Romani
558 2459 604 2466 —
630 2439 767 2474 valentt
806 2439 874 2472 hoe

162 2488 246 2534 quid
275 2488 343 2522 sibi
370 2487 460 2521 velit
485 2487 625 2521 Tacitus
665 2490 741 2532 ipse
769 2487 876 2521 docet

160 2538 202 2571 A.
230 2547 261 2570 c.
293 2537 352 2570 21.
454 2548 497 2569 esc
523 2547 632 2580 aequo
660 2536 796 2581 agetis:
826 2536 872 2569 cf.

161 2585 246 2630 Agr.
276 2596 307 2619 c.
332 2584 392 2619 20.

234 2631 319 2677 Cap.
347 2631 406 2666 65.
463 2643 550 2676 quae
575 2633 694 2678 prima
725 2651 760 2656 —
791 2633 875 2665 iun-

161 2691 342 2737 get-emur:
377 2690 466 2726 gens
493 2680 624 2714 callida
649 2681 685 2713 in
713 2681 874 2713 oratione

163 2730 312 2776 egiegie
364 2733 561 2773 temperata
609 2727 709 2763 hisce
755 2728 875 2762 verbis

162 2777 355 2822 respondet
382 2776 425 2810 ad
451 2777 526 2820 illa,
555 2787 646 2821 quae
672 2777 715 2811 de
740 2776 876 2810 auxilio

164 2827 307 2860 deorum
336 2825 477 2871 legatus
515 2825 793 2859 transrhenanus
819 2824 876 2858 di.-

164 2879 289 2916 xerat,
331 2875 479 2917 primum
527 2873 704 2908 monendo
741 2884 805 2907 sua
838 2883 877 2907 se

166 2922 351 2956 voluntate
382 2927 417 2955 et
443 2921 560 2955 studio
588 2922 630 2956 ad
658 2927 775 2966 partes
788 2921 878 2956 Ger-

166 2981 347 3003 manorum
374 2972 590 3013 accessisse,
624 2981 696 3004 non
731 2969 877 3004 deorum

167 3019 312 3052 numine
342 3017 545 3062 compulsos
576 3028 668 3053 esse.

945 2395 999 2425 tes
1026 2390 1204 2424 Romanos
1241 2391 1279 2424 in
1316 2391 1514 2435 provinciis
1541 2401 1659 2436 nego-

944 2440 994 2472 tia
1019 2444 1163 2473 secutos
1190 2443 1226 2472 et
1241 2439 1438 2485 vectigalia
1458 2440 1661 2486 exigentes,

945 2489 1051 2521 etiarn
1077 2488 1174 2521 viros
1199 2487 1383 2521 militares.
1449 2487 1553 2529 Quod
1579 2493 1661 2523 ante

946 2535 1136 2580 legebatur
1160 2536 1191 2567 si
1217 2536 1275 2578 qui
1301 2556 1346 2561 ——
1372 2537 1542 2580 fuerant,
1582 2547 1661 2571 ma-

943 2582 1077 2616 nifesto
1116 2583 1282 2629 vitiatum
1329 2588 1410 2626 est,
1461 2589 1496 2618 et
1541 2585 1661 2618 mendi

944 2631 1047 2676 origo
1089 2631 1214 2665 eadem
1251 2642 1355 2676 quam
1391 2642 1421 2665 c.
1449 2631 1496 2666 63
1529 2631 1662 2677 depre-

948 2679 1158 2722 hendimus,
1196 2679 1229 2713 h.
1259 2691 1290 2714 e.
1327 2681 1508 2714 recentior
1545 2681 1662 2715 scriba

948 2729 983 2760 in
1011 2727 1213 2775 ἀρχετύπῳ
1240 2729 1271 2761 Α
1297 2728 1388 2774 legit
1413 2738 1476 2772 pro
1507 2729 1548 2763 V.

1019 2776 1172 2810 deductis
1200 2775 1303 2810 olim.-
1349 2777 1473 2811 dicunt
1514 2780 1660 2811 vetera-

946 2834 1011 2858 nos
1039 2825 1102 2857 sub
1130 2825 1292 2869 principe
1321 2823 1472 2859 Claudio
1499 2835 1591 2859 anno
1614 2825 1661 2860 48

948 2877 1026 2916 post
1042 2871 1123 2906 Chr.
1152 2878 1271 2906 natum
1302 2874 1335 2905 in
1365 2872 1457 2907 hanc
1483 2873 1660 2908 coloniam

949 2921 1146 2956 deductos:
1176 2921 1237 2955 XII
1265 2921 1322 2956 27.

1020 2971 1089 3003 sint
1117 2971 1285 3004 transitus
1323 2969 1544 3004 incustoditi.-
1583 2970 1660 3004 for-

948 3028 1005 3051 ma
1038 3018 1256 3053 incustoditis
1295 3015 1513 3052 assimilandi
1553 3017 1659 3052 aber-
