1768 3216
148 232 171 264 6
728 199 1037 246 ulsTOmARvn

1419 200 1452 226 a.
1477 194 1516 222 ι.
1540 183 1628 223 822.

130 343 279 401 ‘prope
306 339 428 382 etiam
444 332 679 378 Parthorum
713 336 824 368 arma
851 320 948 365 falsi
963 314 1143 374 Neronis
1174 309 1370 354 ludibrio.
1421 306 1508 350 lam
1527 314 1632 348 vero

863 379 873 383 ἢ
879 379 963 386 ,ηᾲη
969 375 1030 383 ‘a‘-
1039 376 1043 378 ,

152 419 268 462 Italia
297 414 415 457 novis
445 407 627 452 cladibus
656 402 723 446 vel
742 403 836 456 post
862 398 1031 451 longam
1061 389 1295 454 seculorum
1323 383 1478 428 seriem
1503 392 1635 437 repe-

111 513 116 527 =
155 493 238 536 titis
273 489 447 532 adflicta.
503 482 681 535 Haustae
711 480 780 521 aut
809 475 981 516 obrutae
1006 469 1159 520 urbes,
1180 453 1319 534 Qsta)
1337 454 1636 503 fecundissima

159 564 398 621 Campaniae
432 572 519 602 ora.

128 651 147 683 ⁵
159 643 224 698 qui

579 557 630 598 Et
655 553 755 611 HQS
786 546 992 592 incendiis
1022 545 1208 593 vastata,
1237 532 1492 590 consumptis
1524 529 1638 576 anti-

227 639 361 683 ssimis
402 631 609 683 delubris,
654 606 744 683 ipso
794 621 995 679 Capitolio
1035 617 1185 660 civium
1226 612 1415 656 manibus
1446 608 1636 652 incenso.

156 717 335 761 Pollutae
365 707 656 757 caerimoniae,
687 713 836 757 magna
869 694 1084 740 adulteria.
1143 691 1310 757 Plenum
1341 684 1478 730 exiliis
1507 694 1638 734 mare,

158 791 301 836 infecti
331 785 526 831 caedibus
555 778 725 835 scopuli.
785 773 980 818 Atrocius
1020 771 1062 812 in
1089 768 1193 810 urbe
1232 763 1446 808 saevitum.
1505 757 1640 802 Nobi-

159 868 253 910 litas
285 875 409 918 opes,
443 856 585 902 omissi
615 854 804 911 gestique
834 850 1015 892 honores
1043 855 1119 901 pro
1152 840 1348 892 crimine,
1392 839 1434 881 et
1464 834 1520 879 ob
1551 832 1644 876 vir-

163 945 270 984 tutes
298 935 567 981 certissimum
596 929 775 974 exitium.
834 924 921 968 Nec
950 922 1083 965 minus
1112 916 1294 975 praemia
1325 912 1554 957 delatorum
1574 908 1646 951 in-

301 1061 338 1096 3.
363 1056 437 1104 affl.
465 1054 522 1090 Or.

170 1109 264 1158 fecti.
338 1106 410 1142 ced.
437 1103 502 1139 Ma.

173 1236 253 1262 cus:
281 1225 426 1262 Sueton.
452 1220 582 1256 Domit.
608 1217 651 1254 6:
687 1218 726 1251 in
751 1217 870 1252 Dacos

173 1276 259 1311 duas
284 1271 542 1320 (expeditiones
567 1267 760 1313 suscepit),
791 1263 871 1311 pri-

174 1335 263 1359 mam
297 1321 404 1368 Oppio
438 1318 568 1353 Sabino
598 1314 775 1351 consulari
808 1324 872 1359 op-

172 1382 311 1419 presso,
348 1367 534 1403 secundam
568 1363 730 1401 Cornelio
766 1362 873 1396 Fusco

173 1421 351 1467 praefecto
395 1416 585 1451 cohortium
621 1412 875 1459 praetoriana-

177 1480 266 1511 rum,
293 1467 349 1501 cui
371 1465 450 1500 belli
464 1474 629 1498 summam
648 1462 875 1496 commiserat.

178 1519 233 1553 De
272 1516 404 1551 Chattis
446 1513 618 1556 Dacisque
650 1516 727 1556 post
776 1510 880 1543 varia

175 1564 314 1612 proelia
347 1562 514 1608 duplicem
549 1559 757 1604 triumphum
800 1558 878 1603 egit.

180 1613 235 1649 cf.
276 1611 435 1658 Agricol.
476 1611 534 1645 41.
585 1609 653 1643 Dio
686 1606 811 1641 van
845 1606 880 1648 6,

177 1661 320 1696 LXVIII
345 1660 379 1694 9.
429 1658 576 1702 Eutrop.
604 1656 742 1691 v1123.
780 1655 880 1689 Oros.

180 1710 242 1744 VII
272 1709 327 1745 10.
372 1707 470 1749 Quae
495 1707 530 1740 in
546 1703 798 1749 superstitibus
815 1704 880 1737 Hi-

177 1759 362 1793 storiarum
389 1755 486 1790 libris
514 1754 556 1788 de
582 1753 688 1788 Dacis
713 1751 880 1787 reserun-

178 1811 235 1839 tur
261 1804 398 1849 (11146,
425 1803 474 1837 lv
501 1802 579 1848 54),
605 1811 676 1834 non
702 1802 882 1845 pertinent

179 1854 223 1888 ad
252 1852 369 1887 clades
394 1855 532 1884 mutuas
561 1849 686 1894 quibus
711 1849 883 1883 nohilita-

179 1907 236 1937 tus
262 1906 315 1935 est
340 1899 468 1934 Dacus.

252 1948 336 1994 falsi
362 1947 512 1982 Neronis
539 1945 708 1979 ludibrio:
745 1949 798 1978 est
824 1944 887 1979 ille

181 1997 240 2043 qui
281 2005 371 2031 anno
415 1993 596 2030 841=88
637 1993 767 2039 viginti
809 1998 888 2037 post

180 2046 330 2081 Neronis
357 2053 541 2078 excessum
569 2042 669 2076 annis
694 2041 787 2085 apud
802 2041 888 2075 Par-

181 2095 262 2128 thos
297 2093 426 2128 extitit.
477 2092 622 2126 Sueto-n.
656 2090 786 2124 Neron.
829 2091 886 2125 57.

181 2142 339 2177 Lactant.
377 2141 420 2174 de
452 2140 552 2174 Mort.
580 2149 718 2183 perseo.
748 2149 824 2182 cap.
853 2141 885 2174 2.

181 2191 283 2225 Alius
317 2189 533 2223 mentionem
570 2188 656 2221 fecit
681 2187 820 2220 Tacitus
844 2187 886 2222 H.

183 2238 274 2282 118,
306 2238 412 2272 alium
448 2236 511 2271 sub
546 2235 621 2269 Tito
650 2240 889 2281 emergentem

184 2287 338 2322 Zonaras
366 2285 411 2319 XI
439 2285 482 2319 18
508 2285 715 2318 nominavit.

256 2334 400 2369 haustae
426 2339 486 2368 aut
510 2333 651 2366 obrutae
675 2333 787 2376 urbes,
814 2338 891 2366 usta

186 2383 432 2428 secundissima
469 2381 683 2426 Campaniae
716 2393 798 2414 ora.-
832 2382 890 2426 qui

186 2442 311 2465 vocem
337 2431 489 2475 aliquam
508 2430 543 2463 in
565 2429 745 2463 codicibus
766 2430 890 2464 deesse

187 2484 343 2515 statuere
371 2489 507 2513 mecum
544 2477 718 2520 noluerit,
755 2479 786 2512 ei
821 2483 891 2512 tres

188 2528 260 2562 loci
287 2525 498 2571 expediendi
528 2528 683 2561 rationes
698 2526 891 2569 restabunt,

189 2581 227 2609 ut
253 2580 311 2610 aut
337 2576 460 2619 iungat
486 2575 638 2608 Haustae
670 2580 728 2608 aul
752 2575 893 2608 obrutae

187 2624 300 2666 urbes,
327 2624 572 2667 fecundissima
587 2624 800 2669 Campaniae
816 2636 891 2658 ora.

190 2671 238 2706 Et
273 2671 376 2715 urbs,
412 2677 449 2704 ut
485 2671 570 2704 fecit
600 2671 808 2713 Bckkerus,
836 2678 892 2705 aut

191 2720 342 2754 Haustae
391 2726 451 2754 aut
502 2719 644 2753 obrutae
691 2720 792 2753 urbes
837 2723 892 2765 se-

192 2768 400 2802 cundissima
450 2768 666 2814 Campaniae
717 2779 791 2802 ora.
845 2769 893 2802 Et

192 2817 270 2850 urbs
297 2821 356 2850 aut
383 2816 535 2850 Haustae
573 2823 633 2851 aut
659 2817 800 2851 obrutae
827 2829 892 2851 ur·-

194 2865 260 2899 bes.
308 2865 562 2899 Fecundissima
593 2867 809 2911 Campaniae
833 2877 897 2899 ora

195 2918 225 2945 et
251 2913 330 2945 urbs
366 2917 432 2947 cet.
482 2913 534 2947 De
578 2914 739 2948 omnibus
773 2914 896 2949 ordine

196 2958 320 2995 dicam.
371 2959 407 2996 Si
448 2961 611 3008 iungatur
645 2963 799 2999 Haustae
839 2968 899 2998 aut

595 1056 674 1087 usta
698 1050 867 1085 insertum
891 1045 934 1082 ab
961 1044 1109 1080 editore.

1208 1041 1242 1076 7.
1268 1039 1403 1085 infecta
1428 1032 1505 1071 Ma:
1533 1032 1562 1069 G
1586 1031 1648 1068 in-

937 1211 1080 1247 obrutae
1104 1207 1227 1251 urbes,
1263 1201 1515 1253 fecundissima
1542 1200 1653 1237 Cam-

935 1261 1067 1309 paniae
1093 1269 1181 1302 ora,
1214 1259 1254 1290 ut
1283 1253 1424 1301 secund.
1454 1251 1494 1287 C.
1523 1260 1590 1286 ora
1614 1250 1653 1286 in

941 1309 1166 1356 appositione
1202 1305 1272 1348 sit,
1315 1303 1351 1338 id
1383 1311 1469 1338 sane
1501 1300 1651 1335 nimium

943 1364 996 1394 est
1022 1363 1058 1392 et
1082 1355 1224 1391 veritati
1258 1363 1330 1388 non
1356 1354 1650 1393 consentaneum,

944 1407 1157 1452 Campaniae
1187 1414 1282 1437 oram
1306 1402 1467 1436 haustam
1492 1410 1565 1435 esse
1592 1402 1654 1434 aut

945 1457 1113 1491 obrutam.
1164 1451 1313 1487 Accedit
1351 1449 1445 1496 quod
1478 1449 1555 1495 ipsa
1587 1457 1655 1494 ap-

946 1504 1075 1551 positio
1101 1504 1197 1536 iners
1225 1505 1279 1535 est
1304 1505 1339 1535 et
1364 1499 1507 1534 sinistre
1533 1496 1655 1541 allate,

947 1555 1078 1600 quippe
1110 1551 1256 1585 haustae
1288 1555 1348 1584 aut
1386 1548 1531 1583 obrutae
1555 1546 1657 1581 urbes

948 1607 1029 1636 sunt
1067 1601 1178 1646 ipsius
1220 1598 1434 1644 Campaniae
1478 1592 1656 1631 civitates.

949 1652 1010 1687 Sin
1049 1649 1235 1696 legamus,
1270 1652 1309 1682 ut
1342 1647 1419 1692 ipse
1453 1645 1538 1680 olim
1571 1643 1658 1687 feei,

949 1701 1108 1734 Haustae
1134 1703 1195 1732 aut
1221 1697 1365 1731 obrutae
1395 1694 1497 1729 urbes
1532 1695 1660 1740 [ecun-

949 1749 1091 1783 dissima
1119 1746 1337 1793 Campaniae
1363 1755 1439 1778 ora.
1491 1742 1541 1778 Ee
1566 1741 1662 1786 urbs,

950 1808 1012 1832 cur
1035 1796 1175 1831 Tacitus
1202 1793 1446 1841 ambiguitatis
1472 1791 1664 1828 evitandae

952 1855 1058 1880 causa
1083 1844 1384 1889 praepositionem
1411 1842 1451 1875 in
1474 1851 1545 1875 non
1559 1839 1664 1875 adie-

954 1894 1061 1936 cerit,
1100 1893 1161 1926 vix
1186 1902 1340 1936 unquam
1370 1891 1455 1924 satis
1482 1889 1665 1934 explicare

954 1942 1171 1987 poterimus3
1201 1939 1283 1974 dein
1303 1939 1351 1973 Et
1365 1938 1446 1973 urbs
1467 1942 1547 1983 post
1564 1937 1667 1972 urbes

956 1990 1170 2036 Campaniae
1195 1988 1350 2033 pessime
1384 1987 1547 2022 infertur.
1597 1986 1668 2021 Ρο-

957 2044 1086 2074 stremo
1114 2039 1143 2072 si
1171 2037 1443 2083 distinguamus,
1473 2041 1512 2070 ut
1537 2037 1573 2070 in
1598 2046 1667 2071 ve-

956 2088 1092 2122 teribus
1119 2085 1293 2130 exemplis
1320 2090 1355 2120 et
1384 2084 1475 2130 apud
1502 2084 1669 2120 Walthe-

956 2147 1052 2180 rum,
1087 2136 1243 2170 Haustae
1275 2139 1336 2169 aut
1372 2134 1516 2168 obrutae
1546 2133 1669 2168 urbes:

957 2185 1205 2231 fecundissima
1223 2183 1442 2230 Campaniae
1461 2194 1527 2217 ora
1546 2182 1671 2217 eturbs

957 2239 1031 2268 tota
1063 2233 1135 2268 loci
1168 2233 1390 2266 concinnitas
1422 2231 1671 2277 corrumpitur.

956 2282 1042 2318 Nam
1077 2292 1167 2327 quae
1203 2281 1396 2316 cohaerent
1430 2281 1577 2316 haustae
1613 2285 1673 2315 aut

958 2333 1101 2365 obrutae
1127 2331 1228 2364 urbes
1247 2335 1352 2376 atque
1372 2330 1590 2376 Campaniae
1607 2341 1675 2364 ora

959 2379 1320 2424 divelluntur-‚quae
1360 2390 1430 2412 non
1465 2378 1672 2422 cohaerent,

959 2429 1172 2473 Campaniae
1219 2438 1281 2462 ora
1333 2429 1459 2462 montis
1505 2427 1672 2463 incendio

959 2482 1095 2512 vastata
1121 2482 1156 2511 et
1182 2477 1263 2511 urbs
1282 2478 1413 2511 civium
1427 2476 1589 2511 manibus
1612 2481 1675 2511 aut

961 2538 1043 2560 casu
1061 2527 1219 2569 incensa,
1242 2527 1518 2571 coniunguntur.
1548 2525 1674 2560 Omni-

960 2586 1005 2608 no
1040 2576 1102 2619 pei·
1131 2586 1169 2608 se
1198 2579 1360 2608 constare
1381 2586 1473 2620 quae
1507 2574 1551 2608 de
1588 2573 1675 2609 urbe

961 2624 1070 2657 Roma
1097 2624 1284 2665 dicuntur,
1312 2623 1345 2657 id
1374 2628 1408 2657 et
1437 2623 1541 2656 decet
1568 2628 1604 2656 et
1630 2635 1673 2657 ex

953 2671 1088 2706 *additis
1115 2672 1186 2705 illis
1224 2673 1431 2717 consumptis
1459 2694 1497 2697 -—v-
1531 2673 1676 2706 incenso

962 2722 1045 2754 satis
1087 2720 1275 2754 manifesto
1324 2721 1552 2766 intelligitur.
1606 2720 1676 2754 Iam

963 2771 990 2802 si
1017 2769 1157 2803 Tacitus
1184 2770 1338 2814 scripsit,
1368 2774 1406 2802 ut
1433 2780 1502 2815 ego
1524 2770 1676 2812 conieci,

963 2818 1119 2851 Haustae
1161 2824 1218 2851 aut
1255 2819 1401 2851 obrutae
1439 2818 1562 2860 urbes,
1601 2824 1680 2852 usta

964 2866 1210 2911 fecundissima
1254 2867 1471 2912 Campaniae
1497 2877 1573 2901 ora.
1628 2867 1677 2902 Et

965 2915 1067 2956 urbs,
1111 2925 1153 2949 ae
1201 2916 1230 2948 si
1270 2920 1383 2949 ustam
1426 2916 1555 2949 montis
1603 2915 1679 2950 Ve-

967 2963 1061 3000 suvii
1104 2963 1278 2999 incendiis
1325 2974 1418 2999 oram
1464 2963 1679 3011 Campaniae
