1768 3216
727 241 816 278 Cu.
846 241 1000 278 15-·16.

137 355 270 412 ‘msam
299 357 508 400 coloniam
536 358 731 401 invasere
760 363 805 400 ut
833 359 979 402 sedem
1005 358 1231 401 servitutis.

138 430 331 475 barbaris
355 432 560 475 saevitiae
588 445 723 488 genus
761 433 903 475 omisit
943 433 1004 474 ira
1049 436 1091 474 et
1131 431 1324 481 victoria.

1560 240 1633 275 111

1299 357 1389 405 Nec
1427 356 1555 400 ullum
1591 357 1635 399 in

1391 431 1512 481 Quod
1551 430 1636 474 nisi

136 505 329 549 Paulinus
357 507 527 563 cognito
554 508 799 562 provinciae
827 512 942 550 motu
970 519 1150 562 propere
1171 505 1452 559 subvenisset,
1483 505 1636 548 amissa

135 580 350 624 Britannia
381 582 491 625 foret
506 597 519 635 3
561 595 682 637 quam
711 583 834 625 unius
861 582 1012 636 proelii
1042 582 1208 624 fortuna
1244 581 1377 624 veteri
1410 580 1636 635 patientiae

136 656 342 709 restituit,
388 657 626 700 tenentibus
668 671 783 700 arma
824 657 1038 712 plerisque
1078 668 1184 711 quos
1224 656 1483 698 conscientia
1513 655 1668 698 dese-5

137 729 290 773 etionis
319 735 361 774 et
389 732 560 786 propius
591 745 644 774 ex
672 732 813 787 legato
845 733 970 774 timor
1002 731 1210 787 agitabat,
1259 744 1344 784 ne,
1390 742 1636 785 quamquam

141 806 341 862 egregius
372 810 539 860 cetera,
586 807 843 862 adroganter
873 807 917 848 in
948 807 1114 849 deditos
1141 810 1206 858 et,
1250 810 1296 847 ut
1334 818 1437 848 suae
1473 817 1638 860 quoque

137 880 317 928 iniuriae
344 881 470 933 ultor,
502 881 646 922 durius
677 881 929 923 consuleret.
975 880 1125 922 Missus
1154 880 1282 935 igitur
1299 880 1514 922 Petronius
1530 879 1639 922 Tur-

136 955 334 1010 pitianus,
363 959 571 1010 tamquam
590 955 876 1006 exorabilior3
909 959 951 996 et
969 955 1134 997 delictis
1153 954 1333 996 hostium
1353 966 1488 996 novus
1504 965 1638 1008 eoque

134 1029 415 1084 paenitentiae
455 1030 619 1083 mitior,
663 1029 906 1084 compositis
942 1029 1182 1084 prioribus,
1223 1029 1327 1070 nihil
1362 1029 1470 1070 ultra
1511 1040 1637 1071 ausus
1659 1037 1700 1068 to

138 1102 346 1147 Trebellio
376 1104 556 1147 Maximo
583 1104 844 1158 provinciam
874 1104 1060 1146 tradidit.

1131 1103 1361 1146 Trebellius
1391 1103 1565 1159 segnior
1599 1107 1641 1144 et

138 1178 264 1222 nullis
295 1183 526 1221 castrorum
559 1179 854 1233 experimenfis
886 1179 1083 1221 comitate
1115 1178 1291 1233 quadarn
1321 1179 1496 1220 curandi
1537 1189 1642 1233 pro-

130 1253 320 1296 vinciam
338 1254 495 1296 ‘tenuit.
542 1253 740 1295 Didicere
771 1254 853 1295 iam
883 1253 1053 1295 barbari
1074 1265 1238 1307 quoque
1256 1253 1498 1308 ignoscere,
1526 1253 1639 1295 vitiis

137 1326 447 1371 blandientibus
464 1343 478 1380 3
509 1332 550 1370 et
566 1328 826 1370 interventus
846 1327 1028 1370 civilium
1051 1339 1259 1370 armorum
1279 1327 1471 1382 praebuit
1489 1327 1639 1369 iustam

140 1403 351 1459 segnitiae
381 1403 711 1445 excusationem.
773 1403 855 1445 Sed
889 1402 1100 1444 discordia
1132 1402 1361 1445 laboratum
1380 1433 1391 1455 ,
1436 1414 1528 1444 cum
1558 1401 1639 1444 ad·
1653 1417 1694 1447 ιε

281 1534 315 1570 2.
344 1535 457 1569 omisit
482 1536 563 1571 ΓΔε
590 1533 808 1568 Puteolanus
834 1534 961 1568 amisit.

1074 1535 1109 1569 5.
1134 1532 1291 1579 plerique
1315 1535 1361 1576 A,
1388 1543 1459 1567 non
1486 1535 1526 1569 Γ.
1599 1533 1636 1569 6.

137 1584 276 1628 nequa?
302 1585 341 1626 Γ,
365 1584 402 1616 in
428 1594 499 1629 mg.
526 1583 593 1627 nei}
619 1582 770 1617 relatum
798 1582 841 1617 ad
868 1582 1015 1626 primam
1038 1582 1212 1626 syllabam
1238 1586 1277 1614 ut
1302 1582 1348 1615 sit
1369 1591 1636 1626 nequamquum.

139 1632 175 1666 Δ
196 1642 417 1676 nequaquam
442 1632 613 1678 egregius.
648 1631 787 1666 Cetera.

138 1680 278 1725 eiusque
303 1681 375 1716 ΓΔ.

137 1729 262 1763 missus
288 1727 471 1762 Petronius
492 1728 702 1763 Beroaldus.

143 1777 198 1813 ¹5.
225 1777 395 1812 saevitiae
421 1779 467 1820 Δ,
493 1787 566 1811 uon
593 1778 627 1812 Γ.

138 1906 275 1940 iectivo
300 1905 518 1952 (eqreqius),
555 1913 627 1938 nou
662 1915 741 1938 cum
767 1914 854 1948 pro-

138 1955 296 1989 nomine.
323 1953 540 1988 Puteolanus
560 1963 623 1997 pro
649 1964 705 1995 ne,
730 1964 855 1997 quam-

139 2013 243 2047 quam
270 2001 378 2037 habet
403 2002 462 2036 In‘c
487 2014 584 2044 cum,
611 2003 855 2035 coniecturam

139 2051 184 2086 ab
208 2051 287 2096 ipso
311 2052 456 2086 sinistre
475 2051 728 2096 excogitatam,
751 2061 855 2095 quam

138 2103 178 2132 ut
217 2098 319 2135 salva
357 2104 536 2134 structura
569 2103 694 2133 tenere
735 2102 857 2142 posset

140 2147 359 2191 Beroaldus,
391 2148 545 2192 amplius
577 2148 750 2191 expunxit
785 2147 856 2192 ‘'9¹‘-

138 2202 208 2241 tur,
236 2198 426 2242 sequentia
451 2207 530 2230 cum
548 2195 602 2229 his
629 2197 857 2241 coniungen-

138 2244 197 2279 do.
250 2246 400 2279 Wexius
443 2255 477 2289 p.
513 2245 554 2278 15
588 2240 775 2288 proposuit
806 2243 856 2285 ni,

139 2303 346 2338 quamquam
358 2294 518 2338 eyreyius
532 2298 661 2334 cetera,
677 2302 858 2337 arroyan-

140 2347 194 2375 ter
217 2362 259 2370 -
281 2341 545 2382 consuleretsut
567 2339 656 2373 haec
681 2339 724 2372 ab
742 2349 858 2373 enun-

140 2390 228 2423 tiato
252 2389 364 2423 veteri
385 2388 579 2434 patientiam
596 2388 744 2420 restituit
766 2397 857 2430 pen-

142 2437 300 2480 dereut3
338 2437 402 2471 sed
440 2437 475 2470 id
506 2445 576 2480 quo
614 2436 730 2468 minus
764 2436 857 2468 iuste

142 2486 229 2520 lieri>
254 2487 389 2530 possit,
426 2484 623 2528 impediunt
658 2482 767 2517 verba
799 2484 857 2516 in-

145 2536 328 2580 terposita.
381 2533 531 2567 Accedit
558 2532 650 2577 quod
677 2534 729 2565 sic
753 2531 858 2565 Taci-

143 2588 200 2617 tus
236 2583 280 2617 de
309 2583 504 2623 Suetonio,
545 2581 723 2615 moderato
759 2580 857 2621 duce,

143 2633 300 2677 iniquius
325 2630 494 2664 iudicabit
532 2640 635 2674 quam
675 2630 710 2662 in
733 2628 859 2661 Anna-

143 2680 237 2714 libus
261 2679 342 2712 xlv
368 2677 561 2713 38—39.·
601 2676 726 2721 Neque
759 2680 858 2710 recte

145 2728 224 2773 quis
260 2727 469 2771 opposuerit
504 2724 662 2758 Annales
709 2734 858 2768 compo-

144 2780 288 2810 nentem
323 2774 367 2808 de
395 2773 449 2807 his
478 2773 584 2806 rebus
612 2772 740 2807 metius
768 2773 858 2806 edo-

148 2829 243 2858 ctum
276 2823 432 2856 Tacitum
473 2821 614 2855 fuisse:
659 2822 763 2854 immo
814 2832 859 2855 ex

148 2873 261 2916 ipsius
287 2871 404 2905 soceri
439 2880 503 2903 ore
541 2869 584 2903 de
612 2869 772 2902 Suetonii
803 2869 860 2903 le-

149 2921 294 2967 gatione
320 2919 490 2954 fidissima
516 2927 679 2962 quaeque
705 2928 861 2963 accepe-

148 2973 201 3007 rat
224 2972 306 3004 ante
332 2978 436 3017 quam
462 2966 553 3002 haec
579 2965 732 3002 tradidit.

944 1632 963 1643 ,-

948 1642 977 1666 A.
1013 1642 1098 1664 suae
1124 1642 1255 1675 quoque
1281 1630 1523 1664 Puteolanus:
1548 1640 1634 1664 suae

496 1679 533 1714 8.
559 1679 768 1714 consuleret.
823 1680 945 1713 missus
970 1681 1078 1724 iyitur
1104 1678 1286 1713 Petronius
1310 1681 1343 1714 Γ
1339 1681 1396 1714 A:
1424 1678 1632 1721 consuleret,

777 1728 811 1763 9.
838 1729 936 1762 novis
960 1731 1005 1772 A,
1033 1738 1102 1761 non
1131 1730 1169 1762 Γ.

1239 1728 1293 1764 10.
1321 1728 1417 1762 ausis
1438 1730 1481 1771 Δ,
1508 1736 1578 1760 uon
1593 1728 1633 1762 Γ.

994 1910 1031 1938 ut
1058 1915 1142 1938 suae
1168 1914 1299 1949 quoque
1331 1904 1488 1938 iniuriae
1518 1903 1639 1938 ultor.-

925 1953 984 1996 qui
1013 1954 1179 1987 iniuriam
1206 1953 1340 1997 populo
1368 1952 1527 1987 Romano
1554 1951 1640 1987 illa-

925 2005 994 2033 tam
1021 2003 1127 2035 etiam
1154 2006 1193 2034 ut
1226 2012 1324 2035 suam
1351 2005 1639 2047 persequeretur.

926 2049 964 2081 ln
993 2051 1024 2084 Γ
1045 2051 1183 2094 eiusque
1209 2055 1329 2083 natum
1357 2061 1402 2084 ex
1427 2051 1639 2094 compendio

929 2095 1039 2142 ῆᾳιιε,
1080 2098 1362 2132 adhaerescente
1387 2098 1527 2132 scilicet
1553 2110 1572 2132 e
1598 2109 1643 2133 ex

926 2148 1137 2193 pronomine
1151 2158 1248 2189 suae,
1268 2153 1306 2180 ut
1321 2141 1426 2193 εῗιφιε
1445 2157 1508 2191 pro
1524 2147 1644 2192 equae

927 2196 1163 2239 acciperetur.
1193 2196 1339 2229 Wexius
1365 2197 1478 2229 suasit
1501 2201 1538 2229 ut
1558 2206 1643 2230 suae

928 2244 1091 2287 cuiusque
1125 2244 1280 2276 iniuriae
1313 2243 1407 2277 ultor
1427 2269 1436 2285 ,
1473 2242 1507 2275 h.
1536 2254 1567 2277 e.
1604 2247 1643 2276 ut

927 2302 1024 2324 suam
1041 2302 1216 2335 quamque
1239 2292 1403 2324 iniuriam
1431 2290 1551 2333 ultus;
1578 2289 1643 2324 sed

929 2339 998 2372 hoc
1024 2344 1059 2371 et
1086 2338 1165 2382 plus
1193 2343 1246 2372 est
1272 2350 1376 2383 quam
1412 2349 1431 2372 a
1456 2339 1534 2372 viro
1561 2348 1642 2372 mo..

929 2386 1051 2420 derato
1079 2388 1259 2430 expectari
1286 2391 1405 2431 potest
1422 2412 1431 2429 ,
1473 2390 1507 2420 et
1532 2387 1643 2420 verba

928 2435 1092 2478 cuiusque
1131 2435 1285 2468 iniuriae
1319 2435 1424 2468 nimis
1457 2433 1644 2469 indefinita

928 2487 1022 2515 sunt.
1077 2481 1151 2516 Una
1178 2493 1219 2517 ac
1251 2494 1379 2529 magna
1419 2483 1547 2517 iniuria
1577 2483 1647 2518 de·-

929 2531 1039 2564 fectio
1069 2530 1149 2564 suit.

1002 2601 1185 2637 Petronius
1216 2602 1453 2648 Turpilianus:
1488 2602 1565 2636 xlv
1582 2601 1640 2636 39.

928 2650 982 2685 Dc
1010 2652 1140 2685 ceteris
1166 2653 1232 2685 viri
1261 2652 1341 2684 fatis
1370 2661 1404 2685 ι’.
1431 2651 1505 2684 lud.
1536 2649 1618 2683 hist.

1012 2729 1043 2756 et
1085 2723 1219 2756 delictis
1257 2722 1403 2755 hostium
1439 2731 1566 2754 novus:
1610 2724 1642 2753 el

931 2773 995 2814 (=
1023 2776 1057 2805 et
1084 2774 1186 2815 sane)
1213 2769 1391 2814 significat
1417 2769 1643 2812 cxpectatio-

931 2830 1010 2852 ncm
1038 2828 1159 2852 corum
1189 2819 1247 2862 qui
1274 2818 1445 2850 miserunt
1464 2815 1643 2860 Turpilia-

931 2877 1039 2907 num,
1075 2866 1109 2899 h.
1144 2877 1174 2898 e.
1213 2865 1363 2899 Neronis
1398 2865 1571 2908 principis
1607 2868 1643 2898 et

930 2916 1122 2948 amicorum
1155 2915 1258 2955 cius,
1305 2912 1398 2947 haud
1441 2912 1644 2948 frustratam

930 2973 1021 2997 esse.
1037 2961 1113 2997 Non
1133 2962 1225 2997 bene
1244 2960 1498 3010 novi-editores
1507 2960 1643 3009 (Brea-->
