1768 3216
1432 215 1464 240 a.
1490 199 1530 241 a:
1553 199 1640 242 822.

148 208 225 246 παπ
732 196 1043 239 HISTORIARVM

151 327 243 369 foro
274 325 421 378 templa
451 320 725 376 praetervecti
757 319 922 375 erigunt
950 319 1084 361 aciem
1122 330 1199 373 per
1239 319 1462 364 adversum
1493 321 1644 364 collem

150 411 279 453 usque
326 397 375 438 ad
416 395 567 449 primas
606 394 864 448 Capitolinae
904 394 1013 435 arcis
1066 393 1196 436 sores.
1256 394 1385 437 Erant
1421 388 1644 457 antiquitus

96 473 123 506 εἱ
148 472 330 527 porticus
361 469 402 509 in
432 468 562 509 latere
593 468 712 520 clivi,
756 468 928 510 dextrae
958 467 1229 510 subeuntibus
1239 481 1250 519 ;
1292 469 1334 510 in
1375 480 1546 523 quarum
1576 474 1647 512 te—

149 528 253 585 ctum
286 542 447 597 egressi
478 541 590 583 saxis
634 541 869 596 tegulisque
909 542 1153 584 Vitellianos
1195 543 1438 585 obruebant.
1499 544 1646 599 Neque

117 618 226 659 siliis
256 627 399 659 manus
441 617 522 657 nisi
553 615 706 670 gladiis
750 621 954 668 armatae;
997 621 1037 659 et
1077 629 1296 660 arcessere
1334 622 1539 661 tormenta
1578 623 1648 662 aut

146 691 317 733 missilia
350 691 429 732 tela
460 690 629 745 longum
660 690 892 733 videbatur.
954 691 1085 734 Faces
1116 691 1158 733 in
1188 692 1493 746 prominentem
1511 694 1647 748 porti-

146 779 238 808 cum
278 766 430 806 iecere.
492 765 542 806 Et
583 766 866 819 sequebantur
908 766 1071 820 ignem,
1117 767 1411 822 ambustasque
1453 767 1647 823 Capitolii

4 840 117 871 ‘²21²‘
146 841 260 882 fores
290 843 600 893 penetrassent,
631 839 674 880 ni
706 839 883 882 Sabinus
914 840 1104 882 revulsas
1135 841 1321 895 undique
1351 845 1530 895 statuas,
1567 842 1648 885 de-

148 927 246 955 cora
277 914 498 965 maiorum,
531 913 573 953 in
607 913 697 966 ipso
734 912 849 955 aditu
879 914 974 956 vice
1003 914 1110 956 muri
1141 915 1382 958 obiecisset.
1443 917 1542 958 Tum
1576 916 1648 971 di:

36 976 302 1041 “Vbioversos-
332 986 700 1045 CRIJiPQl{5„„3.S¹.i,¹.¹¹S
743 987 970 1040 invadunt,
1018 988 1130 1030 iuxta
1171 989 1307 1031 lucum
1348 990 1455 1045 asyli
1493 994 1533 1032 et
1568 1002 1648 1045 qua

14 1048 44 1063 ‘¹
145 1046 317 1116 Tarpeia
346 1046 469 1115 rupes
505 1063 668 1103 centum
698 1061 899 1116 gradibus
931 1062 1079 1104 aditur.
1123 1063 1338 1117 Inprovisa
1368 1068 1543 1119 utraque
1559 1066 1647 1117 vis3

146 1137 318 1191 propior
351 1140 471 1190 atque
503 1136 644 1177 acrior
672 1148 748 1190 per
779 1137 938 1191 asylum
971 1137 1205 1192 ingruebat.
1266 1137 1355 1180 Nec
1399 1139 1491 1181 sisti
1522 1143 1649 1193 pote-

145 1215 236 1253 rant
266 1211 516 1253 scandentes
548 1223 623 1265 per
654 1210 877 1252 coniuncta
910 1211 1126 1264 aedificia,
1179 1224 1307 1266 quae,
1352 1217 1397 1254 ut
1441 1213 1484 1254 in
1523 1213 1648 1256 multa

145 1298 263 1340 pace,
296 1286 337 1326 in
369 1285 493 1327 altum
525 1285 636 1327 edita
667 1285 800 1328 solum
828 1285 1020 1340 Capitolii
1049 1287 1294 1342 aequabant.

284 1457 314 1490 1.
346 1456 433 1490 colle
460 1455 532 1490 Ma:
561 1457 588 1491 G
615 1456 750 1492 collem.

143 1505 202 1550 pei
226 1504 253 1539 G
280 1509 314 1539 et
338 1505 440 1540 Bodl.
467 1504 534 1540 les.
615 1507 670 1541 13.
698 1517 762 1551 que
787 1504 853 1540 Ma.

218 1659 371 1704 Cap.71.
402 1661 540 1706 eriqunt
567 1662 679 1696 aciem
701 1673 766 1707 per
793 1663 861 1696 acl-

145 1719 281 1743 versum
297 1709 419 1743 collem
434 1721 445 1743 .·
473 1721 493 1743 a
519 1710 597 1743 soro
616 1711 774 1745 Romano
792 1711 862 1745 cli-

146 1755 480 1801 vumCapitolinum
508 1759 662 1805 ingressi
690 1760 759 1792 iam
788 1761 862 1794 eri-

147 1810 235 1850 gunt
260 1807 375 1840 aciem
397 1811 432 1839 et
459 1807 511 1840 sic
536 1807 579 1841 ad
603 1808 734 1852 primas
753 1807 862 1852 Capi-

147 1853 282 1887 tolinae
308 1855 399 1887 arcis
427 1854 523 1889 fores
549 1860 751 1900 penetrant.

223 1947 447 1993 Capitolinae
482 1951 602 1984 arcis:
636 1962 753 1985 arcem
789 1950 885 1986 οα-“

143 1995 331 2042 pitolinam
369 1997 455 2032 dicit
498 2000 612 2043 ipsum
653 2000 864 2045 Capitolium

151 2044 254 2088 (hinc
288 2046 406 2079 statim
442 2047 610 2092 Capitolii
642 2049 755 2091 fores,
790 2053 862 2081 tum

150 2093 302 2127 diversos
331 2093 497 2139 Capitolii
520 2096 654 2138 aditus,
694 2096 863 2130 ‹lein'so-

150 2141 219 2175 lum
248 2141 445 2189 Capitolii),
470 2143 538 2177 hoc
569 2148 623 2177 est
648 2145 777 2177 montis
793 2143 863 2178 Ca-

151 2189 292 2233 pitolini
322 2191 451 2225 collem
478 2193 672 2234 maiorem,
714 2204 733 2226 a
763 2198 864 2237 parte

150 2237 375 2272 meridionali
403 2244 438 2273 et
464 2240 662 2274 occidentis
689 2251 759 2274 non
779 2252 864 2286 pro-

151 2286 208 2320 cul
235 2297 255 2319 a
281 2286 422 2331 Tiberi,
448 2288 483 2321 in
510 2299 579 2333 quo
607 2288 777 2333 templum
803 2290 864 2324 lo-

150 2335 217 2369 vis.
253 2334 355 2369 Alter
382 2336 576 2381 Capitolini
604 2338 732 2371 montis
761 2338 864 2373 collis

152 2393 193 2416 ac
219 2384 358 2427 minor,
397 2386 431 2418 in
469 2387 750 2429 septentrionem
778 2398 864 2431 pro-

152 2441 297 2465 currens
324 2436 358 2466 et
385 2443 405 2466 a
426 2433 570 2468 flumine
596 2445 763 2478 aversus,
799 2444 865 2469 ar-

153 2490 226 2512 cem
265 2481 462 2515 Romanam
497 2483 574 2516 sive
613 2494 730 2517 arcem
768 2484 866 2517 urbis

152 2527 364 2564 sustinebat.
437 2528 539 2563 Conf.
575 2530 699 2565 Strabo
730 2532 756 2565 V
782 2534 806 2567 3
831 2533 865 2574 2,

152 2575 347 2620 Dionysius
375 2578 495 2623 Antiq.
527 2578 626 2612 Rom.
655 2579 685 2613 11
717 2580 771 2622 15,
803 2580 866 2613 Li-

152 2625 232 2658 vius
254 2625 284 2658 V
310 2626 369 2668 47,
398 2626 534 2661 Gellius
552 2628 577 2661 V
608 2629 661 2662 12.
695 2627 867 2661 Bunsenii

151 2672 355 2718 Descriptio
381 2675 478 2709 urbis
493 2675 593 2710 Rom.
620 2681 644 2709 t.
657 2675 704 2709 Ill
719 2676 749 2709 A
769 2687 803 2720 p.
825 2676 868 2711 14

154 2731 229 2766 sqq.
267 2722 420 2757 Beckeri
444 2723 627 2758 Enchirid.
654 2724 737 2759 Ant.
765 2725 865 2758 Rom.

155 2774 178 2802 t.
210 2770 225 2803 1
251 2781 284 2814 p.
312 2770 383 2806 386
398 2782 476 2817 sqq.
511 2773 651 2807 Tacitus
677 2778 864 2818 utrumque

156 2817 285 2851 collem
321 2822 478 2854 nominat
511 2821 556 2855 XI
589 2822 666 2857 23:
719 2822 800 2866 qnid
835 2822 867 2855 si

155 2868 322 2900 memoria
356 2881 473 2907 eorum
506 2876 667 2904 oreretur
695 2871 772 2914 qni,
806 2870 864 2903 in-

156 2920 331 2957 spectante
358 2917 531 2963 Capitolio
564 2923 596 2952 et
621 2930 705 2952 arec
731 2919 865 2954 Roma-

157 2971 228 3004 na,
272 2965 430 3000 manibus
478 2964 665 3002 eorw'tdem
694 2968 866 3015 prostrati

826 1457 860 1492 8.
886 1457 1043 1492 revolsas
1069 1457 1129 1492 Or.

924 1507 978 1543 14.
1006 1517 1128 1541 sonum
1154 1505 1233 1540 Ma:
1261 1506 1288 1541 G
1315 1505 1436 1542 solum.

1358 1287 1436 1330 Hic
1467 1288 1650 1344 ambigi-

1197 1459 1253 1492 11.
1286 1458 1436 1504 Tarpeia
1461 1457 1535 1504 Ma,
1561 1458 1652 1493 Tar-

1503 1518 1555 1552 eq.
1584 1506 1649 1543 Ma.

931 1663 1028 1697 sint?
1063 1663 1160 1697 lnter
1187 1666 1378 1708 utrumque
1406 1661 1537 1697 collem
1564 1673 1652 1708 spa-

932 1711 1018 1745 tium
1063 1711 1152 1746 illud
1187 1711 1394 1756 depressum
1432 1712 1489 1746 cui
1520 1722 1652 1747 nomen

932 1761 1027 1794 inter
1054 1760 1139 1794 duos
1165 1759 1273 1802 lucos,
1301 1760 1346 1794 de
1372 1770 1442 1805 quo
1469 1758 1581 1795 Liv.l
1614 1759 1650 1805 8,

932 1809 1127 1852 Dionysius
1158 1807 1189 1842 11
1223 1809 1277 1843 15.

1007 1857 1162 1891 diversos
1191 1856 1359 1902 Capitolii
1393 1856 1511 1890 aditus
1546 1856 1653 1892 inva-

934 1905 1037 1939 dunt.-
1063 1904 1140 1939 h.e.
1157 1904 1200 1937 ab
1228 1915 1270 1939 ea
1296 1910 1396 1949 parte
1413 1915 1506 1950 quae
1525 1915 1654 1940 aversa

935 1957 1012 1987 erat
1052 1963 1072 1986 a
1108 1952 1186 1986 soro
1222 1958 1258 1986 et
1303 1952 1398 1987 clivo
1434 1952 1654 1998 Capitolino.

934 2001 1103 2035 Diversus
1132 2005 1187 2035 est
1215 2002 1427 2035 contrarius.
1470 2001 1654 2046 Interpre-

933 2054 1033 2083 tare:
1070 2048 1207 2094 darauf
1229 2054 1369 2083 stiirzen
1402 2050 1452 2083 sie
1486 2049 1562 2084 sich
1586 2062 1655 2085 von

935 2098 997 2131 der
1024 2103 1365 2143 entqeqenyesetzten
1390 2097 1484 2132 Seite
1509 2101 1579 2144 auf
1599 2099 1655 2135 die

935 2146 1103 2191 Zttqanye
1131 2157 1207 2179 zum
1233 2145 1455 2192 Capitolium.
1492 2146 1548 2181 Illi
1575 2147 1655 2182 adi-

934 2199 990 2227 tus
1024 2205 1044 2227 a
1073 2199 1173 2238 parte
1211 2194 1408 2228 occidentis
1435 2194 1528 2238 duo,
1554 2196 1655 2230 ¹alter

934 2243 1107 2276 remotior
1150 2254 1170 2277 a
1209 2242 1355 2277 flumine
1394 2243 1494 2277 iuxta
1534 2243 1652 2279 lucum

935 2291 1050 2335 asyli,
1086 2290 1178 2326 alter
1212 2292 1357 2336 propior
1394 2301 1463 2339 qua
1504 2291 1654 2337 Tarpeia

934 2350 1040 2384 rupes
1068 2345 1208 2374 centum
1236 2339 1404 2386 gradibus
1431 2338 1606 2375 adibatur.

1004 2411 1150 2457 propior
1175 2417 1277 2455 atque
1306 2411 1428 2445 acrior
1446 2412 1655 2456 —inyrue-

936 2460 1019 2493 bat:
1055 2460 1199 2503 propior
1225 2459 1372 2504 fastigio
1399 2458 1569 2503 Capitolii
1596 2464 1655 2494 at-

936 2518 1004 2553 que
1031 2507 1358 2552 propugnatoribus
1385 2506 1434 2541 ibi
1450 2507 1652 2542 collocatis.

1009 2589 1075 2611 nec
1100 2578 1175 2611 sisti
1200 2583 1364 2623 poterant
1399 2599 1443 2604 -—-
1469 2578 1654 2622 aedificia:

938 2625 992 2659 his
1019 2626 1139 2660 verbis
1174 2627 1278 2660 tertia
1316 2627 1440 2660 classis
1478 2627 1654 2673 ingruen-

937 2673 1023 2708 tium
1038 2675 1310 2709 Vitellianorum
1330 2674 1565 2709 describitur:
1589 2675 1653 2719 alii

939 2724 1031 2757 enim
1059 2723 1226 2769 gradibus
1251 2723 1422 2768 Tarpeiae
1449 2725 1558 2768 rupis,
1590 2723 1653 2758 alii

937 2773 1036 2805 iuxta
1067 2772 1225 2816 asylum,
1265 2772 1326 2806 alii
1354 2782 1417 2817 per
1456 2777 1551 2807 tecta
1589 2783 1654 2806 ae-

934 2819 1129 2855 dificiorum
1180 2821 1359 2865 Capitolio
1410 2822 1651 2865 proximorum
1709 2840 1714 2846 ·

935 2870 1186 2904 ascendebant.

1004 2917 1119 2963 iqnem
1144 2919 1242 2953 tectis
1267 2923 1524 2964 oppuynatores
1558 2917 1653 2958 inie-

934 2966 1067 3002 cerint.-
1094 2966 1261 3013 intellige
1288 2969 1384 3002 tecta
1409 2962 1653 3020 aedificiorum
