<?xml version="1.0" encoding="UTF-8"?>
<!DOCTYPE html PUBLIC "-//W3C//DTD XHTML 1.0 Transitional//EN"
    "http://www.w3.org/TR/xhtml1/DTD/xhtml1-transitional.dtd">
<html xmlns="http://www.w3.org/1999/xhtml" xml:lang="en" lang="en">
 <head>
  <title>
</title>
<meta http-equiv="Content-Type" content="text/html;charset=utf-8" />
  <meta name='ocr-system' content='tesseract 3.04.00' />
  <meta name='ocr-capabilities' content='ocr_page ocr_carea ocr_par ocr_line ocrx_word'/>
</head>
<body>
  <div class='ocr_page' id='page_1' title='image "./operaadcodicesan03taciuoft/operaadcodicesan03taciuoft_0250.png"; bbox 0 0 1768 3216; ppageno 0'>
   <div class='ocr_carea' id='block_1_1' title="bbox 769 189 1648 227">
    <p class='ocr_par' dir='ltr' id='par_1_1' title="bbox 769 189 1648 227">
     <span class='ocr_line' id='line_1_1' title="bbox 769 189 1648 227; baseline -0.002 -1"><span class='ocrx_word' id='word_1_1' title='bbox 769 190 1079 226; x_wconf 78' lang='lat' dir='ltr'><strong>HISTORIARVM</strong></span> <span class='ocrx_word' id='word_1_2' title='bbox 1441 200 1474 225; x_wconf 82' lang='lat' dir='ltr'>a.</span> <span class='ocrx_word' id='word_1_3' title='bbox 1500 198 1538 225; x_wconf 83' lang='lat' dir='ltr'>u.</span> <span class='ocrx_word' id='word_1_4' title='bbox 1562 189 1648 227; x_wconf 81' lang='lat'>822.</span> 
     </span>
    </p>
   </div>
   <div class='ocr_carea' id='block_1_2' title="bbox 157 204 232 239">
    <p class='ocr_par' dir='ltr' id='par_1_2' title="bbox 157 204 232 239">
     <span class='ocr_line' id='line_1_2' title="bbox 157 204 232 239; baseline -0.04 0"><span class='ocrx_word' id='word_1_5' title='bbox 157 204 232 239; x_wconf 70' lang='lat'>240</span> 
     </span>
    </p>
   </div>
   <div class='ocr_carea' id='block_1_3' title="bbox 46 307 1768 1713">
    <p class='ocr_par' dir='ltr' id='par_1_3' title="bbox 3 307 1768 1713">
     <span class='ocr_line' id='line_1_3' title="bbox 156 307 1650 373; baseline -0.008 -12"><span class='ocrx_word' id='word_1_6' title='bbox 156 319 327 373; x_wconf 86' lang='lat' dir='ltr'>agebat,</span> <span class='ocrx_word' id='word_1_7' title='bbox 359 308 612 358; x_wconf 58' lang='lat' dir='ltr'>satisfactum</span> <span class='ocrx_word' id='word_1_8' title='bbox 643 309 752 351; x_wconf 91' lang='lat' dir='ltr'>bello</span> <span class='ocrx_word' id='word_1_9' title='bbox 785 313 896 351; x_wconf 91' lang='lat' dir='ltr'>ratus</span> <span class='ocrx_word' id='word_1_10' title='bbox 929 313 969 352; x_wconf 90' lang='lat' dir='ltr'>et</span> <span class='ocrx_word' id='word_1_11' title='bbox 1010 312 1150 350; x_wconf 88' lang='lat' dir='ltr'>cetera</span> <span class='ocrx_word' id='word_1_12' title='bbox 1183 320 1236 350; x_wconf 85' lang='lat' dir='ltr'>ex</span> <span class='ocrx_word' id='word_1_13' title='bbox 1270 308 1408 361; x_wconf 82' lang='lat' dir='ltr'>facili,</span> <span class='ocrx_word' id='word_1_14' title='bbox 1444 319 1522 351; x_wconf 91' lang='lat' dir='ltr'>seu</span> <span class='ocrx_word' id='word_1_15' title='bbox 1550 307 1650 350; x_wconf 83' lang='lat' dir='ltr'>feli-</span> 
     </span>
     <span class='ocr_line' id='line_1_4' title="bbox 156 381 1648 441; baseline -0.007 -7"><span class='ocrx_word' id='word_1_16' title='bbox 156 393 256 434; x_wconf 89' lang='lat' dir='ltr'>citas</span> <span class='ocrx_word' id='word_1_17' title='bbox 287 392 328 431; x_wconf 90' lang='lat' dir='ltr'>in</span> <span class='ocrx_word' id='word_1_18' title='bbox 356 389 425 430; x_wconf 91' lang='lat' dir='ltr'>tali</span> <span class='ocrx_word' id='word_1_19' title='bbox 455 386 623 441; x_wconf 84' lang='lat' dir='ltr'>ingenio</span> <span class='ocrx_word' id='word_1_20' title='bbox 654 385 871 427; x_wconf 88' lang='lat' dir='ltr'>avaritiam</span> <span class='ocrx_word' id='word_1_21' title='bbox 902 383 1162 437; x_wconf 79' lang='lat' dir='ltr'>superbiam,</span> <span class='ocrx_word' id='word_1_22' title='bbox 1213 387 1437 436; x_wconf 86' lang='lat' dir='ltr'>ceteraque</span> <span class='ocrx_word' id='word_1_23' title='bbox 1484 381 1648 425; x_wconf 86' lang='lat' dir='ltr'>occulta</span> 
     </span>
     <span class='ocr_line' id='line_1_5' title="bbox 156 448 1652 518; baseline -0.005 -11"><span class='ocrx_word' id='word_1_24' title='bbox 156 466 260 507; x_wconf 88' lang='lat' dir='ltr'>mala</span> <span class='ocrx_word' id='word_1_25' title='bbox 290 462 498 516; x_wconf 82' lang='lat' dir='ltr'><strong>patefecit.</strong></span> <span class='ocrx_word' id='word_1_26' title='bbox 559 459 610 500; x_wconf 90' lang='lat' dir='ltr'>Ut</span> <span class='ocrx_word' id='word_1_27' title='bbox 641 448 829 513; x_wconf 81' lang='lat' dir='ltr'>captam,</span> <span class='ocrx_word' id='word_1_28' title='bbox 871 457 1030 500; x_wconf 89' lang='lat' dir='ltr'>Italiam</span> <span class='ocrx_word' id='word_1_29' title='bbox 1060 456 1316 518; x_wconf 72' lang='lat' dir='ltr'>persultare;</span> <span class='ocrx_word' id='word_1_30' title='bbox 1360 460 1404 498; x_wconf 92' lang='lat' dir='ltr'>ut</span> <span class='ocrx_word' id='word_1_31' title='bbox 1431 467 1554 509; x_wconf 74' lang='lat' dir='ltr'>suaS,</span> <span class='ocrx_word' id='word_1_32' title='bbox 1584 456 1652 499; x_wconf 87' lang='lat' dir='ltr'>le-</span> 
     </span>
     <span class='ocr_line' id='line_1_6' title="bbox 153 512 1653 591; baseline -0.005 -13"><span class='ocrx_word' id='word_1_33' title='bbox 153 539 300 591; x_wconf 84' lang='lat' dir='ltr'>giones</span> <span class='ocrx_word' id='word_1_34' title='bbox 334 535 473 576; x_wconf 89' lang='lat' dir='ltr'>colere</span> <span class='ocrx_word' id='word_1_35' title='bbox 484 549 496 586; x_wconf 77' lang='lat'><em>3</em></span> <span class='ocrx_word' id='word_1_36' title='bbox 538 533 729 575; x_wconf 91' lang='lat' dir='ltr'>omnibus</span> <span class='ocrx_word' id='word_1_37' title='bbox 762 532 884 574; x_wconf 91' lang='lat' dir='ltr'>dictis</span> <span class='ocrx_word' id='word_1_38' title='bbox 926 512 1272 585; x_wconf 29' lang='lat' dir='ltr'>factisqueiaeiam</span> <span class='ocrx_word' id='word_1_39' title='bbox 1302 530 1384 572; x_wconf 91' lang='lat' dir='ltr'>sibi</span> <span class='ocrx_word' id='word_1_40' title='bbox 1414 529 1653 585; x_wconf 80' lang='lat' dir='ltr'>ad&#39;poten-</span> 
     </span>
     <span class='ocr_line' id='line_1_7' title="bbox 121 603 1653 675; baseline -0.003 -22"><span class='ocrx_word' id='word_1_41' title='bbox 121 611 247 654; x_wconf 78' lang='lat' dir='ltr'>stiam</span> <span class='ocrx_word' id='word_1_42' title='bbox 278 614 453 675; x_wconf 40' lang='lat' dir='ltr'>struxere.</span> <span class='ocrx_word' id='word_1_43' title='bbox 514 608 646 662; x_wconf 91' lang='lat' dir='ltr'>thue</span> <span class='ocrx_word' id='word_1_44' title='bbox 675 607 846 650; x_wconf 89' lang='lat' dir='ltr'>licentia</span> <span class='ocrx_word' id='word_1_45' title='bbox 874 606 1044 648; x_wconf 90' lang='lat' dir='ltr'>militem</span> <span class='ocrx_word' id='word_1_46' title='bbox 1077 605 1304 659; x_wconf 90' lang='lat' dir='ltr'>imbueret,</span> <span class='ocrx_word' id='word_1_47' title='bbox 1337 603 1653 648; x_wconf 77' lang='lat' dir='ltr'>interfectorum</span> 
     </span>
     <span class='ocr_line' id='line_1_8' title="bbox 151 678 1654 751; baseline -0.004 -24"><span class='ocrx_word' id='word_1_48' title='bbox 151 685 437 728; x_wconf 75' lang='lat' dir='ltr'>centurionum</span> <span class='ocrx_word' id='word_1_49' title='bbox 469 683 638 725; x_wconf 84' lang='lat' dir='ltr'>ordines</span> <span class='ocrx_word' id='word_1_50' title='bbox 669 682 906 751; x_wconf 57' lang='lat' dir='ltr'>legionibus</span> <span class='ocrx_word' id='word_1_51' title='bbox 939 680 1156 723; x_wconf 81' lang='lat' dir='ltr'>offerebat.</span> <span class='ocrx_word' id='word_1_52' title='bbox 1217 680 1277 726; x_wconf 87' lang='lat' dir='ltr'>Eo</span> <span class='ocrx_word' id='word_1_53' title='bbox 1315 678 1520 735; x_wconf 82' lang='lat' dir='ltr'>suffragio</span> <span class='ocrx_word' id='word_1_54' title='bbox 1559 683 1654 722; x_wconf 87' lang='lat' dir='ltr'>tur-</span> 
     </span>
     <span class='ocr_line' id='line_1_9' title="bbox 149 751 1652 812; baseline -0.003 -11"><span class='ocrx_word' id='word_1_55' title='bbox 149 760 386 802; x_wconf 87' lang='lat' dir='ltr'>bidissimus</span> <span class='ocrx_word' id='word_1_56' title='bbox 416 758 589 812; x_wconf 91' lang='lat' dir='ltr'>quisque</span> <span class='ocrx_word' id='word_1_57' title='bbox 621 751 905 808; x_wconf 55' lang='lat' dir='ltr'>delectisriec</span> <span class='ocrx_word' id='word_1_58' title='bbox 938 753 1056 798; x_wconf 88' lang='lat' dir='ltr'>miles</span> <span class='ocrx_word' id='word_1_59' title='bbox 1089 756 1131 796; x_wconf 90' lang='lat' dir='ltr'>in</span> <span class='ocrx_word' id='word_1_60' title='bbox 1161 755 1337 797; x_wconf 88' lang='lat' dir='ltr'>arbitrio</span> <span class='ocrx_word' id='word_1_61' title='bbox 1371 755 1547 808; x_wconf 88' lang='lat' dir='ltr'>ducum,</span> <span class='ocrx_word' id='word_1_62' title='bbox 1577 754 1652 798; x_wconf 84' lang='lat' dir='ltr'>sed</span> 
     </span>
     <span class='ocr_line' id='line_1_10' title="bbox 46 791 1768 909; baseline -0.003 -32"><span class='ocrx_word' id='word_1_63' title='bbox 46 878 63 897; x_wconf 41' lang='lat' dir='ltr'><em>st</em></span> <span class='ocrx_word' id='word_1_64' title='bbox 151 835 277 876; x_wconf 90' lang='lat' dir='ltr'>duces</span> <span class='ocrx_word' id='word_1_65' title='bbox 312 833 478 875; x_wconf 85' lang='lat' dir='ltr'>militari</span> <span class='ocrx_word' id='word_1_66' title='bbox 508 831 707 874; x_wconf 88' lang='lat' dir='ltr'>violentia</span> <span class='ocrx_word' id='word_1_67' title='bbox 741 831 1024 873; x_wconf 75' lang='lat' dir='ltr'>trahebantur.</span> <span class='ocrx_word' id='word_1_68' title='bbox 1089 830 1203 879; x_wconf 85' lang='lat' dir='ltr'>Quae</span> <span class='ocrx_word' id='word_1_69' title='bbox 1234 829 1452 900; x_wconf 62' lang='lat' dir='ltr'>se-Qisa,</span> <span class='ocrx_word' id='word_1_70' title='bbox 1486 832 1527 872; x_wconf 86' lang='lat' dir='ltr'>et</span> <span class='ocrx_word' id='word_1_71' title='bbox 1552 841 1656 872; x_wconf 87' lang='lat' dir='ltr'>cor-</span> <span class='ocrx_word' id='word_1_72' title='bbox 1682 791 1768 909; x_wconf 44' lang='lat' dir='ltr'>{Lu</span> 
     </span>
     <span class='ocr_line' id='line_1_11' title="bbox 50 888 1768 971; baseline -0.003 -20"><span class='ocrx_word' id='word_1_73' title='bbox 50 894 89 918; x_wconf 75' lang='lat'><em>&#39;</em></span> <span class='ocrx_word' id='word_1_74' title='bbox 150 908 404 971; x_wconf 71' lang='lat' dir='ltr'>rumpendae</span> <span class='ocrx_word' id='word_1_75' title='bbox 436 906 705 960; x_wconf 87' lang='lat' dir='ltr'>disciplinae,</span> <span class='ocrx_word' id='word_1_76' title='bbox 748 918 845 948; x_wconf 86' lang='lat' dir='ltr'>mox</span> <span class='ocrx_word' id='word_1_77' title='bbox 873 906 915 947; x_wconf 92' lang='lat' dir='ltr'>in</span> <span class='ocrx_word' id='word_1_78' title='bbox 947 896 1559 959; x_wconf 49' lang='lat' dir='ltr'>praedam&#39;vertebatJ‘i&#39;iibil‘</span> <span class='ocrx_word' id='word_1_79' title='bbox 1572 897 1654 946; x_wconf 71' lang='lat' dir='ltr'>ad·-</span> <span class='ocrx_word' id='word_1_80' title='bbox 1674 888 1768 970; x_wconf 41' lang='grc' dir='ltr'>ἰωῇ]</span> 
     </span>
     <span class='ocr_line' id='line_1_12' title="bbox 68 924 1739 1034; baseline -0.004 -6"><span class='ocrx_word' id='word_1_81' title='bbox 68 970 75 990; x_wconf 80' lang='lat'>&#39;</span> <span class='ocrx_word' id='word_1_82' title='bbox 100 987 382 1027; x_wconf 74' lang='lat' dir='ltr'>iuventantem</span> <span class='ocrx_word' id='word_1_83' title='bbox 411 982 643 1023; x_wconf 89' lang='lat' dir='ltr'>Mucianum</span> <span class='ocrx_word' id='word_1_84' title='bbox 673 981 852 1031; x_wconf 83' lang='lat' dir='ltr'>veritus3</span> <span class='ocrx_word' id='word_1_85' title='bbox 894 980 1004 1034; x_wconf 91' lang='lat' dir='ltr'>quod</span> <span class='ocrx_word' id='word_1_86' title='bbox 1037 980 1254 1023; x_wconf 79' lang='lat' dir='ltr'>exitiosius</span> <span class='ocrx_word' id='word_1_87' title='bbox 1288 983 1379 1021; x_wconf 89' lang='lat' dir='ltr'>erat</span> <span class='ocrx_word' id='word_1_88' title='bbox 1409 990 1531 1033; x_wconf 87' lang='lat' dir='ltr'>quam</span> <span class='ocrx_word' id='word_1_89' title='bbox 1567 979 1655 1022; x_wconf 86' lang='lat' dir='ltr'>Ve—</span> <span class='ocrx_word' id='word_1_90' title='bbox 1687 924 1739 1011; x_wconf 62' lang='lat' dir='ltr'><em>l</em></span> 
     </span>
     <span class='ocr_line' id='line_1_13' title="bbox 66 1050 1727 1121; baseline -0.005 -19"><span class='ocrx_word' id='word_1_91' title='bbox 66 1099 117 1121; x_wconf 38' lang='lat' dir='ltr'>„M</span> <span class='ocrx_word' id='word_1_92' title='bbox 151 1059 385 1113; x_wconf 87' lang='lat' dir='ltr'>spasianum</span> <span class='ocrx_word' id='word_1_93' title='bbox 417 1057 640 1111; x_wconf 90' lang='lat' dir='ltr'>sprevisse.</span> <span class='ocrx_word' id='word_1_94' title='bbox 705 1056 899 1098; x_wconf 90' lang='lat' dir='ltr'>Ceterum</span> <span class='ocrx_word' id='word_1_95' title='bbox 930 1050 1162 1109; x_wconf 88' lang='lat' dir='ltr'>propinqua</span> <span class='ocrx_word' id='word_1_96' title='bbox 1203 1055 1339 1097; x_wconf 89' lang='lat' dir='ltr'>hieme</span> <span class='ocrx_word' id='word_1_97' title='bbox 1370 1058 1410 1095; x_wconf 89' lang='lat' dir='ltr'>et</span> <span class='ocrx_word' id='word_1_98' title='bbox 1439 1053 1727 1096; x_wconf 87' lang='lat' dir='ltr'>humenti-50</span> 
     </span>
     <span class='ocr_line' id='line_1_14' title="bbox 63 1127 1655 1185; baseline -0.004 -10"><span class='ocrx_word' id='word_1_99' title='bbox 63 1127 67 1130; x_wconf 71' lang='grc'><strong><em>’</em></strong></span> <span class='ocrx_word' id='word_1_100' title='bbox 150 1134 225 1175; x_wconf 90' lang='lat' dir='ltr'>bus</span> <span class='ocrx_word' id='word_1_101' title='bbox 256 1133 364 1174; x_wconf 93' lang='lat' dir='ltr'>Pado</span> <span class='ocrx_word' id='word_1_102' title='bbox 399 1132 553 1185; x_wconf 89' lang='lat' dir='ltr'>campis</span> <span class='ocrx_word' id='word_1_103' title='bbox 573 1130 808 1185; x_wconf 81' lang='lat' dir='ltr'>expeditum</span> <span class='ocrx_word' id='word_1_104' title='bbox 830 1142 980 1185; x_wconf 83' lang='lat' dir='ltr'>agmen</span> <span class='ocrx_word' id='word_1_105' title='bbox 1008 1130 1227 1172; x_wconf 86' lang='lat' dir='ltr'>incedere:</span> <span class='ocrx_word' id='word_1_106' title='bbox 1260 1129 1382 1184; x_wconf 88' lang='lat' dir='ltr'>signa</span> <span class='ocrx_word' id='word_1_107' title='bbox 1406 1127 1655 1183; x_wconf 79' lang='lat' dir='ltr'>aquilaeque</span> 
     </span>
     <span class='ocr_line' id='line_1_15' title="bbox 150 1196 1655 1261; baseline -0.003 -12"><span class='ocrx_word' id='word_1_108' title='bbox 150 1207 383 1249; x_wconf 88' lang='lat' dir='ltr'>victricium</span> <span class='ocrx_word' id='word_1_109' title='bbox 431 1196 673 1261; x_wconf 78' lang='lat' dir='ltr'>legionum,</span> <span class='ocrx_word' id='word_1_110' title='bbox 726 1205 876 1246; x_wconf 76' lang='lat' dir='ltr'>milites</span> <span class='ocrx_word' id='word_1_111' title='bbox 914 1204 1155 1246; x_wconf 87' lang='lat' dir='ltr'>vulneribus</span> <span class='ocrx_word' id='word_1_112' title='bbox 1198 1207 1267 1245; x_wconf 91' lang='lat' dir='ltr'>aut</span> <span class='ocrx_word' id='word_1_113' title='bbox 1306 1207 1442 1246; x_wconf 87' lang='lat' dir='ltr'>aetate</span> <span class='ocrx_word' id='word_1_114' title='bbox 1484 1213 1655 1258; x_wconf 82' lang='lat' dir='ltr'>graves,</span> 
     </span>
     <span class='ocr_line' id='line_1_16' title="bbox 149 1277 1655 1339; baseline -0.005 -11.795"><span class='ocrx_word' id='word_1_115' title='bbox 149 1282 333 1339; x_wconf 82' lang='lat' dir='ltr'>plerique</span> <span class='ocrx_word' id='word_1_116' title='bbox 376 1283 499 1323; x_wconf 91' lang='lat' dir='ltr'>etiam</span> <span class='ocrx_word' id='word_1_117' title='bbox 545 1281 727 1338; x_wconf 85' lang='lat' dir='ltr'>integri,</span> <span class='ocrx_word' id='word_1_118' title='bbox 773 1280 966 1322; x_wconf 83' lang='lat' dir='ltr'>Veronae</span> <span class='ocrx_word' id='word_1_119' title='bbox 1007 1279 1171 1330; x_wconf 86' lang='lat' dir='ltr'>relicti;</span> <span class='ocrx_word' id='word_1_120' title='bbox 1223 1278 1416 1321; x_wconf 78' lang='lat' dir='ltr'>sufficere</span> <span class='ocrx_word' id='word_1_121' title='bbox 1458 1277 1655 1320; x_wconf 82' lang='lat' dir='ltr'>cohortes</span> 
     </span>
     <span class='ocr_line' id='line_1_17' title="bbox 100 1343 1654 1411; baseline -0.004 -12.293"><span class='ocrx_word' id='word_1_122' title='bbox 100 1378 137 1406; x_wconf 80' lang='lat'>¹5</span> <span class='ocrx_word' id='word_1_123' title='bbox 151 1343 325 1411; x_wconf 84' lang='lat' dir='ltr'>alaeque</span> <span class='ocrx_word' id='word_1_124' title='bbox 357 1360 395 1398; x_wconf 91' lang='lat' dir='ltr'>et</span> <span class='ocrx_word' id='word_1_125' title='bbox 427 1370 449 1397; x_wconf 88' lang='lat' dir='ltr'>e</span> <span class='ocrx_word' id='word_1_126' title='bbox 480 1356 716 1410; x_wconf 85' lang='lat' dir='ltr'>legionibus</span> <span class='ocrx_word' id='word_1_127' title='bbox 747 1355 846 1396; x_wconf 89' lang='lat' dir='ltr'>lecti</span> <span class='ocrx_word' id='word_1_128' title='bbox 876 1354 1099 1409; x_wconf 84' lang='lat' dir='ltr'>profligato</span> <span class='ocrx_word' id='word_1_129' title='bbox 1133 1354 1214 1396; x_wconf 90' lang='lat' dir='ltr'>iam</span> <span class='ocrx_word' id='word_1_130' title='bbox 1246 1353 1357 1394; x_wconf 92' lang='lat' dir='ltr'>bello</span> <span class='ocrx_word' id='word_1_131' title='bbox 1388 1351 1654 1395; x_wconf 84' lang='lat' dir='ltr'>videbantur.</span> 
     </span>
     <span class='ocr_line' id='line_1_18' title="bbox 152 1427 1655 1486; baseline -0.003 -14"><span class='ocrx_word' id='word_1_132' title='bbox 152 1431 380 1474; x_wconf 88' lang='lat' dir='ltr'>Undecima</span> <span class='ocrx_word' id='word_1_133' title='bbox 410 1431 521 1486; x_wconf 85' lang='lat' dir='ltr'>legio</span> <span class='ocrx_word' id='word_1_134' title='bbox 554 1443 648 1473; x_wconf 89' lang='lat' dir='ltr'>sese</span> <span class='ocrx_word' id='word_1_135' title='bbox 681 1430 940 1482; x_wconf 86' lang='lat' dir='ltr'>adiunxerat,</span> <span class='ocrx_word' id='word_1_136' title='bbox 974 1429 1092 1470; x_wconf 91' lang='lat' dir='ltr'>initio</span> <span class='ocrx_word' id='word_1_137' title='bbox 1126 1432 1332 1480; x_wconf 84' lang='lat' dir='ltr'>cunctata,</span> <span class='ocrx_word' id='word_1_138' title='bbox 1365 1427 1442 1469; x_wconf 91' lang='lat' dir='ltr'>sed</span> <span class='ocrx_word' id='word_1_139' title='bbox 1471 1438 1655 1482; x_wconf 87' lang='lat' dir='ltr'>prospe-</span> 
     </span>
     <span class='ocr_line' id='line_1_19' title="bbox 153 1501 1657 1559; baseline -0.003 -11"><span class='ocrx_word' id='word_1_140' title='bbox 153 1507 211 1548; x_wconf 88' lang='lat' dir='ltr'>ris</span> <span class='ocrx_word' id='word_1_141' title='bbox 242 1507 366 1549; x_wconf 86' lang='lat' dir='ltr'>rebus</span> <span class='ocrx_word' id='word_1_142' title='bbox 399 1506 522 1547; x_wconf 86' lang='lat' dir='ltr'>anxia</span> <span class='ocrx_word' id='word_1_143' title='bbox 555 1505 663 1559; x_wconf 92' lang='lat' dir='ltr'>quod</span> <span class='ocrx_word' id='word_1_144' title='bbox 697 1504 912 1548; x_wconf 81' lang='lat' dir='ltr'>defuisset.</span> <span class='ocrx_word' id='word_1_145' title='bbox 975 1504 1059 1546; x_wconf 88' lang='lat' dir='ltr'>Sex</span> <span class='ocrx_word' id='word_1_146' title='bbox 1089 1502 1200 1545; x_wconf 90' lang='lat' dir='ltr'>milia</span> <span class='ocrx_word' id='word_1_147' title='bbox 1240 1501 1544 1555; x_wconf 82' lang='lat' dir='ltr'>Dalmatarum,</span> <span class='ocrx_word' id='word_1_148' title='bbox 1583 1513 1657 1543; x_wconf 89' lang='lat' dir='ltr'>re-</span> 
     </span>
     <span class='ocr_line' id='line_1_20' title="bbox 154 1578 1658 1634; baseline -0.001 -12"><span class='ocrx_word' id='word_1_149' title='bbox 154 1593 253 1623; x_wconf 91' lang='lat' dir='ltr'>cens</span> <span class='ocrx_word' id='word_1_150' title='bbox 306 1581 516 1634; x_wconf 88' lang='lat' dir='ltr'>delectus,</span> <span class='ocrx_word' id='word_1_151' title='bbox 572 1580 888 1622; x_wconf 81' lang='lat' dir='ltr'>comitabantur.</span> <span class='ocrx_word' id='word_1_152' title='bbox 961 1579 1151 1621; x_wconf 88' lang='lat' dir='ltr'>Ducebat</span> <span class='ocrx_word' id='word_1_153' title='bbox 1200 1579 1420 1633; x_wconf 90' lang='lat' dir='ltr'>Pompeius</span> <span class='ocrx_word' id='word_1_154' title='bbox 1465 1578 1658 1622; x_wconf 81' lang='lat' dir='ltr'>silvanus</span> 
     </span>
     <span class='ocr_line' id='line_1_21' title="bbox 155 1650 1656 1713; baseline -0.003 -17"><span class='ocrx_word' id='word_1_155' title='bbox 155 1655 407 1698; x_wconf 84' lang='lat' dir='ltr'>consularis:</span> <span class='ocrx_word' id='word_1_156' title='bbox 441 1655 504 1697; x_wconf 91' lang='lat' dir='ltr'>vis</span> <span class='ocrx_word' id='word_1_157' title='bbox 548 1655 818 1697; x_wconf 89' lang='lat' dir='ltr'>consiliorum</span> <span class='ocrx_word' id='word_1_158' title='bbox 857 1667 987 1708; x_wconf 90' lang='lat' dir='ltr'>penes</span> <span class='ocrx_word' id='word_1_159' title='bbox 1030 1653 1213 1713; x_wconf 70' lang='lat' dir='ltr'>Annium</span> <span class='ocrx_word' id='word_1_160' title='bbox 1252 1652 1425 1696; x_wconf 89' lang='lat' dir='ltr'>Bassum</span> <span class='ocrx_word' id='word_1_161' title='bbox 1473 1650 1656 1708; x_wconf 83' lang='lat' dir='ltr'>legionis</span> 
     </span>
    </p>
   </div>
   <div class='ocr_carea' id='block_1_4' title="bbox 1493 1774 1664 1860">
    <p class='ocr_par' dir='ltr' id='par_1_4' title="bbox 1493 1774 1664 1860">
     <span class='ocr_line' id='line_1_22' title="bbox 1493 1774 1664 1813; baseline -0.018 0"><span class='ocrx_word' id='word_1_162' title='bbox 1493 1777 1529 1813; x_wconf 81' lang='lat'>9.</span> <span class='ocrx_word' id='word_1_163' title='bbox 1550 1774 1664 1811; x_wconf 68' lang='lat' dir='ltr'>nichil</span> 
     </span>
     <span class='ocr_line' id='line_1_23' title="bbox 1604 1825 1662 1860; baseline 0 0"><span class='ocrx_word' id='word_1_164' title='bbox 1604 1825 1662 1860; x_wconf 86' lang='lat'>18.</span> 
     </span>
    </p>
   </div>
   <div class='ocr_carea' id='block_1_5' title="bbox 1168 1777 1391 1814">
    <p class='ocr_par' dir='ltr' id='par_1_5' title="bbox 1168 1777 1391 1814">
     <span class='ocr_line' id='line_1_24' title="bbox 1168 1777 1391 1814; baseline 0 0"><span class='ocrx_word' id='word_1_165' title='bbox 1168 1780 1201 1814; x_wconf 87' lang='lat'>5.</span> <span class='ocrx_word' id='word_1_166' title='bbox 1227 1778 1299 1814; x_wconf 72' lang='lat' dir='ltr'>inb.</span> <span class='ocrx_word' id='word_1_167' title='bbox 1326 1777 1391 1814; x_wconf 58' lang='lat' dir='ltr'>Ma.</span> 
     </span>
    </p>
   </div>
   <div class='ocr_carea' id='block_1_6' title="bbox 291 1779 1515 1862">
    <p class='ocr_par' dir='ltr' id='par_1_6' title="bbox 291 1779 1515 1862">
     <span class='ocr_line' id='line_1_25' title="bbox 291 1779 1068 1826; baseline -0.001 -11"><span class='ocrx_word' id='word_1_168' title='bbox 291 1781 327 1815; x_wconf 84' lang='lat'>4.</span> <span class='ocrx_word' id='word_1_169' title='bbox 352 1780 423 1814; x_wconf 85' lang='lat' dir='ltr'>uim</span> <span class='ocrx_word' id='word_1_170' title='bbox 450 1779 561 1815; x_wconf 72' lang='lat' dir='ltr'>GMaz</span> <span class='ocrx_word' id='word_1_171' title='bbox 591 1782 700 1815; x_wconf 84' lang='lat' dir='ltr'>tacite</span> <span class='ocrx_word' id='word_1_172' title='bbox 729 1782 884 1815; x_wconf 85' lang='lat' dir='ltr'>correxit</span> <span class='ocrx_word' id='word_1_173' title='bbox 914 1780 1068 1826; x_wconf 82' lang='lat' dir='ltr'>Lipsius.</span> 
     </span>
     <span class='ocr_line' id='line_1_26' title="bbox 1105 1825 1515 1862; baseline -0.005 0"><span class='ocrx_word' id='word_1_174' title='bbox 1105 1827 1161 1862; x_wconf 85' lang='lat'>16.</span> <span class='ocrx_word' id='word_1_175' title='bbox 1190 1827 1426 1862; x_wconf 64' lang='lat' dir='ltr'>adiuncti-erat</span> <span class='ocrx_word' id='word_1_176' title='bbox 1450 1825 1515 1862; x_wconf 57' lang='lat'>³1⁸.—</span> 
     </span>
    </p>
   </div>
   <div class='ocr_carea' id='block_1_7' title="bbox 156 1827 1020 1911">
    <p class='ocr_par' dir='ltr' id='par_1_7' title="bbox 156 1827 1020 1911">
     <span class='ocr_line' id='line_1_27' title="bbox 158 1827 1020 1864; baseline 0 -2"><span class='ocrx_word' id='word_1_177' title='bbox 158 1828 220 1863; x_wconf 67' lang='lat' dir='ltr'>Ma.</span> <span class='ocrx_word' id='word_1_178' title='bbox 302 1831 357 1863; x_wconf 88' lang='lat'>11.</span> <span class='ocrx_word' id='word_1_179' title='bbox 385 1830 578 1864; x_wconf 76' lang='lat' dir='ltr'>umentibus</span> <span class='ocrx_word' id='word_1_180' title='bbox 598 1828 663 1864; x_wconf 68' lang='lat' dir='ltr'>Ma.</span> <span class='ocrx_word' id='word_1_181' title='bbox 757 1830 812 1864; x_wconf 85' lang='lat'>13.</span> <span class='ocrx_word' id='word_1_182' title='bbox 840 1828 933 1864; x_wconf 73' lang='lat' dir='ltr'>volu.</span> <span class='ocrx_word' id='word_1_183' title='bbox 963 1827 1020 1864; x_wconf 91' lang='lat' dir='ltr'>Or.</span> 
     </span>
     <span class='ocr_line' id='line_1_28' title="bbox 156 1877 392 1911; baseline 0 0"><span class='ocrx_word' id='word_1_184' title='bbox 156 1877 300 1911; x_wconf 75' lang='lat' dir='ltr'>dilectus</span> <span class='ocrx_word' id='word_1_185' title='bbox 327 1877 392 1911; x_wconf 70' lang='lat' dir='ltr'>Ma.</span> 
     </span>
    </p>
   </div>
   <div class='ocr_carea' id='block_1_8' title="bbox 153 1980 880 2942">
    <p class='ocr_par' dir='ltr' id='par_1_8' title="bbox 153 1980 877 2122">
     <span class='ocr_line' id='line_1_29' title="bbox 153 1980 877 2026; baseline 0 -12"><span class='ocrx_word' id='word_1_186' title='bbox 153 1986 308 2026; x_wconf 85' lang='lat' dir='ltr'>poteras,</span> <span class='ocrx_word' id='word_1_187' title='bbox 331 1981 400 2016; x_wconf 81' lang='lat' dir='ltr'>nisi</span> <span class='ocrx_word' id='word_1_188' title='bbox 423 1980 580 2026; x_wconf 79' lang='lat' dir='ltr'>periculo</span> <span class='ocrx_word' id='word_1_189' title='bbox 597 1981 738 2026; x_wconf 79' lang='lat' dir='ltr'>patriae</span> <span class='ocrx_word' id='word_1_190' title='bbox 760 1987 792 2015; x_wconf 90' lang='lat' dir='ltr'>et</span> <span class='ocrx_word' id='word_1_191' title='bbox 806 1992 877 2014; x_wconf 88' lang='lat' dir='ltr'>nu-</span> 
     </span>
     <span class='ocr_line' id='line_1_30' title="bbox 158 2028 876 2075; baseline 0 -13"><span class='ocrx_word' id='word_1_192' title='bbox 158 2030 290 2062; x_wconf 81' lang='lat' dir='ltr'>tatione</span> <span class='ocrx_word' id='word_1_193' title='bbox 315 2030 369 2062; x_wconf 75' lang='lat' dir='ltr'>ret&#39;</span> <span class='ocrx_word' id='word_1_194' title='bbox 392 2028 567 2075; x_wconf 78' lang='lat' dir='ltr'>publicae.</span> <span class='ocrx_word' id='word_1_195' title='bbox 596 2029 701 2063; x_wconf 84' lang='lat' dir='ltr'>Redit</span> <span class='ocrx_word' id='word_1_196' title='bbox 720 2030 876 2063; x_wconf 85' lang='lat' dir='ltr'>narratio</span> 
     </span>
     <span class='ocr_line' id='line_1_31' title="bbox 157 2077 663 2122; baseline -0.002 -12"><span class='ocrx_word' id='word_1_197' title='bbox 157 2077 252 2111; x_wconf 90' lang='lat' dir='ltr'>unde</span> <span class='ocrx_word' id='word_1_198' title='bbox 278 2077 439 2122; x_wconf 88' lang='lat' dir='ltr'>digressa</span> <span class='ocrx_word' id='word_1_199' title='bbox 467 2082 520 2111; x_wconf 79' lang='lat' dir='ltr'>est</span> <span class='ocrx_word' id='word_1_200' title='bbox 546 2089 575 2112; x_wconf 92' lang='lat' dir='ltr'>c.</span> <span class='ocrx_word' id='word_1_201' title='bbox 604 2077 663 2112; x_wconf 87' lang='lat'>36.</span> 
     </span>
    </p>

    <p class='ocr_par' dir='ltr' id='par_1_9' title="bbox 158 2125 880 2546">
     <span class='ocr_line' id='line_1_32' title="bbox 228 2125 876 2172; baseline -0.002 -13"><span class='ocrx_word' id='word_1_202' title='bbox 228 2125 326 2159; x_wconf 80' lang='lat' dir='ltr'>viam</span> <span class='ocrx_word' id='word_1_203' title='bbox 349 2127 416 2159; x_wconf 84' lang='lat' dir='ltr'>sibi</span> <span class='ocrx_word' id='word_1_204' title='bbox 439 2126 487 2159; x_wconf 82' lang='lat' dir='ltr'>ad</span> <span class='ocrx_word' id='word_1_205' title='bbox 501 2126 695 2172; x_wconf 81' lang='lat' dir='ltr'>potentiam</span> <span class='ocrx_word' id='word_1_206' title='bbox 717 2131 876 2159; x_wconf 84' lang='lat' dir='ltr'>struere:</span> 
     </span>
     <span class='ocr_line' id='line_1_33' title="bbox 159 2173 876 2219; baseline 0 -12"><span class='ocrx_word' id='word_1_207' title='bbox 159 2179 296 2208; x_wconf 84' lang='lat' dir='ltr'>struere</span> <span class='ocrx_word' id='word_1_208' title='bbox 322 2174 421 2208; x_wconf 90' lang='lat' dir='ltr'>valet</span> <span class='ocrx_word' id='word_1_209' title='bbox 445 2176 593 2217; x_wconf 79' lang='lat' dir='ltr'>munire,</span> <span class='ocrx_word' id='word_1_210' title='bbox 619 2174 713 2219; x_wconf 88' lang='lat' dir='ltr'>quod</span> <span class='ocrx_word' id='word_1_211' title='bbox 736 2184 801 2207; x_wconf 86' lang='lat' dir='ltr'>nos</span> <span class='ocrx_word' id='word_1_212' title='bbox 819 2173 876 2207; x_wconf 92' lang='lat' dir='ltr'>di-</span> 
     </span>
     <span class='ocr_line' id='line_1_34' title="bbox 160 2222 879 2266; baseline 0 -11"><span class='ocrx_word' id='word_1_213' title='bbox 160 2223 272 2255; x_wconf 86' lang='lat' dir='ltr'>cimus</span> <span class='ocrx_word' id='word_1_214' title='bbox 302 2222 451 2256; x_wconf 78' lang='lat' dir='ltr'>balmen.</span> <span class='ocrx_word' id='word_1_215' title='bbox 490 2222 563 2256; x_wconf 86' lang='lat' dir='ltr'>lam</span> <span class='ocrx_word' id='word_1_216' title='bbox 591 2223 650 2257; x_wconf 78' lang='lat' dir='ltr'>via</span> <span class='ocrx_word' id='word_1_217' title='bbox 676 2223 719 2256; x_wconf 84' lang='lat' dir='ltr'>ad</span> <span class='ocrx_word' id='word_1_218' title='bbox 747 2227 879 2266; x_wconf 87' lang='lat' dir='ltr'>poten-</span> 
     </span>
     <span class='ocr_line' id='line_1_35' title="bbox 158 2271 878 2315; baseline 0 -12"><span class='ocrx_word' id='word_1_219' title='bbox 158 2271 241 2303; x_wconf 83' lang='lat' dir='ltr'>tiam</span> <span class='ocrx_word' id='word_1_220' title='bbox 290 2276 325 2304; x_wconf 91' lang='lat' dir='ltr'>et</span> <span class='ocrx_word' id='word_1_221' title='bbox 366 2272 513 2304; x_wconf 83' lang='lat' dir='ltr'>struitur</span> <span class='ocrx_word' id='word_1_222' title='bbox 554 2276 590 2305; x_wconf 88' lang='lat' dir='ltr'>et</span> <span class='ocrx_word' id='word_1_223' title='bbox 633 2272 878 2315; x_wconf 86' lang='lat' dir='ltr'>praemunitur</span> 
     </span>
     <span class='ocr_line' id='line_1_36' title="bbox 159 2319 877 2364; baseline 0.001 -13"><span class='ocrx_word' id='word_1_224' title='bbox 159 2319 237 2352; x_wconf 90' lang='lat' dir='ltr'>sive</span> <span class='ocrx_word' id='word_1_225' title='bbox 265 2325 520 2364; x_wconf 84' lang='lat' dir='ltr'>praeparatur,</span> <span class='ocrx_word' id='word_1_226' title='bbox 550 2320 612 2353; x_wconf 91' lang='lat' dir='ltr'>sed</span> <span class='ocrx_word' id='word_1_227' title='bbox 639 2321 711 2354; x_wconf 90' lang='lat' dir='ltr'>vim</span> <span class='ocrx_word' id='word_1_228' title='bbox 739 2324 877 2353; x_wconf 87' lang='lat' dir='ltr'>struere</span> 
     </span>
     <span class='ocr_line' id='line_1_37' title="bbox 160 2366 878 2411; baseline 0 -11"><span class='ocrx_word' id='word_1_229' title='bbox 160 2366 202 2400; x_wconf 84' lang='lat' dir='ltr'>ad</span> <span class='ocrx_word' id='word_1_230' title='bbox 231 2369 440 2411; x_wconf 84' lang='lat' dir='ltr'>potentiam,</span> <span class='ocrx_word' id='word_1_231' title='bbox 470 2372 507 2401; x_wconf 86' lang='lat' dir='ltr'>ut</span> <span class='ocrx_word' id='word_1_232' title='bbox 536 2373 590 2402; x_wconf 87' lang='lat' dir='ltr'>est</span> <span class='ocrx_word' id='word_1_233' title='bbox 617 2369 650 2401; x_wconf 93' lang='lat' dir='ltr'>in</span> <span class='ocrx_word' id='word_1_234' title='bbox 680 2368 878 2409; x_wconf 83' lang='lat' dir='ltr'>codicibus,</span> 
     </span>
     <span class='ocr_line' id='line_1_38' title="bbox 158 2415 880 2454; baseline 0.001 -7"><span class='ocrx_word' id='word_1_235' title='bbox 158 2415 283 2449; x_wconf 86' lang='lat' dir='ltr'>Latine</span> <span class='ocrx_word' id='word_1_236' title='bbox 304 2416 375 2450; x_wconf 91' lang='lat' dir='ltr'>dici</span> <span class='ocrx_word' id='word_1_237' title='bbox 394 2426 498 2450; x_wconf 90' lang='lat' dir='ltr'>nemo</span> <span class='ocrx_word' id='word_1_238' title='bbox 526 2416 634 2450; x_wconf 82' lang='lat' dir='ltr'>facile</span> <span class='ocrx_word' id='word_1_239' title='bbox 655 2416 880 2454; x_wconf 83' lang='lat' dir='ltr'>demonstra-</span> 
     </span>
     <span class='ocr_line' id='line_1_39' title="bbox 159 2464 879 2508; baseline -0.001 -11"><span class='ocrx_word' id='word_1_240' title='bbox 159 2464 263 2497; x_wconf 85' lang='lat' dir='ltr'>verit.</span> <span class='ocrx_word' id='word_1_241' title='bbox 302 2464 375 2498; x_wconf 83' lang='lat' dir='ltr'>Vim</span> <span class='ocrx_word' id='word_1_242' title='bbox 392 2476 435 2498; x_wconf 88' lang='lat' dir='ltr'>ex</span> <span class='ocrx_word' id='word_1_243' title='bbox 457 2464 668 2508; x_wconf 89' lang='lat' dir='ltr'>compendio</span> <span class='ocrx_word' id='word_1_244' title='bbox 687 2465 744 2498; x_wconf 76' lang='lat' dir='ltr'>via</span> <span class='ocrx_word' id='word_1_245' title='bbox 760 2475 879 2498; x_wconf 87' lang='lat' dir='ltr'>emer-</span> 
     </span>
     <span class='ocr_line' id='line_1_40' title="bbox 162 2510 659 2546; baseline -0.004 0"><span class='ocrx_word' id='word_1_246' title='bbox 162 2513 220 2546; x_wconf 91' lang='lat' dir='ltr'>sit.</span> <span class='ocrx_word' id='word_1_247' title='bbox 259 2510 362 2546; x_wconf 84' lang='lat' dir='ltr'>conf.</span> <span class='ocrx_word' id='word_1_248' title='bbox 391 2512 431 2546; x_wconf 91' lang='lat' dir='ltr'>H.</span> <span class='ocrx_word' id='word_1_249' title='bbox 462 2513 491 2545; x_wconf 92' lang='lat' dir='ltr'>V</span> <span class='ocrx_word' id='word_1_250' title='bbox 518 2513 542 2546; x_wconf 81' lang='lat'>4</span> <span class='ocrx_word' id='word_1_251' title='bbox 569 2517 659 2545; x_wconf 81' lang='lat' dir='ltr'>extr.</span> 
     </span>
    </p>

    <p class='ocr_par' dir='ltr' id='par_1_10' title="bbox 160 2560 879 2799">
     <span class='ocr_line' id='line_1_41' title="bbox 232 2560 879 2604; baseline -0.002 -11"><span class='ocrx_word' id='word_1_252' title='bbox 232 2560 498 2604; x_wconf 80' lang='lat' dir='ltr'>interfectorum</span> <span class='ocrx_word' id='word_1_253' title='bbox 533 2561 775 2594; x_wconf 82' lang='lat' dir='ltr'>centurionum</span> <span class='ocrx_word' id='word_1_254' title='bbox 817 2571 879 2592; x_wconf 91' lang='lat' dir='ltr'>or-</span> 
     </span>
     <span class='ocr_line' id='line_1_42' title="bbox 161 2607 878 2654; baseline -0.001 -13"><span class='ocrx_word' id='word_1_255' title='bbox 161 2607 259 2642; x_wconf 80' lang='lat' dir='ltr'>dines</span> <span class='ocrx_word' id='word_1_256' title='bbox 296 2607 489 2653; x_wconf 72' lang='lat' dir='ltr'>leqionibus</span> <span class='ocrx_word' id='word_1_257' title='bbox 522 2608 712 2654; x_wconf 80' lang='lat' dir='ltr'>offerebat.-</span> <span class='ocrx_word' id='word_1_258' title='bbox 749 2613 878 2641; x_wconf 90' lang='lat' dir='ltr'>centu-</span> 
     </span>
     <span class='ocr_line' id='line_1_43' title="bbox 160 2656 878 2701; baseline 0 -12"><span class='ocrx_word' id='word_1_259' title='bbox 160 2657 280 2690; x_wconf 89' lang='lat' dir='ltr'>riones</span> <span class='ocrx_word' id='word_1_260' title='bbox 307 2657 342 2690; x_wconf 90' lang='lat' dir='ltr'>in</span> <span class='ocrx_word' id='word_1_261' title='bbox 369 2656 518 2701; x_wconf 87' lang='lat' dir='ltr'>proeliis</span> <span class='ocrx_word' id='word_1_262' title='bbox 545 2657 686 2691; x_wconf 81' lang='lat' dir='ltr'>occisos</span> <span class='ocrx_word' id='word_1_263' title='bbox 707 2666 779 2688; x_wconf 90' lang='lat' dir='ltr'>non</span> <span class='ocrx_word' id='word_1_264' title='bbox 800 2656 878 2700; x_wconf 86' lang='lat' dir='ltr'>ipse</span> 
     </span>
     <span class='ocr_line' id='line_1_44' title="bbox 161 2704 878 2751; baseline -0.001 -13"><span class='ocrx_word' id='word_1_265' title='bbox 161 2705 366 2749; x_wconf 89' lang='lat' dir='ltr'>supplevit,</span> <span class='ocrx_word' id='word_1_266' title='bbox 395 2705 459 2739; x_wconf 88' lang='lat' dir='ltr'>sed</span> <span class='ocrx_word' id='word_1_267' title='bbox 484 2704 590 2738; x_wconf 89' lang='lat' dir='ltr'>militi</span> <span class='ocrx_word' id='word_1_268' title='bbox 616 2705 783 2751; x_wconf 83' lang='lat' dir='ltr'>gregario</span> <span class='ocrx_word' id='word_1_269' title='bbox 811 2704 878 2738; x_wconf 87' lang='lat' dir='ltr'>de-</span> 
     </span>
     <span class='ocr_line' id='line_1_45' title="bbox 161 2753 777 2799; baseline -0.002 -12"><span class='ocrx_word' id='word_1_270' title='bbox 161 2753 327 2799; x_wconf 88' lang='lat' dir='ltr'>ligendos</span> <span class='ocrx_word' id='word_1_271' title='bbox 357 2753 531 2798; x_wconf 82' lang='lat' dir='ltr'>permisit.</span> <span class='ocrx_word' id='word_1_272' title='bbox 770 2766 777 2771; x_wconf 85' lang='grc'><em>·</em></span> 
     </span>
    </p>

    <p class='ocr_par' dir='ltr' id='par_1_11' title="bbox 160 2801 878 2942">
     <span class='ocr_line' id='line_1_46' title="bbox 233 2801 878 2848; baseline -0.003 -13"><span class='ocrx_word' id='word_1_273' title='bbox 233 2813 313 2835; x_wconf 71' lang='lat' dir='ltr'>moz-</span> <span class='ocrx_word' id='word_1_274' title='bbox 346 2803 385 2836; x_wconf 84' lang='lat' dir='ltr'>in</span> <span class='ocrx_word' id='word_1_275' title='bbox 417 2802 589 2848; x_wconf 83' lang='lat' dir='ltr'>praedam</span> <span class='ocrx_word' id='word_1_276' title='bbox 619 2802 801 2836; x_wconf 81' lang='lat' dir='ltr'>vertebat:</span> <span class='ocrx_word' id='word_1_277' title='bbox 839 2801 878 2834; x_wconf 78' lang='lat' dir='ltr'>in</span> 
     </span>
     <span class='ocr_line' id='line_1_47' title="bbox 160 2848 878 2895; baseline 0.001 -13"><span class='ocrx_word' id='word_1_278' title='bbox 160 2851 331 2894; x_wconf 81' lang='lat' dir='ltr'>praedam</span> <span class='ocrx_word' id='word_1_279' title='bbox 356 2850 454 2885; x_wconf 86' lang='lat' dir='ltr'>valet</span> <span class='ocrx_word' id='word_1_280' title='bbox 479 2855 517 2884; x_wconf 90' lang='lat' dir='ltr'>ut</span> <span class='ocrx_word' id='word_1_281' title='bbox 542 2851 612 2894; x_wconf 88' lang='lat' dir='ltr'>ipsi</span> <span class='ocrx_word' id='word_1_282' title='bbox 639 2850 771 2895; x_wconf 86' lang='lat' dir='ltr'>praeda</span> <span class='ocrx_word' id='word_1_283' title='bbox 795 2848 878 2883; x_wconf 89' lang='lat' dir='ltr'>inde</span> 
     </span>
     <span class='ocr_line' id='line_1_48' title="bbox 162 2897 876 2942; baseline 0.001 -12"><span class='ocrx_word' id='word_1_284' title='bbox 162 2897 282 2942; x_wconf 82' lang='lat' dir='ltr'>fieret3</span> <span class='ocrx_word' id='word_1_285' title='bbox 321 2910 402 2933; x_wconf 75' lang='lat' dir='ltr'>moa:</span> <span class='ocrx_word' id='word_1_286' title='bbox 436 2900 669 2933; x_wconf 87' lang='lat' dir='ltr'>mutationem</span> <span class='ocrx_word' id='word_1_287' title='bbox 703 2899 756 2932; x_wconf 84' lang='lat' dir='ltr'>rei</span> <span class='ocrx_word' id='word_1_288' title='bbox 793 2902 876 2932; x_wconf 82' lang='lat' dir='ltr'>ante</span> 
     </span>
    </p>
   </div>
   <div class='ocr_carea' id='block_1_9' title="bbox 161 2946 876 2993">
    <p class='ocr_par' dir='ltr' id='par_1_12' title="bbox 161 2946 876 2993">
     <span class='ocr_line' id='line_1_49' title="bbox 161 2946 876 2993; baseline -0.001 -12"><span class='ocrx_word' id='word_1_289' title='bbox 161 2946 344 2983; x_wconf 84' lang='lat' dir='ltr'>factitatae</span> <span class='ocrx_word' id='word_1_290' title='bbox 370 2947 551 2993; x_wconf 86' lang='lat' dir='ltr'>producit.</span> <span class='ocrx_word' id='word_1_291' title='bbox 615 2947 788 2983; x_wconf 85' lang='lat' dir='ltr'>Nimirum</span> <span class='ocrx_word' id='word_1_292' title='bbox 815 2957 876 2981; x_wconf 88' lang='lat' dir='ltr'>or·-</span> 
     </span>
    </p>
   </div>
   <div class='ocr_carea' id='block_1_10' title="bbox 946 1978 1667 2943">
    <p class='ocr_par' dir='ltr' id='par_1_13' title="bbox 947 1978 1665 2256">
     <span class='ocr_line' id='line_1_50' title="bbox 948 1978 1664 2014; baseline -0.003 0"><span class='ocrx_word' id='word_1_293' title='bbox 948 1981 1049 2014; x_wconf 85' lang='lat' dir='ltr'>dines</span> <span class='ocrx_word' id='word_1_294' title='bbox 1089 1980 1338 2014; x_wconf 87' lang='lat' dir='ltr'>centurionum</span> <span class='ocrx_word' id='word_1_295' title='bbox 1378 1978 1523 2012; x_wconf 84' lang='lat' dir='ltr'>nomine</span> <span class='ocrx_word' id='word_1_296' title='bbox 1559 1981 1664 2012; x_wconf 77' lang='lat' dir='ltr'>tenus</span> 
     </span>
     <span class='ocr_line' id='line_1_51' title="bbox 947 2026 1664 2069; baseline -0.003 -7"><span class='ocrx_word' id='word_1_297' title='bbox 947 2040 967 2062; x_wconf 88' lang='lat' dir='ltr'>a</span> <span class='ocrx_word' id='word_1_298' title='bbox 997 2028 1172 2062; x_wconf 86' lang='lat' dir='ltr'>militibus</span> <span class='ocrx_word' id='word_1_299' title='bbox 1210 2026 1499 2069; x_wconf 83' lang='lat' dir='ltr'>destinabantur,</span> <span class='ocrx_word' id='word_1_300' title='bbox 1536 2027 1601 2060; x_wconf 85' lang='lat' dir='ltr'>sed</span> <span class='ocrx_word' id='word_1_301' title='bbox 1625 2036 1664 2060; x_wconf 83' lang='lat' dir='ltr'>re</span> 
     </span>
     <span class='ocr_line' id='line_1_52' title="bbox 947 2075 1665 2118; baseline -0.001 -8"><span class='ocrx_word' id='word_1_302' title='bbox 947 2087 1034 2111; x_wconf 86' lang='lat' dir='ltr'>vera</span> <span class='ocrx_word' id='word_1_303' title='bbox 1060 2077 1096 2109; x_wconf 91' lang='lat' dir='ltr'>in</span> <span class='ocrx_word' id='word_1_304' title='bbox 1124 2076 1270 2110; x_wconf 85' lang='lat' dir='ltr'>arbitrio</span> <span class='ocrx_word' id='word_1_305' title='bbox 1294 2075 1443 2109; x_wconf 84' lang='lat' dir='ltr'>Antonii</span> <span class='ocrx_word' id='word_1_306' title='bbox 1469 2079 1593 2118; x_wconf 79' lang='lat' dir='ltr'>erant,</span> <span class='ocrx_word' id='word_1_307' title='bbox 1627 2079 1665 2109; x_wconf 85' lang='lat' dir='ltr'>ut</span> 
     </span>
     <span class='ocr_line' id='line_1_53' title="bbox 949 2123 1665 2170; baseline -0.003 -11"><span class='ocrx_word' id='word_1_308' title='bbox 949 2127 1008 2170; x_wconf 87' lang='lat' dir='ltr'>qui</span> <span class='ocrx_word' id='word_1_309' title='bbox 1047 2126 1205 2169; x_wconf 81' lang='lat' dir='ltr'>aspirare.</span> <span class='ocrx_word' id='word_1_310' title='bbox 1248 2124 1293 2158; x_wconf 87' lang='lat' dir='ltr'>ad</span> <span class='ocrx_word' id='word_1_311' title='bbox 1338 2134 1415 2158; x_wconf 88' lang='lat' dir='ltr'>eam</span> <span class='ocrx_word' id='word_1_312' title='bbox 1453 2123 1665 2168; x_wconf 81' lang='lat' dir='ltr'>dignitatem</span> 
     </span>
     <span class='ocr_line' id='line_1_54' title="bbox 947 2173 1665 2218; baseline -0.001 -11"><span class='ocrx_word' id='word_1_313' title='bbox 947 2173 1105 2216; x_wconf 87' lang='lat' dir='ltr'>vellent,</span> <span class='ocrx_word' id='word_1_314' title='bbox 1145 2173 1240 2207; x_wconf 89' lang='lat' dir='ltr'>hunc</span> <span class='ocrx_word' id='word_1_315' title='bbox 1272 2173 1427 2218; x_wconf 85' lang='lat' dir='ltr'>pecunia</span> <span class='ocrx_word' id='word_1_316' title='bbox 1463 2176 1665 2218; x_wconf 85' lang='lat' dir='ltr'>promptum</span> 
     </span>
     <span class='ocr_line' id='line_1_55' title="bbox 950 2222 1219 2256; baseline -0.004 0"><span class='ocrx_word' id='word_1_317' title='bbox 950 2222 1017 2256; x_wconf 91' lang='lat' dir='ltr'>sibi</span> <span class='ocrx_word' id='word_1_318' title='bbox 1046 2222 1219 2256; x_wconf 86' lang='lat' dir='ltr'>facerent.</span> 
     </span>
    </p>

    <p class='ocr_par' dir='ltr' id='par_1_14' title="bbox 948 2267 1667 2650">
     <span class='ocr_line' id='line_1_56' title="bbox 1019 2267 1666 2314; baseline -0.003 -10"><span class='ocrx_word' id='word_1_319' title='bbox 1019 2271 1110 2314; x_wconf 80' lang='lat' dir='ltr'>quod</span> <span class='ocrx_word' id='word_1_320' title='bbox 1135 2270 1316 2305; x_wconf 77' lang='lat' dir='ltr'>exitiosius</span> <span class='ocrx_word' id='word_1_321' title='bbox 1343 2274 1422 2303; x_wconf 85' lang='lat' dir='ltr'>erat</span> <span class='ocrx_word' id='word_1_322' title='bbox 1450 2278 1554 2314; x_wconf 75' lang='lat' dir='ltr'>quam</span> <span class='ocrx_word' id='word_1_323' title='bbox 1596 2267 1666 2302; x_wconf 73' lang='lat' dir='ltr'>Ve-</span> 
     </span>
     <span class='ocr_line' id='line_1_57' title="bbox 948 2317 1667 2364; baseline -0.003 -12"><span class='ocrx_word' id='word_1_324' title='bbox 948 2319 1153 2364; x_wconf 81' lang='lat' dir='ltr'>spasianum</span> <span class='ocrx_word' id='word_1_325' title='bbox 1178 2319 1348 2364; x_wconf 81' lang='lat' dir='ltr'>sprevisse</span> <span class='ocrx_word' id='word_1_326' title='bbox 1362 2329 1374 2351; x_wconf 92' lang='lat'>.·</span> <span class='ocrx_word' id='word_1_327' title='bbox 1402 2317 1587 2351; x_wconf 77' lang='lat' dir='ltr'>Mucianus</span> <span class='ocrx_word' id='word_1_328' title='bbox 1602 2325 1667 2351; x_wconf 77' lang='lat' dir='ltr'>so-</span> 
     </span>
     <span class='ocr_line' id='line_1_58' title="bbox 950 2365 1666 2413; baseline -0.004 -13"><span class='ocrx_word' id='word_1_329' title='bbox 950 2368 1043 2400; x_wconf 89' lang='lat' dir='ltr'>cium</span> <span class='ocrx_word' id='word_1_330' title='bbox 1077 2369 1191 2413; x_wconf 90' lang='lat' dir='ltr'>magis</span> <span class='ocrx_word' id='word_1_331' title='bbox 1225 2367 1365 2412; x_wconf 88' lang='lat' dir='ltr'>imperii</span> <span class='ocrx_word' id='word_1_332' title='bbox 1407 2375 1513 2411; x_wconf 81' lang='lat' dir='ltr'>quam</span> <span class='ocrx_word' id='word_1_333' title='bbox 1555 2365 1666 2399; x_wconf 85' lang='lat' dir='ltr'>mini-</span> 
     </span>
     <span class='ocr_line' id='line_1_59' title="bbox 949 2412 1664 2461; baseline -0.003 -13"><span class='ocrx_word' id='word_1_334' title='bbox 949 2421 1058 2449; x_wconf 87' lang='lat' dir='ltr'>strum</span> <span class='ocrx_word' id='word_1_335' title='bbox 1098 2426 1211 2461; x_wconf 84' lang='lat' dir='ltr'>agens</span> <span class='ocrx_word' id='word_1_336' title='bbox 1250 2413 1427 2448; x_wconf 84' lang='lat' dir='ltr'>eiusmodi</span> <span class='ocrx_word' id='word_1_337' title='bbox 1462 2412 1664 2458; x_wconf 83' lang='lat' dir='ltr'>superbiam</span> 
     </span>
     <span class='ocr_line' id='line_1_60' title="bbox 949 2460 1664 2508; baseline -0.004 -11"><span class='ocrx_word' id='word_1_338' title='bbox 949 2463 1112 2497; x_wconf 86' lang='lat' dir='ltr'>severius</span> <span class='ocrx_word' id='word_1_339' title='bbox 1136 2473 1238 2508; x_wconf 87' lang='lat' dir='ltr'>quam</span> <span class='ocrx_word' id='word_1_340' title='bbox 1277 2464 1443 2507; x_wconf 85' lang='lat' dir='ltr'>princeps</span> <span class='ocrx_word' id='word_1_341' title='bbox 1480 2460 1664 2495; x_wconf 86' lang='lat' dir='ltr'>vindicare</span> 
     </span>
     <span class='ocr_line' id='line_1_61' title="bbox 951 2508 1662 2555; baseline -0.004 -10"><span class='ocrx_word' id='word_1_342' title='bbox 951 2510 1130 2555; x_wconf 83' lang='lat' dir='ltr'>cupiebat.</span> <span class='ocrx_word' id='word_1_343' title='bbox 1166 2510 1270 2544; x_wconf 84' lang='lat' dir='ltr'>Conf.</span> <span class='ocrx_word' id='word_1_344' title='bbox 1300 2510 1341 2544; x_wconf 85' lang='lat' dir='ltr'>H.</span> <span class='ocrx_word' id='word_1_345' title='bbox 1370 2508 1416 2542; x_wconf 89' lang='lat' dir='ltr'>lll</span> <span class='ocrx_word' id='word_1_346' title='bbox 1441 2509 1499 2551; x_wconf 85' lang='lat'>53,</span> <span class='ocrx_word' id='word_1_347' title='bbox 1527 2508 1577 2542; x_wconf 85' lang='lat' dir='ltr'>lv</span> <span class='ocrx_word' id='word_1_348' title='bbox 1607 2510 1662 2543; x_wconf 86' lang='lat'>11.</span> 
     </span>
     <span class='ocr_line' id='line_1_62' title="bbox 949 2557 1664 2603; baseline -0.003 -11"><span class='ocrx_word' id='word_1_349' title='bbox 949 2558 1018 2593; x_wconf 93' lang='lat' dir='ltr'>Sed</span> <span class='ocrx_word' id='word_1_350' title='bbox 1057 2563 1176 2592; x_wconf 85' lang='lat' dir='ltr'>tamen</span> <span class='ocrx_word' id='word_1_351' title='bbox 1222 2557 1313 2591; x_wconf 88' lang='lat' dir='ltr'>nihil</span> <span class='ocrx_word' id='word_1_352' title='bbox 1356 2557 1502 2603; x_wconf 86' lang='lat' dir='ltr'>gravius</span> <span class='ocrx_word' id='word_1_353' title='bbox 1538 2567 1664 2603; x_wconf 75' lang='lat' dir='ltr'>passus</span> 
     </span>
     <span class='ocr_line' id='line_1_63' title="bbox 951 2604 1589 2650; baseline 0 -10"><span class='ocrx_word' id='word_1_354' title='bbox 951 2612 1003 2640; x_wconf 87' lang='lat' dir='ltr'>est</span> <span class='ocrx_word' id='word_1_355' title='bbox 1027 2607 1229 2650; x_wconf 89' lang='lat' dir='ltr'>Antonius;</span> <span class='ocrx_word' id='word_1_356' title='bbox 1255 2617 1290 2640; x_wconf 90' lang='lat' dir='ltr'>v.</span> <span class='ocrx_word' id='word_1_357' title='bbox 1314 2605 1358 2639; x_wconf 88' lang='lat' dir='ltr'>ad</span> <span class='ocrx_word' id='word_1_358' title='bbox 1383 2605 1424 2639; x_wconf 88' lang='lat' dir='ltr'>H.</span> <span class='ocrx_word' id='word_1_359' title='bbox 1457 2604 1502 2639; x_wconf 88' lang='lat' dir='ltr'>lv</span> <span class='ocrx_word' id='word_1_360' title='bbox 1526 2604 1589 2640; x_wconf 89' lang='lat'>80.</span> 
     </span>
    </p>

    <p class='ocr_par' dir='ltr' id='par_1_15' title="bbox 946 2653 1666 2943">
     <span class='ocr_line' id='line_1_64' title="bbox 1024 2653 1666 2700; baseline -0.003 -12"><span class='ocrx_word' id='word_1_361' title='bbox 1024 2654 1107 2700; x_wconf 86' lang='lat' dir='ltr'>Cap.</span> <span class='ocrx_word' id='word_1_362' title='bbox 1137 2656 1195 2691; x_wconf 83' lang='lat'>50.</span> <span class='ocrx_word' id='word_1_363' title='bbox 1226 2655 1386 2688; x_wconf 75' lang='lat' dir='ltr'>cohortes</span> <span class='ocrx_word' id='word_1_364' title='bbox 1414 2653 1562 2698; x_wconf 79' lang='lat' dir='ltr'>alaeque</span> <span class='ocrx_word' id='word_1_365' title='bbox 1589 2658 1622 2687; x_wconf 82' lang='lat' dir='ltr'>et</span> <span class='ocrx_word' id='word_1_366' title='bbox 1647 2663 1666 2686; x_wconf 81' lang='lat' dir='ltr'>e</span> 
     </span>
     <span class='ocr_line' id='line_1_65' title="bbox 948 2703 1664 2748; baseline -0.003 -12"><span class='ocrx_word' id='word_1_367' title='bbox 948 2704 1142 2748; x_wconf 66' lang='lat' dir='ltr'>legionibus</span> <span class='ocrx_word' id='word_1_368' title='bbox 1167 2703 1270 2737; x_wconf 81' lang='lat' dir='ltr'>lecti.-</span> <span class='ocrx_word' id='word_1_369' title='bbox 1295 2703 1356 2748; x_wconf 87' lang='lat' dir='ltr'>qui</span> <span class='ocrx_word' id='word_1_370' title='bbox 1387 2707 1568 2746; x_wconf 86' lang='lat' dir='ltr'>postremo</span> <span class='ocrx_word' id='word_1_371' title='bbox 1594 2710 1664 2735; x_wconf 85' lang='lat' dir='ltr'>no-</span> 
     </span>
     <span class='ocr_line' id='line_1_66' title="bbox 948 2749 1665 2795; baseline -0.001 -11"><span class='ocrx_word' id='word_1_372' title='bbox 948 2754 1146 2795; x_wconf 80' lang='lat' dir='ltr'>minantur,</span> <span class='ocrx_word' id='word_1_373' title='bbox 1185 2757 1267 2785; x_wconf 91' lang='lat' dir='ltr'>sunt</span> <span class='ocrx_word' id='word_1_374' title='bbox 1292 2750 1473 2785; x_wconf 85' lang='lat' dir='ltr'>vexillarii</span> <span class='ocrx_word' id='word_1_375' title='bbox 1508 2749 1569 2785; x_wconf 87' lang='lat' dir='ltr'>vel</span> <span class='ocrx_word' id='word_1_376' title='bbox 1594 2759 1665 2784; x_wconf 83' lang='lat' dir='ltr'>ve-</span> 
     </span>
     <span class='ocr_line' id='line_1_67' title="bbox 947 2797 1663 2845; baseline -0.001 -12"><span class='ocrx_word' id='word_1_377' title='bbox 947 2800 1117 2843; x_wconf 86' lang='lat' dir='ltr'>xillares‚</span> <span class='ocrx_word' id='word_1_378' title='bbox 1152 2799 1184 2833; x_wconf 92' lang='lat' dir='ltr'>h.</span> <span class='ocrx_word' id='word_1_379' title='bbox 1223 2811 1256 2835; x_wconf 90' lang='lat' dir='ltr'>e.</span> <span class='ocrx_word' id='word_1_380' title='bbox 1299 2799 1433 2844; x_wconf 84' lang='lat' dir='ltr'>singuli</span> <span class='ocrx_word' id='word_1_381' title='bbox 1477 2797 1663 2845; x_wconf 77' lang='lat' dir='ltr'>legionum</span> 
     </span>
     <span class='ocr_line' id='line_1_68' title="bbox 947 2844 1664 2894; baseline -0.003 -12"><span class='ocrx_word' id='word_1_382' title='bbox 947 2849 1047 2894; x_wconf 85' lang='lat' dir='ltr'>globi</span> <span class='ocrx_word' id='word_1_383' title='bbox 1075 2853 1111 2883; x_wconf 90' lang='lat' dir='ltr'>et</span> <span class='ocrx_word' id='word_1_384' title='bbox 1135 2848 1330 2893; x_wconf 85' lang='lat' dir='ltr'>manipuli‚·</span> <span class='ocrx_word' id='word_1_385' title='bbox 1355 2847 1401 2881; x_wconf 84' lang='lat' dir='ltr'>cf.</span> <span class='ocrx_word' id='word_1_386' title='bbox 1429 2851 1550 2882; x_wconf 82' lang='lat' dir='ltr'>annot.</span> <span class='ocrx_word' id='word_1_387' title='bbox 1577 2845 1621 2881; x_wconf 81' lang='lat' dir='ltr'>ad</span> <span class='ocrx_word' id='word_1_388' title='bbox 1649 2844 1664 2880; x_wconf 85' lang='lat'>1</span> 
     </span>
     <span class='ocr_line' id='line_1_69' title="bbox 946 2893 1665 2943; baseline -0.004 -12"><span class='ocrx_word' id='word_1_389' title='bbox 946 2897 1004 2932; x_wconf 87' lang='grc'>38.</span> <span class='ocrx_word' id='word_1_390' title='bbox 1102 2898 1288 2943; x_wconf 67' lang='lat' dir='ltr'>profligato</span> <span class='ocrx_word' id='word_1_391' title='bbox 1315 2897 1388 2930; x_wconf 86' lang='lat' dir='ltr'>iam</span> <span class='ocrx_word' id='word_1_392' title='bbox 1414 2895 1524 2930; x_wconf 78' lang='lat' dir='ltr'>bello.-</span> <span class='ocrx_word' id='word_1_393' title='bbox 1556 2905 1595 2931; x_wconf 66' lang='grc' dir='ltr'>Ὗ.</span> <span class='ocrx_word' id='word_1_394' title='bbox 1620 2893 1665 2929; x_wconf 75' lang='lat' dir='ltr'>ad</span> 
     </span>
    </p>
   </div>
  </div>
 </body>
</html>
