1768 3216
52 1036 66 1083 *wa
56 749 61 755 .

46 762 91 1036 “&·-..-.,J-„,Jvs
50 553 83 747 *MA

793 187 882 223 Car.
908 190 968 225 34.
1563 194 1635 235 828

145 313 200 348 ex
228 302 381 344 invidis
413 307 454 345 et
480 302 738 357 faventibus,
780 308 823 346 ut
852 317 932 346 nec
962 305 1070 347 benc
1113 306 1223 349 dicta
1266 307 1638 352 dissimularentur.

143 377 269 420 Scitis
300 378 411 420 enim
440 391 633 434 magnam
678 379 788 422 illam
829 384 869 421 et
907 380 1144 423 duraturam
1184 382 1447 436 eloquentiae
1488 384 1640 428 famam

141 463 228 494 non
258 452 394 494 minus
425 453 466 493 in
495 453 675 495 diversis
706 454 917 497 subselliis
947 456 1086 509 parari
1117 468 1238 510 quam
1264 457 1379 510 suis3
1410 458 1509 500 inde
1540 460 1639 513 quin

141 525 267 570 immo
309 527 567 569 constantius
606 541 806 583 surgere,
845 530 901 570 ibi
945 530 1107 571 fidelius
1150 531 1430 573 corroborari.
1500 533 1638 587 Atque

140 601 320 645 Hercule
350 602 428 644 sub
459 603 664 644 eiusmodi
691 604 1034 658 praeceptoribus
1064 605 1227 646 iuvenis
1257 605 1327 646 ille
1358 606 1410 647 de
1443 618 1523 660 quo
1568 607 1669 654 lo-5

140 677 319 730 qutmur,
349 681 559 719 oratorum
582 677 823 732 discipulus,
858 679 939 720 fori
962 679 1139 731 auditor,
1167 683 1351 721 sectator
1373 680 1636 733 iudiciorum,
1718 665 1727 670 ⁴

140 751 327 794 eruditus
357 756 398 793 et
429 752 696 795 adsuefactus
728 752 875 795 alienis
906 753 1214 807 experimentis,
1247 754 1312 794 cui
1345 754 1530 808 quotidie
1561 767 1639 796 au«-

140 825 273 870 dieuti
301 830 425 868 notae
454 826 585 882 leges,
615 839 699 868 non
725 827 823 869 novi
840 827 1022 869 iudicum
1037 828 1188 880 vultuS,
1222 828 1419 882 frequens
1440 829 1485 870 in
1502 828 1637 871 oculis

135 900 400 948 *consuetudo
431 902 683 955 contionum,
713 914 839 956 saepe
870 903 1066 957 cognitae
1095 902 1236 956 populi
1261 914 1407 955 aures,
1436 903 1527 945 sive
1557 916 1635 945 ac-

139 976 400 1019 cusationem
429 980 681 1030 susceperat·
702 977 792 1017 sive
819 976 1123 1029 defensionem,
1154 976 1269 1018 solus
1302 978 1438 1019 statim
1469 982 1510 1019 et
1527 990 1632 1020 unus
1649 990 1689 1020 ro

140 1050 386 1106 cuicumque
418 1063 571 1093 causae
598 1063 673 1105 par
702 1054 813 1108 erat.⁷
844 1050 1133 1092 Nonodecimo
1166 1050 1313 1092 aetatis
1344 1063 1452 1092 anno
1485 1051 1635 1093 Lucius

1210 1231 1471 1266 dissimularent
1496 1230 1536 1273 F,
1564 1241 1637 1264 non

1302 1281 1356 1313 11.
1385 1290 1477 1312 nono
1505 1280 1636 1313 decimo

238 1234 268 1267 l.
295 1243 363 1267 nec
389 1234 475 1267 bene
503 1232 599 1266 dicta
625 1232 671 1265 P:
697 1243 763 1266 nec
788 1233 938 1266 breviter
963 1232 1058 1266 dicta
1081 1231 1119 1265 F.

135 1282 175 1316 P.
250 1284 285 1318 5.
314 1281 457 1316 hercule
482 1281 519 1324 P,
549 1291 619 1314 nou
645 1280 773 1314 hercle.
862 1281 896 1316 9.
924 1291 1023 1314 conc.
1052 1290 1146 1313 nunc
1175 1280 1211 1312 P.

137 1331 174 1365 P.
258 1331 299 1365 Ι..
327 1330 364 1364 Ρ.

921 1473 1055 1515 dimus,
1082 1472 1145 1506 sed
1173 1473 1286 1505 virum
1314 1473 1539 1507 consularem
1566 1478 1636 1507 tam

922 1522 1051 1555 frustra
1077 1522 1280 1565 quaerimus
1307 1532 1411 1566 quam
1437 1522 1474 1554 iu
1500 1521 1570 1556 illis
1588 1521 1633 1555 de

922 1569 1019 1603 Orat.
1040 1569 1093 1603 ·ll1
1117 1569 1164 1604 20
1190 1574 1249 1602 aut
1283 1570 1319 1602 in
1364 1569 1509 1603 Verrem
1534 1569 1583 1603 ΙΙΙ
1614 1571 1630 1603 1

137 1477 197 1524 qui
220 1477 372 1511 omnium
396 1476 601 1509 maturrime
628 1474 674 1507 ad
691 1473 850 1519 publicas

138 1537 264 1562 causas
287 1525 507 1567 accesserim,
543 1534 722 1567 armosque
748 1528 852 1555 natu,-

136 1586 244 1610 unum
269 1579 301 1608 et
336 1574 462 1618 viginti
498 1572 750 1606 nobilissimum
784 1570 850 1603 ho-

136 1625 265 1659 minem
290 1628 322 1656 et
350 1621 663 1666 eloquentissimum
687 1620 725 1652 in
754 1619 851 1652 iudi-

138 1674 229 1707 cium
255 1671 425 1710 vocart'm,
456 1669 596 1703 Tacitus
623 1668 712 1713 legit
739 1667 851 1700 unde-

136 1721 280 1767 viginti,
320 1724 357 1752 ut
392 1718 557 1752 Ciceroni
592 1712 848 1750 restituendum

137 1770 249 1805 suasit
281 1767 492 1802 Lambinus:
526 1766 595 1800 hoc
627 1765 721 1798 enlm
760 1765 852 1797 iuste

138 1818 290 1853 dubitari
317 1817 461 1861 nequit,
497 1816 580 1860 quin
614 1813 755 1847 Tacitus
790 1823 853 1846 sua

139 1879 184 1901 ex
198 1867 286 1911 ipsis
305 1863 490 1899 Ciceronis
506 1862 625 1896 verbis
639 1862 851 1905 sumpserit3

138 1916 185 1950 cl'.
213 1917 334 1948 annot.
372 1913 415 1946 ad
443 1924 473 1946 c.
504 1911 558 1946 18.
626 1911 662 1944 l..
706 1909 856 1943 Crassus

138 1969 242 1998 natus
267 1967 322 1997 est
346 1972 379 1995 a.
406 1960 478 1996 614
504 1971 536 1996 a.
566 1970 600 1993 u.
628 1958 738 2003 (613)
769 1958 856 1992 Gaio

137 2012 261 2057 Laelio
290 2015 327 2044 et
352 2009 486 2052 Quinto
513 2007 668 2043 Servilio
692 2006 855 2040 consuli-

138 2061 227 2103 buS,
265 2063 304 2092 ut
336 2058 503 2093 traditum
547 2068 567 2090 a
606 2055 784 2089 Cicerone
820 2056 855 2088 in

137 2109 251 2144 Bruto
279 2119 311 2142 c.
338 2107 411 2149 433
436 2107 504 2140 iam
532 2107 561 2139 si
600 2109 703 2138 natus
743 2113 855 2137 annos

137 2157 356 2201 undeviginti
406 2154 604 2188 Carbonem
657 2152 854 2194 accusavit,

139 2207 199 2251 qui
227 2203 354 2239 consul
380 2203 448 2236 fuit
474 2213 505 2236 a.
520 2202 593 2236 634
622 2202 744 2245 (633),
763 2200 856 2233 hunc

137 2254 301 2300 proximo
331 2255 414 2284 ante
429 2249 652 2284 consulatum
671 2249 748 2281 eius
762 2258 855 2281 anno

138 2303 183 2337 ad
208 2301 346 2335 iudices
372 2298 535 2339 adduxit,
562 2297 713 2330 fortasse
740 2295 855 2328 ambi-

138 2356 196 2384 tus
222 2359 322 2383 reum
350 2358 394 2381 ex
421 2346 575 2380 comitiis
606 2343 854 2377 consularibus

141 2411 175 2434 a.
204 2399 288 2434 633.
328 2396 390 2430 Sin
417 2395 544 2430 aetatis
570 2402 662 2426 anno
694 2392 854 2424 vicesimo

135 2448 251 2495 primo
274 2445 540 2479 accusationem
557 2441 728 2484 suscepit,
757 2450 852 2473 rcum

140 2508 186 2531 ex
200 2493 388 2530 consulatu
407 2491 604 2526 Carbonem
621 2489 708 2523 fecit
722 2499 753 2521 a.
771 2488 854 2522 635.

139 2545 217 2580 lloc
264 2543 388 2576 statuit
438 2539 667 2574 Weichertus
719 2537 843 2569 Poetar

139 2593 255 2628 Latin.
284 2591 385 2634 reliq.
415 2599 448 2633 p.
487 2587 582 2627 109,
620 2585 769 2618 Beierus
814 2582 856 2616 ad

141 2637 216 2675 Cic.
245 2639 312 2673 Off.
332 2637 361 2670 ll
382 2638 447 2670 13:
476 2645 545 2681 ego
572 2634 723 2667 alterum
749 2642 856 2676 prae-

146 2687 332 2723 ferendum
360 2689 455 2729 puto.
484 2683 655 2716 Nimirum
684 2682 718 2713 in
736 2679 856 2714 verbis

143 2735 328 2770 Ciceronis
385 2732 501 2777 (Brut.
550 2731 621 2764 43:
678 2729 855 2762 accusarit

144 2786 270 2819 Gaium
298 2782 492 2815 Carbonem
545 2777 855 2822 eloquentissimum

144 2833 316 2867 hominem
349 2829 532 2863 admodum
565 2826 785 2870 adolescens)
813 2825 856 2858 dc

145 2882 211 2916 hac
236 2879 464 2914 accusatione
491 2876 640 2920 scriptis.
657 2873 854 2908 Carbonem

144 2927 455 2975 eloquentissimum
467 2924 637 2958 hominem
654 2921 854 2966 deprehen-

922 1618 1090 1662 prolatis:
1125 1628 1336 1662 quamquam
1367 1617 1435 1651 hoc
1463 1617 1507 1651 ad
1532 1617 1634 1651 cele-

922 1666 1088 1699 brandam
1115 1667 1282 1699 virtutem
1310 1666 1427 1699 Crassi
1463 1666 1637 1709 imprimis

922 1719 1040 1758 aptum
1064 1714 1144 1748 fuit.
1172 1713 1296 1758 Neque
1312 1713 1380 1747 hoc
1394 1713 1634 1759 significatum

922 1768 975 1797 est
1002 1762 1068 1796 Off.
1095 1762 1125 1796 11
1156 1764 1221 1797 13:
1248 1773 1331 1794 nam
1358 1762 1486 1796 Lucius
1501 1761 1637 1805 quidem

924 1812 1091 1853 Crassus,
1119 1822 1195 1844 cum
1224 1816 1309 1844 esset
1338 1810 1521 1843 admodum
1547 1810 1637 1843 ado-

923 1861 1068 1900 lescens,
1098 1881 1143 1886 —-
1168 1859 1234 1892 siba·
1260 1859 1331 1904 ipse
1357 1859 1492 1904 peperit
1517 1859 1637 1891 maa-i.

920 1920 1011 1942 mam
1049 1907 1186 1942 laudem
1225 1918 1267 1940 ez·
1305 1906 1371 1940 illa
1408 1906 1635 1940 accusatione

921 1956 1030 1991 nobili
1056 1962 1087 1989 ct
1112 1956 1280 2001 yloriosa,
1306 1962 1338 1988 et
1364 1966 1431 1999 qua
1446 1960 1562 1988 aetate
1578 1955 1637 1998 qui

923 2010 1132 2039 exercentur
1157 2003 1259 2037 laude
1286 2005 1383 2048 affici
1422 2003 1555 2044 solent,
1594 2022 1640 2028 —-

923 2065 965 2087 ea
1005 2058 1120 2086 aetate
1146 2053 1275 2086 Lucius
1303 2052 1451 2085 Crassus
1487 2050 1655 2084 ostendit*

922 2103 959 2135 id
986 2102 1083 2135 sein
1124 2103 1202 2145 [oro
1241 2101 1365 2146 optime
1400 2101 1471 2133 iam
1505 2101 1638 2143 facere,

923 2151 1012 2195 quod
1040 2150 1143 2183 etiam
1172 2155 1241 2182 tum
1264 2154 1402 2193 poterat
1439 2147 1529 2180 domi
1565 2157 1641 2180 cum

923 2199 1026 2232 laude
1051 2198 1224 2231 meditari.
1276 2195 1329 2228 De
1356 2207 1398 2229 ea
1425 2205 1462 2228 re
1488 2193 1636 2227 Crassus

923 2247 1014 2290 apud
1062 2245 1271 2278 Ciceronem
1321 2243 1364 2276 de
1403 2242 1499 2275 Orat.
1526 2241 1539 2274 l
1567 2240 1632 2276 26:

922 2292 1199 2326 adolescentulus
1224 2301 1306 2323 tero
1333 2291 1383 2324 sic
1408 2290 1509 2323 initio
1528 2300 1640 2322 accu-

922 2341 1067 2374 sationis
1102 2340 1320 2373 examinatus
1360 2350 1458 2379 sum,
1500 2343 1536 2371 ut
1570 2336 1637 2370 hoc

922 2400 1086 2422 summum
1112 2387 1310 2431 beneficium
1332 2387 1459 2428 Quinto
1478 2385 1633 2419 Maximo

923 2437 1118 2478 debuerim,
1146 2435 1235 2480 quod
1261 2435 1423 2467 concinno
1451 2432 1637 2467 consilium

923 2486 1114 2526 ‹limfa-rit.
1149 2482 1296 2518 sinmlac
1320 2494 1373 2516 me
1406 2484 1558 2525 fractum
1592 2492 1636 2514 ac

924 2533 1137 2567 debilitatum
1154 2538 1243 2565 metu
1267 2531 1362 2565 vidie.
1389 2529 1501 2563 Unum
1517 2533 1634 2562 autem

925 2586 959 2616 in
987 2581 1053 2615 hac
1081 2592 1118 2615 re
1149 2579 1239 2614 haud
1256 2577 1521 2624 negligendum.
1550 2576 1633 2609 Nam

928 2630 1125 2664 Carbonem
1153 2628 1291 2662 demum
1319 2630 1395 2670 post
1414 2623 1634 2658 consulatum

927 2680 962 2711 in
992 2678 1159 2711 iudicium
1189 2679 1350 2708 vocatum
1390 2683 1468 2705 esse
1504 2680 1635 2704 conse-

926 2731 1105 2771 queretur,
1135 2725 1162 2756 si
1193 2732 1312 2756 verum
1340 2725 1432 2754 esset
1462 2718 1556 2764 quod
1571 2728 1633 2752 ore

927 2776 1104 2807 hominnm
1136 2770 1333 2806 ferebatur.
1371 2778 1448 2801 eum
1486 2768 1633 2811 sumptis

925 2820 1187 2855 cantharidibus
1215 2819 1311 2851 vitae
1339 2816 1442 2849 finem
1470 2815 1634 2859 posuisse

925 2869 1020 2915 (Cic.
1041 2868 1083 2902 ad
1098 2867 1192 2902 Fam.
1210 2866 1253 2900 lx
1272 2866 1337 2898 21:
1362 2865 1468 2899 Gaius
1486 2862 1636 2910 (Carbo)

924 2922 1110 2952 accusante
1143 2915 1250 2949 Lucio
1266 2914 1392 2948 Crasso
1408 2910 1638 2947 cantharidas
