1768 3216
160 223 231 259 180

742 208 1046 246 HISTORIARVM

1429 216 1461 241 a.
1489 214 1525 241 u.
1550 203 1637 242 822.

152 342 277 393 ponte
305 334 470 384 Mulvio,
503 329 653 384 insigni
685 339 816 382 equo,
848 326 1066 382 paludatus
1097 324 1418 382 acQtusque‚
1450 320 1640 366 senatuin

154 417 193 454 et
222 410 410 465 populum
442 410 535 447 ante
566 417 612 446 se
643 415 798 458 agenS,
843 414 923 456 quo
956 401 1090 442 minus
1121 404 1165 441 ut
1195 403 1357 453 captam
1395 397 1542 441 urbem
1570 397 1641 439 in-

151 485 406 540 grederetur,
439 480 666 522 amicorum
699 477 875 536 consilio
910 476 1147 528 deterritus,
1182 478 1341 528 sumpta
1363 476 1579 528 praetexta
1602 475 1643 515 et

151 557 377 611 composito
426 555 591 610 agmine
634 554 818 595 incessit.

882 552 1084 601 Quattuor
1123 550 1335 606 legionum
1376 547 1540 603 aquilae
1567 558 1645 607 1³9!
1690 607 1693 609 ‚

12 620 59 673 ἐι
117 632 350 683 ⁵frontem,
399 628 651 682 totidemque
693 628 805 669 circa
847 639 870 667 e
910 626 1148 681 legionibus
1190 625 1284 668 aliis
1323 623 1501 676 vexilla,
1546 633 1644 666 mox

148 690 367 748 duo-'decim
400 704 553 746 alarum
585 704 721 758 signa,
755 707 794 743 et
824 706 918 756 post
948 702 1131 756 peditum
1163 700 1334 742 ordines
1363 710 1490 753 eques
1501 710 1514 749 3
1545 684 1643 740 dein

148 785 338 835 quattuor
369 784 410 821 et
439 779 608 833 triginta
641 777 857 829 cohortes,
888 780 930 818 ut
960 776 1130 818 nomina
1161 775 1348 831 gentium
1380 777 1449 816 aut
1478 771 1644 827 species

148 867 353 898 armorum
386 855 534 906 forent,
570 853 791 894 discretae.

852 851 961 892 Ante
993 850 1152 904 aquilas
1183 849 1386 904 praefecti
1411 850 1644 890 castrorum

147 930 382 983 tribunique.
415 933 455 969 et
484 928 605 982 primi
638 927 940 979 centurionum,
976 925 1156 967 candida
1184 929 1328 975 veste;
1370 921 1500 965 ceteri
1530 921 1645 964 iuxta

98 1014 134 1043 ιο
148 1016 263 1045 suam
296 1004 467 1056 quisque
499 1002 739 1054 centuriam,
773 1001 899 1042 armis
931 1000 1138 1054 donisque
1168 998 1391 1054 fulgentes.

1452 996 1503 1038 Et
1532 995 1646 1038 mili-

147 1083 230 1119 tum
261 1077 456 1131 phalerae
487 1081 739 1131 torquesque
770 1075 1059 1130 splendebant.
1110 1075 1278 1117 Decora
1309 1073 1458 1126 facies,
1491 1075 1532 1114 et
1560 1083 1645 1113 non

147 1151 312 1193 Vitellio
344 1152 531 1206 principe
568 1152 716 1206 dignus
749 1152 972 1193 exercitus.

286 1285 319 1317 1.
346 1281 455 1317 mului
481 1284 536 1327 (in
562 1293 687 1316 versus
714 1282 800 1328 fine)
826 1284 958 1329 insiqni
983 1283 1047 1318 Ma.

148 1330 282 1365 editor:
309 1329 362 1365 Ma
388 1330 520 1375 aquila,
549 1331 576 1365 G
607 1331 772 1376 aquilam.

147 1471 263 1500 tanam
293 1466 461 1500 Vitellius
501 1465 688 1511 paludatus
727 1473 762 1503 et
796 1477 859 1501 ac-

149 1516 285 1548 cinctus
316 1515 481 1558 incessit,
522 1520 681 1549 senatum
719 1523 753 1551 et
793 1526 860 1560 po-

147 1563 270 1607 pulum
301 1568 382 1596 ante
409 1574 447 1597 se
474 1574 607 1609 agens:
644 1575 725 1599 mox
762 1575 860 1598 sum-

146 1616 205 1655 pta
234 1616 418 1655 praetexta
448 1617 483 1645 et
503 1614 700 1657 composito
718 1615 860 1660 agmine

146 1661 256 1703 ipsam
283 1660 405 1693 urbem
438 1661 620 1707 ingressus
649 1667 714 1696 est.
768 1663 860 1697 Sue-

145 1709 263 1741 tonius
275 1708 317 1741 ad
337 1709 537 1754 augendum
558 1711 593 1743 in
604 1710 718 1744 maius
729 1721 860 1756 pronus

145 1757 181 1789 in
193 1756 336 1790 Vitellio
367 1759 405 1790 11
439 1757 482 1791 ad
508 1758 655 1792 alteram
679 1761 760 1794 viae
776 1770 861 1804 par-

146 1809 215 1838 tem
243 1805 406 1847 rettulit,
447 1817 538 1851 quae
566 1807 775 1853 diligentior
802 1808 861 1842 hic

146 1858 268 1887 noster
305 1854 447 1887 nonnisi
487 1854 530 1888 de
576 1856 694 1900 priore
736 1857 860 1891 valere

147 1901 263 1935 tradit,
317 1903 478 1936 Suetonii
501 1903 610 1937 verba
638 1905 726 1939 haec
753 1910 859 1940 sunt:

148 1949 266 1982 urbem
287 1949 431 1993 (lenique
450 1951 496 1984 ad
517 1952 698 1987 classicum
712 1954 860 1997 introiit,

147 1997 332 2042 paludatus
356 2000 520 2043 ferroque
548 2003 766 2045 succinctus,
802 2003 862 2036 in-

149 2052 202 2079 ter
237 2047 340 2090 siyna
376 2052 476 2090 atque
503 2049 655 2094 vex-illa,
691 2051 862 2095 sayulatis

150 2094 328 2150 comitibus
354 2106 397 2128 ac
426 2095 566 2131 detectis
593 2099 863 2133 commilitonum

152 2153 274 2175 aruns.

222 2189 353 2225 Mulvio
372 2203 383 2224 .·
410 2191 463 2225 Μῃ
490 2194 608 2237 mului,
634 2195 727 2229 idem
753 2195 795 2228 H.
814 2194 862 2228 ΙΙΙ

148 2237 194 2272 82
225 2239 344 2283 malui,
372 2250 442 2273 non
471 2241 651 2286 Mulvium,
679 2243 742 2277 sed
768 2253 863 2276 nunc

149 2298 166 2318 ο
195 2285 358 2321 haustum
393 2294 446 2322 est
479 2301 497 2322 a
534 2292 777 2336 subsequente
803 2292 863 2325 in-

147 2335 261 2378 signi,
303 2337 415 2370 altero
451 2337 529 2371 loco
564 2340 673 2374 νηπίω·
705 2345 758 2373 est
800 2349 862 2384 pro

147 2382 293 2416 muluizi.
333 2384 408 2417 Xlll
435 2385 479 2419 47
508 2387 619 2421 forma
647 2399 736 2433 pons
768 2387 865 2422 Mut-

147 2430 223 2463 vius
250 2431 358 2464 simili
403 2436 621 2478 corruptioni
660 2446 730 2468 non
758 2436 864 2470 fave-

149 2477 219 2510 bat.
273 2479 479 2512 Waltherus
513 2482 556 2514 ad
591 2488 779 2528 utrumque
806 2483 864 2516 lo-

149 2535 228 2558 cum
255 2536 294 2559 se
322 2527 496 2562 inclinare
522 2535 560 2562 ut
586 2531 718 2564 scribat
741 2531 867 2564 Mulvii

147 2574 332 2616 professus
357 2579 427 2618 est,
456 2576 519 2609 sed
547 2578 696 2621 fallitur,
725 2590 802 2612 cum
830 2579 864 2612 id

148 2621 218 2655 alio
247 2622 360 2656 Taciti
382 2623 462 2657 loco
488 2625 549 2669 (H.
578 2626 695 2673 141),
724 2627 783 2660 ubi
812 2632 865 2661 est

148 2668 246 2703 lacus
275 2671 412 2713 Curtii,
442 2671 587 2708 defendi
614 2679 725 2719 putat.
771 2675 862 2709 Pons

148 2717 301 2752 Mulvius
327 2724 381 2753 est
408 2720 463 2754 die
492 2721 769 2757 Fatkenbmzcke.

219 2773 355 2821 sumpla
382 2775 569 2814 praetexta
610 2778 642 2806 et
679 2774 863 2817 composito

149 2824 308 2857 aymme:
343 2820 382 2848 ut
407 2824 612 2862 praetexta,
647 2821 746 2864 pacis
772 2822 863 2854 ami-

150 2866 247 2904 ctus,
289 2866 480 2908 opponitur
506 2867 683 2911 prioribus
706 2868 863 2915 paluda-

151 2913 202 2941 tus
237 2912 489 2964 accinctusque
506 2941 515 2958 ‚
570 2917 623 2950 sic
676 2919 862 2963 composito

149 2966 288 3002 aymme
324 2960 378 3005 (h.
407 2972 437 2996 e.
467 2965 609 3009 agmine
642 2964 737 3001 bene
763 2966 863 3001 ordi-

1034 1151 1102 1192 Sic
1135 1148 1380 1204 Capitolium
1411 1148 1644 1204 ingressuS‚

1119 1281 1155 1316 8.
1185 1282 1333 1316 discrete
1359 1278 1424 1316 Ma.
1507 1277 1647 1325 aquilas

929 1471 1011 1500 nato
1048 1470 1084 1499 et
1123 1465 1222 1499 lente
1246 1461 1458 1509 incedente)
1501 1466 1645 1497 contra-

929 1516 1018 1548 rium
1047 1519 1100 1548 est
1137 1513 1280 1548 illorum
1312 1511 1502 1547 verborum
1536 1522 1646 1546 sena-

930 1569 1000 1598 tum
1043 1569 1075 1597 et
1112 1561 1278 1609 populum
1320 1566 1402 1595 anto
1448 1571 1486 1594 se
1523 1571 1644 1606 aqens.

928 1612 1069 1646 Nummi
1120 1611 1164 1646 ad
1210 1609 1464 1645 celebrandum
1507 1607 1647 1643 Vitellii

929 1661 1121 1695 adventum
1157 1660 1233 1694 cusi
1266 1662 1480 1704 supersunt3
1519 1668 1553 1692 v.
1580 1655 1646 1692 Oi-

930 1709 1009 1744 selii
1029 1708 1127 1744 Thes.
1153 1707 1215 1743 set.
1242 1719 1337 1742 num.
1358 1707 1427 1741 tab.
1439 1707 1499 1742 90.
1525 1705 1647 1740 Aker-

930 1759 1023 1792 mani
1052 1757 1221 1792 collectio
1242 1767 1374 1791 numm.
1395 1755 1410 1789 Ι
1431 1766 1464 1801 p.
1489 1754 1558 1790 176
1571 1765 1648 1800 sqq.

930 1807 968 1840 ln
985 1817 1055 1840 uno
1073 1816 1215 1840 nummo
1228 1804 1397 1839 Vitellius
1414 1808 1558 1850 togatus
1582 1813 1649 1838 ex-

931 1856 1062 1900 cipitur
1087 1866 1108 1889 a
1131 1855 1243 1889 Roma
1273 1853 1428 1900 galeata.

1005 1909 1167 1948 quattuor
1201 1902 1378 1948 leqionum
1409 1900 1550 1945 aquilae
1587 1910 1652 1944 per

929 1953 1103 1996 frontem.-
1131 1950 1200 1985 hae
1226 1950 1393 1996 legiones
1419 1949 1522 1983 fuere
1538 1948 1651 1993 prima

930 1999 1074 2042 Italica,
1113 2000 1256 2045 quinta,
1285 1998 1546 2032 unetvicesima
1577 1995 1650 2030 Ra-

930 2059 1023 2093 pax,
1050 2047 1356 2090 duoetvicesima‚
1394 2051 1433 2080 ut
1465 2045 1648 2080 coniicere

932 2096 1020 2131 licet
1050 2107 1094 2130 ex
1126 2095 1167 2130 H.
1197 2095 1228 2130 ΙΙ
1258 2097 1349 2138 100,
1391 2096 1497 2129 etiarn
1535 2103 1580 2128 ex
1606 2093 1649 2128 H.

933 2145 982 2179 tlt
1010 2146 1057 2180 22
1082 2150 1182 2179 recte
1209 2143 1409 2178 intellecto.
1477 2142 1532 2177 Cf.
1561 2141 1603 2176 H.
1633 2141 1648 2176 1

932 2193 977 2228 61
1007 2198 1042 2227 et
1068 2192 1126 2236 64,
1154 2193 1338 2227 annotatio
1366 2191 1410 2226 ad
1438 2191 1481 2226 H.
1508 2190 1540 2224 11
1565 2189 1624 2225 57.

1011 2242 1215 2286 totidemque
1259 2242 1358 2275 circa
1402 2252 1419 2274 e
1458 2238 1652 2285 leqiom'bus

935 2289 1015 2324 aliis
1056 2291 1220 2324 vexilla:
1265 2289 1355 2324 haec
1397 2288 1534 2323 vexilla
1569 2291 1652 2321 sunt

935 2338 1131 2372 electorum
1159 2350 1204 2373 ex
1224 2340 1351 2384 prima,
1378 2336 1650 2383 quintadecima,

934 2387 1173 2422 sextadecima
1223 2387 1408 2421 inferioris
1469 2385 1650 2420 exercitus

935 2435 1133 2470 Germanici
1152 2463 1161 2478 ,
1189 2442 1442 2480 quartanorum
1469 2445 1514 2468 ex
1539 2443 1650 2478 supe-

934 2485 1028 2517 riore
1061 2484 1268 2518 Germania:
1295 2495 1375 2518 nam
1393 2494 1458 2518 eae
1485 2482 1650 2529 legiones

934 2542 1003 2565 non
1042 2543 1119 2566 cum
1159 2533 1288 2578 aquilis
1321 2533 1396 2567 suis
1435 2531 1479 2566 ad
1513 2529 1650 2565 benum

934 2580 1118 2625 profectae
1146 2587 1258 2624 erant,
1285 2581 1349 2616 sed
1376 2591 1448 2614 non
1474 2580 1542 2614 nisi
1566 2577 1651 2626 ⁷0¹5*-

935 2634 1011 2662 ctos
1038 2630 1116 2663 sive
1143 2630 1278 2664 vexilla
1307 2629 1494 2664 dederant.
1544 2626 1649 2661 Conf.

935 2682 1054 2712 annot.
1084 2678 1127 2712 ad
1153 2691 1182 2712 c.
1213 2679 1291 2715 100.

1007 2732 1089 2760 ante
1129 2728 1266 2772 aquilas
1292 2726 1469 2773 praefecti
1511 2730 1651 2759 castro-

935 2785 1011 2808 rum
1054 2796 1099 2801 —
1131 2777 1239 2821 primi
1266 2776 1532 2810 centurionum.-
1571 2771 1651 2807 Me-

936 2821 1028 2856 dicei
1057 2823 1204 2858 formam
1231 2820 1362 2869 aquila'
1378 2835 1423 2858 ex
1447 2822 1650 2867 antiquiore

936 2871 1080 2915 aquila,
1130 2884 1221 2918 quae
1263 2872 1400 2917 aquilas
1446 2869 1650 2912 denotabat,

935 2924 1052 2953 natam
1085 2932 1165 2955 esse
1191 2921 1324 2955 iudico.
1362 2920 1448 2955 Nam
1475 2918 1651 2964 praefecti

935 2973 1130 3004 castrorum
1157 2969 1227 3004 duo
1265 2973 1366 3004 erant
1400 2979 1445 3003 ex
1477 2967 1651 3004 inferiore
