1768 3216
150 243 226 283 844

150 366 377 401 Britannicae
398 364 563 410 legiones
588 364 619 398 A
646 364 679 399 7.

149 426 345 462 Britannici
373 430 471 459 aetas
499 435 577 459 cum
604 435 625 458 a
647 424 789 460 Nerone
807 435 875 460 ve-

200 495 294 519 neno
321 485 483 520 sublatus
511 490 564 520 est
594 485 636 519 13
667 486 720 520 15.

151 546 349 580 Britannici
386 545 474 580 belli
511 555 605 580 nono
645 555 738 579 anno
766 544 878 580 Cara-

200 611 317 640 tacum
344 607 380 639 in
401 606 637 640 Romanorum
661 610 875 650 potestatem

828 245 970 281 INDEX

924 363 1128 408 Caratacus,
1154 373 1225 398 non
1247 363 1463 399 Canactecus
1486 363 1651 400 scriben-

974 424 1056 459 dum
1086 425 1129 459 12
1156 424 1204 460 33
1232 429 1352 461 annot.
1381 425 1459 460 crit.

928 484 1082 520 Carmeli
1107 490 1247 520 montes
1275 486 1344 520 duo
1374 485 1404 520 H
1429 486 1451 520 2
1478 485 1535 522 78.

931 547 1125 580 carminum
1171 546 1265 591 apud
1313 546 1507 582 Germanos
1555 546 1655 581 varia

980 616 1114 652 genera
1140 606 1168 640 G
1193 606 1216 640 2
1243 611 1279 640 et
1305 606 1339 641 3.

165 683 178 693 ν
200 668 346 702 venisse
381 667 522 701 'l'acitus
563 672 662 701 recte
696 667 802 701 tradit
832 667 873 700 12
926 666 1077 701 Carnico
1106 677 1125 700 e
1156 667 1352 712 municipio
1371 666 1543 702 oriundus
1563 667 1655 702 Hel-

202 727 262 762 36.

153 787 313 822 Britanni
344 788 380 821 in
407 788 639 822 successione
664 797 788 822 sexum
806 797 875 820 non

205 846 457 881 discernebant
487 848 530 882 12
555 846 613 883 40.
643 848 794 881 avaritia
809 847 885 882 Ro-

206 918 389 942 manorum
424 909 459 941 in
486 907 621 942 bellum
651 909 722 942 acti
754 907 795 941 14
822 908 880 942 32.

154 970 308 1003 Broterii
349 979 446 1002 error
478 967 522 1002 de
560 967 741 1002 Artabano
776 968 878 1003 118.

208 1029 252 1063 de
279 1028 432 1062 Gotarze
464 1030 503 1061 11
533 1028 565 1062 9.

155 1088 320 1122 Bructeri
356 1098 426 1133 quo
462 1094 622 1132 tempore
659 1088 771 1122 excisi
808 1088 880 1122 sint

213 1147 241 1182 G
267 1148 325 1182 33.

154 1208 303 1242 Brutum
332 1208 567 1242 admiratione
593 1210 756 1253 suspexit
775 1208 880 1242 Taci-

202 1273 258 1301 tus
275 1267 302 1301 0
324 1269 381 1302 25.
400 1267 546 1301 Brutum
563 1268 749 1303 Ciceronis
767 1279 874 1313 prae-

203 1328 309 1372 cipue
351 1327 516 1362 adhibuit
562 1329 597 1361 in
641 1328 787 1375 dialogo
835 1329 879 1362 de

202 1389 403 1424 oratoribus
430 1389 457 1423 Ο
486 1389 530 1423 18
554 1394 590 1423 et
615 1389 674 1424 30.

154 1509 332 1544 Caecinae
348 1509 563 1543 defectionis
583 1519 604 1543 a
623 1508 771 1543 Vitellio
792 1520 880 1543 cau-

204 1581 268 1605 sae
298 1569 340 1603 ad
367 1568 514 1604 Bassum
543 1579 615 1603 non
644 1570 824 1614 pertinent
852 1571 881 1604 H

202 1631 224 1664 2
255 1630 334 1665 101.

155 1690 247 1724 caeli
278 1691 508 1734 intemperies
546 1690 588 1726 16
619 1691 673 1725 13.

155 1749 299 1784 Caelius
318 1760 419 1783 mons
438 1750 532 1785 unde
557 1750 760 1796 appellatus
777 1751 800 1786 4
821 1751 881 1786 65.

155 1810 300 1845 Caelius
326 1815 456 1854 orator,
484 1812 638 1846 amarior
665 1811 693 1846 Ο
720 1812 779 1847 25.

154 1870 331 1905 Caesarea
357 1871 510 1905 Iudaeae
541 1877 646 1916 caput
675 1872 701 1905 H
731 1873 752 1905 2
780 1871 836 1906 79.

154 1929 283 1965 Caesia
310 1931 402 1965 silva
430 1931 473 1965 ad
503 1931 648 1976 Lupiam
678 1933 746 1965 sita
773 1932 788 1964 1
817 1930 875 1966 49.

154 1990 347 2024 calamistri
376 1991 594 2026 Maecenatis
620 1991 648 2026 0
675 1992 733 2027 26.

129 2086 133 2090 ¹
155 2048 289 2082 Calena
301 2051 487 2093 provincia
499 2050 621 2085 eadem
634 2062 725 2096 quae
737 2050 884 2086 Ostien-

203 2109 251 2142 sis
280 2109 302 2143 4
327 2110 385 2143 27.

156 2166 322 2213 Caligula
350 2179 421 2202 non
451 2170 486 2202 in
514 2169 668 2204 Treviris
695 2170 759 2204 sed
784 2170 882 2204 Antii

205 2229 350 2273 genitus
378 2230 395 2262 1
423 2227 482 2263 41.

156 2286 302 2322 calones
331 2293 366 2322 et
393 2287 489 2322 lixae
514 2288 543 2322 H
571 2290 593 2324 2
617 2289 677 2324 87.

156 2347 356 2382 calumniae
383 2350 444 2394 qui
475 2349 758 2384 condemnentur
778 2351 879 2384 eius-

207 2418 277 2453 que
304 2419 420 2452 poena
450 2408 493 2442 14
517 2410 578 2443 41.

156 2467 394 2502 Camuloduni
421 2471 576 2503 nominis
606 2471 662 2504 vis
688 2474 724 2504 et
757 2471 879 2505 variae

205 2528 298 2572 apud
326 2530 519 2573 scriptores
548 2531 684 2564 formae
713 2533 754 2566 12
771 2530 831 2565 32.

156 2586 326 2622 Caninius
353 2588 501 2622 Rebilus
536 2600 556 2623 a
587 2590 741 2624 librariis
775 2592 810 2624 in
839 2590 878 2625 C.

203 2648 384 2681 Aminium
422 2648 572 2682 Rebium
619 2655 806 2694 corruptus
840 2652 883 2685 13

208 2707 267 2742 30.

156 2766 431 2801 Canninefatum
457 2769 561 2803 sedes
589 2769 617 2802 H
648 2772 671 2803 4
701 2770 754 2803 15.

157 2838 286 2872 capere
312 2828 491 2874 virginem
519 2828 540 2862 2
566 2828 624 2863 86.

157 2885 384 2932 Cappadocia
427 2888 492 2922 sub
533 2889 755 2934 Vespasiano
793 2899 879 2935 pro-

203 2948 323 2983 vincia
349 2947 511 2984 Caesaris
538 2949 634 2984 facta
658 2950 688 2985 ll
718 2952 739 2986 2
767 2951 827 2985 81.

977 727 1096 761 vidius
1123 726 1264 762 Priscus
1294 728 1321 762 H
1349 728 1373 761 4
1402 728 1436 763 5.

929 786 1059 832 Caspia
1100 788 1159 822 via
1195 797 1260 822 seu
1298 793 1422 833 portae
1461 786 1658 823 Caucasiae

983 847 1005 882 6
1030 847 1088 881 33.

934 907 1119 942 Castorum
1165 906 1274 941 aedes
1316 917 1379 952 pro
1421 906 1580 943 Castoris
1614 917 1658 943 ac

978 967 1137 1002 Pollucis
1164 967 1271 1002 aedes
1298 969 1327 1002 H
1355 970 1378 1004 2
1399 968 1459 1004 24.

932 1032 1047 1062 castra
1074 1028 1252 1071 praetoria
1277 1026 1301 1061 4
1325 1028 1359 1062 2.
1390 1029 1416 1062 Ι]
1449 1027 1471 1062 2
1495 1027 1555 1064 93.

932 1086 1057 1122 Caudii
1082 1087 1368 1134 Numantiaeque
1383 1087 1517 1135 legitur
1533 1099 1553 1123 e
1571 1098 1655 1123 cor-

980 1148 1142 1182 rectione
1175 1149 1217 1183 15
1247 1147 1303 1182 13.

932 1208 1159 1251 causidicus,
1203 1207 1399 1242 advocatus
1420 1233 1430 1252 ,
1474 1212 1659 1252 patronus,

975 1272 1096 1302 orator
1121 1268 1149 1302 Ο
1184 1269 1212 1302 l.

932 1329 1048 1362 cavati
1075 1328 1140 1362 sub
1165 1333 1260 1363 terra
1286 1332 1428 1363 montes
1447 1329 1660 1375 Hierosoly-

980 1390 1046 1423 mis
1075 1390 1103 1423 H
1130 1390 1152 1424 5
1185 1390 1240 1424 12.

932 1448 1169 1483 celeberrimo
1198 1448 1267 1483 fori
1294 1449 1317 1482 4
1343 1448 1402 1484 67.

932 1508 1087 1543 celebris
1111 1518 1175 1552 pro
1201 1507 1348 1542 celeber
1373 1509 1395 1543 2
1422 1508 1482 1545 88.

933 1568 1144 1603 Celenderis
1170 1578 1240 1602 non
1267 1567 1454 1603 Celendris
1480 1571 1504 1605 2
1527 1569 1588 1605 80.

933 1639 1061 1663 censor
1087 1628 1122 1662 h.
1152 1639 1183 1663 e.
1213 1629 1273 1674 qui
1298 1633 1422 1663 censet
1451 1629 1474 1664 3
1497 1630 1558 1665 34.

932 1690 1119 1724 censoriae
1144 1689 1275 1723 mentis
1292 1688 1532 1724 levamentum
1559 1691 1602 1725 12
1621 1691 1654 1726 5.

934 1751 1137 1784 censorium
1163 1749 1270 1784 funus
1293 1749 1317 1783 4
1346 1751 1399 1785 15.

930 1821 1060 1845 census
1087 1813 1291 1845 senatorius
1316 1811 1338 1844 2
1365 1810 1423 1846 33.

932 1872 1129 1905 centesima
1139 1881 1255 1906 rerum
1266 1870 1446 1906 venalium
1462 1872 1478 1907 1
1495 1870 1582 1916 78,2
1596 1871 1656 1907 42.

930 1932 1164 1965 centesimum
1191 1931 1284 1965 ultra
1309 1930 1466 1976 lapidem
1479 1931 1658 1979 relegatio

977 2001 1094 2035 poena
1120 1990 1331 2026 libertorum
1363 1991 1406 2026 13
1434 1992 1492 2027 26.

937 2051 1151 2084 centumviri
1183 2050 1210 2086 Ο
1240 2050 1273 2085 7.

936 2111 1225 2144 centurionatum
1251 2120 1362 2156 agere
1395 2111 1410 2143 1
1444 2109 1502 2144 44.

935 2170 1197 2213 centurionem,
1224 2170 1375 2204 militem
1404 2170 1519 2204 ascire
1535 2180 1662 2206 emen-

982 2230 1100 2264 datum
1126 2230 1158 2263 A
1187 2230 1242 2265 19.

936 2291 1166 2324 centuriones
1192 2288 1248 2323 bis
1273 2290 1422 2336 triginta
1448 2290 1486 2324 in
1513 2289 1662 2337 legione

982 2351 1011 2385 H
1042 2351 1066 2385 3
1093 2351 1154 2385 22.

933 2410 1135 2445 Cerealium
1180 2411 1344 2445 ludorum
1389 2411 1467 2446 dies
1508 2411 1551 2446 15
1597 2412 1656 2447 53.

979 2471 1147 2506 Cereales
1195 2476 1294 2506 recte
1340 2475 1534 2515 vocantur,
1588 2482 1660 2507 non

981 2530 1142 2566 Ceriales
1175 2532 1202 2566 H
1228 2533 1250 2566 2
1279 2532 1338 2566 55.

933 2591 1110 2625 cerevisia
1135 2590 1228 2635 apud
1254 2590 1376 2626 Gallos
1403 2595 1438 2625 et
1465 2590 1659 2626 Germanos

983 2650 1011 2684 G
1038 2651 1096 2686 23.

933 2710 1083 2744 Cerialis
1118 2710 1162 2744 ad
1197 2709 1362 2745 Treviros
1401 2715 1437 2745 et
1471 2711 1653 2758 Lingonas

979 2770 1154 2804 orationis
1179 2771 1331 2806 virtutes
1358 2773 1387 2806 H
1412 2772 1436 2806 4
1462 2771 1519 2806 73.

933 2834 1051 2864 certus
1081 2841 1160 2864 cum
1191 2831 1353 2877 genitivo
1381 2831 1425 2866 14
1450 2831 1509 2867 36.
1536 2836 1655 2867 certus

977 2890 1084 2925 alveo
1109 2891 1255 2926 Rhenus
1282 2891 1311 2928 G
1339 2891 1399 2928 32.
1428 2895 1564 2929 certum
1584 2893 1655 2930 im-

975 2951 1114 3002 perium
1141 2951 1169 2987 O
1199 2952 1261 2992 40.
