1768 3216
706 164 795 201 Gn.
820 166 977 203 38-39.
999 189 1007 196 .
1536 172 1611 207 ⁹⁸0

40 273 286 331 ”Parvum
318 281 359 318 et
386 279 606 322 ridiculum
647 281 825 324 sortasse
864 283 1073 326 videbitur
1109 285 1221 338 quod
1262 286 1448 328 dicturus
1489 299 1609 330 sum:

30 346 34 349 ’
115 336 251 392 dicam
285 355 451 405 tamen,
489 354 558 395 vel
592 355 689 396 ideo
718 360 763 397 ut
791 356 946 398 ridear.
1021 359 1222 408 Quantum
1254 360 1496 403 humilitatis
1527 374 1608 416 pu-

112 427 244 467 tamus
272 424 539 480 eloquentiae
569 428 755 471 attulisse
784 431 982 484 paenulas
1022 432 1147 484 istas,
1192 433 1339 487 quibus
1370 434 1532 476 astricti
1565 440 1607 478 et

108 497 222 558 velut
250 499 403 542 inclusi
433 514 527 542 cum
557 502 766 544 iudicibus
800 505 1064 547 fabulamur?
1121 506 1323 556 Quantum
1349 508 1496 550 virium
1527 509 1608 550 de-

108 570 289 630 traxisse
318 575 499 616 orationi
528 576 734 618 auditoria
774 583 814 619 et
854 579 1055 621 tabularia
1097 581 1329 633 credimus,
1371 582 1413 622 in
1456 583 1637 636 quibuss

106 647 190 707 lam
220 648 311 692 fere
340 648 542 703 plurimae
573 663 725 693 causae
756 653 1043 706 explicantur?
1101 656 1202 697 Nam
1235 655 1444 709 quomodo
1474 657 1603 698 nobi-—

106 721 170 764 les
198 735 331 778 equos
363 736 509 766 cursus
550 729 590 766 et
620 727 750 779 spatia
782 727 981 781 probant,
1023 729 1086 770 sic
1117 734 1182 771 est
1211 730 1359 784 aliquis
1390 735 1599 773 oratorum

107 808 300 857 campus,
340 810 416 852 per
453 811 574 853 quem
613 800 695 841 nisi
732 801 854 843 liberi
885 807 926 843 et
951 803 1074 844 soluti
1105 803 1320 857 ferantur,
1363 804 1601 847 debilitatur

105 864 392 936 aqu'rn'ngimr
419 872 669 927 eloquentia.
719 875 849 928 Ipsam
882 877 980 930 quin
1010 877 1135 919 immo
1166 891 1307 920 curam
1327 883 1369 921 et
1385 879 1597 934 diligentis

104 940 189 999 stili
212 945 465 999 ,anxietatem
499 949 752 990 contrariam
780 951 1037 1004 experimur,
1087 952 1181 1006 quia
1212 966 1338 1007 saepe
1367 953 1599 1008 interrogat
1613 969 1652 998 ω

228 1148 259 1181 ¹.
285 1147 423 1181 videtur
446 1147 523 1182 FP:
548 1148 720 1182 videbitur
744 1147 905 1183 Ursinus.

554 1198 590 1231 4.
615 1197 729 1231 virum
753 1196 792 1239 F,
819 1207 890 1231 non
915 1197 951 1231 P.

105 1195 130 1230 3
164 1194 407 1241 penulasFP.

106 1220 142 1279 9:
167 1243 247 1290 ipsa
270 1243 317 1288 F,
339 1254 413 1278 non
438 1245 474 1279 P.
573 1245 725 1289 quinimo
754 1245 789 1279 P.

105 1440 129 1474 d
153 1444 190 1475 et
214 1451 238 1474 a
262 1449 326 1484 pro
354 1451 372 1473 e
398 1445 569 1485 acceptae
592 1445 685 1474 sunt.
712 1440 819 1474 Tros-

104 1490 179 1523 sius
219 1490 325 1523 novis
362 1488 489 1532 opibus
527 1490 576 1522 ita
608 1488 738 1522 abusus
766 1493 821 1523 est

104 1542 142 1571 ut
167 1537 316 1573 for-sm
350 1548 468 1582 neque
493 1537 652 1571 Latinam
687 1548 819 1582 neque,

105 1587 135 1620 si
148 1585 272 1621 Latina
299 1590 407 1628 esset,
433 1590 550 1630 aptam
577 1587 707 1620 ceteris
730 1585 819 1620 ado-

105 1639 233 1679 ptaret,
259 1634 340 1668 dico
367 1635 614 1679 depacaverat.

178 1731 265 1776 Cap.
295 1731 354 1767 39.
376 1730 550 1777 paenulas
574 1731 672 1772 istas,
699 1730 819 1775 quibus

105 1781 243 1814 asir-'1:1⁸‘
267 1785 301 1814 et
325 1780 416 1814 velue
447 1779 600 1813 inclusi:
637 1789 683 1812 ne
708 1789 818 1823 prave

104 1829 356 1873 acciperentur
390 1827 502 1862 verba
535 1828 655 1872 quibus
680 1827 820 1861 astricti

104 1876 319 1922 demendis
330 1878 486 1922 ipsorum
505 1881 697 1918 oratorum,
714 1880 818 1909 caute

105 1930 142 1960 et
175 1927 447 1973 ἐκεξηγιμικῶς
484 1925 618 1959 addidit
652 1930 684 1958 et
726 1923 819 1958 velut

102 1974 254 2009 iudai:
279 1974 440 2020 loquitur
467 1975 560 2008 enim
587 1972 632 2007 de
655 1971 818 2016 paenulis

103 2033 191 2068 quas
211 2027 342 2069 gemat
366 2022 531 2068 plerique
557 2023 592 2055 in
609 2031 742 2055 corona
758 2031 819 2054 as-

101 2073 317 2114 sistentium,
343 2081 423 2106 cum
450 2070 494 2104 ad
518 2071 664 2115 antiqua
686 2068 820 2103 iudicia

102 2130 208 2155 nemo
259 2121 326 2153 nisi
383 2124 527 2166 togatus
591 2119 817 2152 accessisset.

104 2167 407 2210 Quemadmodum
466 2167 604 2201 astricta·
671 2168 817 2212 (einye-

102 2217 274 2260 schum-1)
303 2215 338 2250 h.
367 2216 390 2251 l.
419 2216 586 2250 dicuntur
611 2215 671 2259 qui
699 2215 817 2258 impe-

103 2265 247 2298 diuntur
280 2263 485 2298 hominibus
523 2262 591 2296 sibi
633 2262 817 2305 proximis,

102 2313 251 2357 perinde
279 2313 487 2346 cousin-iocus
505 2311 541 2343 in
568 2321 606 2343 re
630 2308 739 2343 simili
763 2314 817 2342 est

101 2361 194 2406 apud
224 2359 434 2394 Ciceronem
464 2358 654 2393 Zililoniana
689 2367 720 2390 c.
747 2357 815 2391 20:

105 2421 182 2444 cum
204 2409 363 2455 paenula
394 2408 570 2449 irretitus,
611 2404 723 2438 rheda
748 2405 815 2437 im-

99 2458 236 2504 peditus
259 2484 269 2501 ‚
303 2468 415 2491 uxore
460 2466 573 2503 paene
610 2453 816 2487 constrictus

104 2513 202 2541 esset.
257 2506 428 2542 Nimirum
468 2510 506 2538 ut
531 2501 616 2538 Milo
643 2511 755 2535 uxore
781 2502 815 2533 in

103 2555 213 2593 rheda
238 2556 336 2588 iuxta
349 2553 498 2587 sedente
515 2551 735 2591 constrictus,
763 2549 816 2582 sic

103 2608 223 2636 orator
249 2602 450 2646 paenulatis
476 2597 738 2644 spectatoribus
757 2597 815 2641 ip-

103 2661 179 2684 snm
222 2648 533 2684 circumstantibus
579 2647 742 2690 astrictus
781 2650 814 2678 et

103 2699 193 2733 velut
220 2697 375 2732 inclusus
401 2697 470 2730 dici
497 2699 627 2740 potest.
656 2694 715 2727 Sic
736 2702 816 2727 mo-

104 2748 243 2782 vendae
275 2751 355 2779 sunt
381 2744 611 2778 difficultates
644 2752 731 2787 quas
758 2743 816 2774 in-

106 2794 341 2839 explicabiles
380 2793 563 2827 offendunt
587 2792 814 2834 interpretes,

105 2845 186 2878 dum
211 2843 398 2877 memorari
434 2845 611 2875 oratorum
648 2838 818 2883 paenulas

106 2893 307 2939 opinantur.
368 2890 539 2926 Nimirum
572 2887 662 2922 adeo
695 2892 816 2932 patro-

1005 1151 1041 1185 2.
1068 1150 1191 1185 ridear
1216 1150 1262 1184 P:
1290 1151 1401 1185 ceteri
1429 1150 1599 1186 rideatur.

1105 1201 1139 1233 5.
1170 1198 1369 1233 tabularia
1393 1198 1432 1241 F,
1460 1208 1530 1232 non
1559 1198 1596 1232 P.

888 1451 965 1482 nos,
995 1450 1072 1473 cum
1101 1450 1225 1473 causas
1250 1444 1411 1486 agerent,
1435 1439 1600 1484 paenulis

888 1489 1030 1522 indutos
1065 1488 1198 1529 fuisse,
1238 1488 1271 1522 id
1305 1498 1410 1522 nemo
1444 1499 1597 1534 unquam

888 1537 1029 1571 tradidit
1054 1542 1091 1571 et
1127 1538 1340 1570 contrarium
1377 1548 1421 1571 cx
1454 1536 1600 1578 Quinti-

887 1585 972 1619 liani
997 1585 1117 1619 verbis
1133 1585 1177 1619 XI
1201 1587 1225 1621 3
1253 1586 1317 1620 131
1345 1590 1379 1618 et
1398 1585 1597 1627 137—144‚

887 1634 947 1667 ubi
981 1634 1025 1668 de
1067 1634 1165 1668 cultu
1198 1634 1348 1667 oratoris
1380 1632 1538 1678 loquitur
1563 1637 1599 1667 et

887 1693 957 1716 non
984 1683 1051 1715 nisi
1078 1687 1197 1728 togam
1234 1687 1269 1716 et
1305 1682 1460 1715 tunicam
1498 1691 1597 1714 com-

887 1735 1058 1764 memorat
1084 1735 1119 1764 et
1156 1731 1242 1763 vitia
1268 1729 1463 1776 gestandae
1492 1733 1598 1775 togae

887 1779 1069 1821 describit,
1084 1778 1241 1812 dilucide
1258 1779 1476 1824 agnoscitur.
1497 1777 1598 1811 Doe-

887 1827 1059 1861 derlinius
1075 1827 1118 1860 ad
1138 1826 1344 1860 solvendam
1373 1826 1464 1860 hanc
1484 1836 1596 1871 quae-

886 1877 1038 1910 stionem
1073 1875 1223 1909 scribit:
1274 1874 1439 1919 ‘paenula
1482 1872 1596 1918 pauci’

889 1928 1085 1970 (oratores)
1122 1924 1386 1968 ‘nonnunquam
1421 1922 1485 1956 illo
1513 1933 1597 1955 sae-

888 1973 969 2006 culo
997 1975 1205 2015 utebantur,
1239 1971 1478 2005 commoditati
1517 1980 1595 2004 cum

888 2021 1014 2055 damno
1040 2021 1225 2067 dignitatis
1251 2018 1508 2066 indulgentes’.
1552 2018 1598 2051 At

887 2080 973 2104 vero
1010 2070 1104 2115 quod
1137 2068 1248 2114 vulgo
1275 2067 1362 2110 fiat,
1405 2078 1476 2101 non
1514 2065 1599 2111 quid

887 2119 990 2162 pauci
1018 2117 1183 2159 audeant,
1201 2116 1351 2150 Messala
1380 2124 1597 2149 commemo-

886 2172 951 2199 rat.
983 2166 1054 2200 Alii
1081 2167 1116 2199 in
1145 2166 1272 2210 quibus
1300 2169 1353 2198 est
1371 2162 1596 2196 Heinrichius

887 2214 1084 2255 Commrent.
1111 2214 1154 2247 ad
1180 2211 1338 2246 luvenal.
1368 2211 1396 2244 V
1425 2210 1481 2252 79,
1506 2220 1596 2254 pae-

885 2262 988 2295 nulas
1031 2272 1093 2304 per
1119 2259 1350 2303 hyperbolem
1386 2258 1455 2290 dici
1494 2261 1596 2301 togas

884 2310 1103 2342 astrictiores
1140 2311 1327 2348 asserunt,
1373 2309 1595 2350 repugnante

883 2357 999 2391 Latini
1025 2357 1198 2390 sermonis
1225 2365 1303 2388 usu.
1339 2353 1418 2398 ipsa
1443 2351 1596 2396 paenula

885 2405 977 2449 apud
1007 2405 1143 2448 priores
1179 2404 1215 2436 in
1242 2402 1371 2436 itinere
1397 2399 1595 2435 adhibeba-

884 2458 959 2494 tur,
999 2453 1173 2487 arcendae
1212 2451 1357 2495 plnviae
1397 2447 1593 2489 commoda,

884 2501 994 2545 pallio
1018 2500 1270 2534 monachorum
1308 2508 1378 2532 non
1409 2495 1593 2537 absimilis,

885 2550 1011 2593 capitis
1046 2549 1251 2583 velamento
1299 2546 1468 2593 (capitio,
1519 2543 1593 2576 Ca-

880 2601 996 2644 putu)
1022 2598 1206 2631 instructa.

954 2692 994 2724 in
1020 2690 1138 2734 quibus
1174 2710 1218 2715 —-
1245 2687 1491 2732 explicantur:
1527 2693 1593 2716 ex-

885 2737 1008 2781 plicari
1044 2742 1125 2780 apte
1156 2737 1287 2770 dictum
1316 2734 1359 2767 de
1386 2736 1594 2767 controver-

887 2787 974 2828 siis,
1002 2786 1036 2818 b.
1066 2797 1097 2819 e.
1125 2785 1169 2818 de
1194 2784 1299 2818 rebus
1325 2792 1416 2827 quae
1442 2778 1594 2823 impedi-

887 2839 945 2867 tae
972 2838 1051 2867 sunt
1081 2837 1116 2866 et
1142 2831 1354 2876 implicatae.
1398 2826 1595 2862 'l‘beodisce

889 2886 942 2916 est
986 2881 1142 2916 esuwirrt
1185 2879 1336 2915 werden.
1409 2875 1597 2911 Tabulata
