1768 3216
137 259 160 285 ι
182 244 226 284 0.
251 248 312 286 ω.
634 248 771 285 LIBER
795 247 824 284 Ι.
877 244 965 282 Gn.
991 246 1152 284 83-85.
1600 242 1647 279 01

139 375 239 412 care
268 377 356 411 non
376 368 559 410 Hercule
588 367 663 422 illi,
696 375 801 422 quos
834 379 927 409 cum
958 365 1138 408 maxime
1153 362 1344 407 Vitellius
1375 365 1418 406 in
1438 373 1519 406 nos
1549 363 1648 415 ciet,

140 443 339 486 Germani
368 444 563 486 audeant.
625 438 761 484 Ulline
793 441 937 484 ltaliae
969 441 1139 494 alumni,
1172 444 1212 482 et
1240 439 1429 482 Romana
1459 450 1562 481 vere
1581 438 1651 480 iu-

138 522 330 572 ventus,
355 519 408 561 ad
454 519 706 574 sanguinem
757 522 799 558 et
842 516 1018 559 caedem
1059 514 1390 570 depoposcerint
1442 513 1650 566 ordinem,

141 595 259 637 cuius
289 594 517 650 splendore
549 598 590 635 et
620 594 757 649 gloria
787 592 938 634 sordes
956 596 998 633 et
1015 591 1313 633 obscuritatem
1335 589 1652 632 Vitellianarum

138 670 317 726 partium
345 665 725 725 praestringimus?
763 667 965 710 Nationes
997 667 1158 721 aliquas
1190 665 1413 720 occupavit
1442 663 1685 716 Vitellius‚s

140 744 367 802 imaginem
406 745 615 799 quandam
653 744 867 787 exercitus
907 743 1054 794 habet;
1095 745 1266 784 senatus
1306 741 1527 782 nobiscum
1573 744 1650 781 est.

140 821 211 865 Sic
240 820 284 862 fit
314 824 360 862 ut
389 820 487 862 hinc
517 827 588 861 res
615 819 806 874 publica,
847 818 947 859 inde
984 818 1130 860 hostes
1161 813 1225 859 rei
1255 816 1448 871 publicae
1489 813 1653 856 consti-

31 899 33 901 ’
105 895 277 938 -terint.
338 891 476 944 Quid?
525 895 611 936 Vos
657 893 981 948 pulcherrimam
1029 891 1139 933 hanc
1186 891 1333 932 urbem
1376 890 1570 931 domibus
1613 893 1654 930 et

140 971 263 1013 tectis
294 974 335 1011 et
366 973 573 1025 congestu
603 968 787 1023 lapidum
817 971 932 1010 stare
963 966 1174 1008 creditis?
1232 965 1343 1007 Muta
1375 965 1454 1006 ista
1485 968 1526 1006 et
1555 964 1654 1005 ina-

140 1046 252 1088 nima
282 1045 538 1087 intercidere
569 1057 620 1087 ac
649 1044 840 1099 reparari
868 1042 1086 1097 promisca*
1111 1046 1229 1083 sunt:
1262 1041 1491 1083 aeternitas
1513 1048 1709 1081 remmio

141 1125 182 1163 et
209 1130 294 1176 pax
322 1121 509 1176 gentium
539 1125 582 1163 et
611 1130 705 1162 mea
736 1131 830 1161 cum
860 1123 1002 1160 vestra
1031 1114 1145 1160 salus
1177 1117 1464 1159 incolumitate
1483 1119 1654 1158 senatus

141 1196 337 1239 firmatur.
396 1195 517 1237 Hunc
548 1196 764 1250 auspicato
797 1204 821 1236 a
851 1198 1024 1248 parente
1066 1198 1108 1235 et
1147 1193 1371 1235 conditore
1410 1191 1527 1235 urbis
1570 1202 1656 1233 no-

142 1276 256 1316 strae
286 1272 540 1324 institutum,
587 1276 630 1312 et
659 1280 683 1313 a
712 1271 885 1327 regibus
914 1278 1048 1324 usque
1078 1265 1131 1311 ad
1162 1268 1373 1323 principes
1415 1267 1655 1308 continuum

143 1351 184 1391 et
221 1347 522 1399 immortalem,
568 1347 679 1389 sicut
725 1360 749 1389 a
779 1346 1012 1388 maioribus
1058 1345 1325 1399 accepimus,
1373 1343 1436 1384 sic
1473 1341 1654 1396 posteris

142 1422 368 1465 tradamus.
427 1423 531 1465 Nam
568 1427 613 1463 ut
653 1435 707 1464 ex
746 1422 868 1463 vobis
906 1425 1151 1472 senatores,
1196 1419 1252 1461 ita
1294 1431 1347 1459 ex
1387 1416 1653 1459 senatoribus
1671 1430 1709 1459 ιε

72 1494 356 1552 85principes
399 1495 653 1540 nascuntur.²
713 1497 764 1538 Et
806 1496 942 1538 oratio
983 1494 1035 1538 ad
1066 1492 1418 1557 perstringendos
1460 1491 1654 1533 mulcen-
1685 1472 1763 1562 ,ᾖ

143 1572 304 1628 dosque
335 1572 506 1614 militum
537 1573 725 1625 animos,
758 1576 799 1613 et
828 1570 1065 1613 severitatis
1096 1569 1245 1612 modus
1276 1575 1436 1622 (neque
1468 1568 1579 1609 enim
1610 1567 1653 1608 iu

140 1646 282 1702 plures
322 1659 446 1702 quam
485 1647 529 1688 in
574 1647 680 1689 duos
731 1645 1008 1688 animadverti
1048 1645 1252 1696 iusserat)
1297 1646 1417 1698 grate
1462 1646 1653 1695 accepta,

144 1719 447 1776 compositique
488 1721 540 1763 ad
580 1730 783 1775 praesens
825 1720 895 1773 qui
935 1717 1130 1760 coerceri
1168 1726 1253 1758 non
1293 1719 1500 1771 poterant.
1561 1714 1656 1757 Non

142 1800 282 1838 tamen
312 1796 432 1851 quies
462 1795 557 1838 urbi
585 1795 790 1838 redierat:
830 1793 1028 1850 strepitus
1070 1793 1247 1835 telorum
1288 1796 1330 1834 et
1367 1791 1500 1834 facies
1538 1790 1710 1844 belli,2o

279 1952 314 1986 1.
345 1950 488 1985 hercule
515 1949 611 1994 Gna,
638 1960 711 1985 non
737 1951 868 1985 hercle.
921 1951 955 1986 3.
982 1949 1221 1996 depoposcerx
1246 1951 1321 1995 (est
1344 1953 1450 1996 nota)
1469 1948 1535 1993 Ma,
1567 1948 1603 1984 h.
1624 1961 1655 1984 e.

144 1999 418 2046 depoposcerint,
446 2005 485 2034 ut
509 2002 646 2045 primus
669 2002 833 2045 reposuit
860 1999 930 2035 lac.
960 1999 1184 2034 Gronovius:
1224 1999 1450 2044 deposcerent
1478 1998 1516 2033 G.
1622 2000 1656 2033 5.

140 2049 369 2095 petr-inpium
397 2059 477 2083 cum
504 2049 566 2083 lin.
593 2054 726 2084 transv.
753 2051 789 2083 in
821 2049 889 2083 litt.
914 2061 938 2094 p
967 2046 1031 2090 ΜΕ,
1056 2049 1326 2094 perstrinqimas
1356 2048 1409 2082 G:
1444 2048 1602 2082 correxit
1629 2047 1657 2083 1.

143 2096 201 2132 Fr.
219 2097 447 2140 ‚Gronovius
499 2098 533 2132 7.
559 2109 617 2132 res
629 2109 665 2144 p.
693 2097 759 2132 Ma.
810 2099 893 2132 inde
915 2096 968 2132 G:
995 2095 1050 2131 Ma
1075 2099 1126 2131 ὑι.
1201 2097 1236 2132 9.
1263 2096 1374 2131 multa
1398 2095 1463 2130 Ma.
1529 2097 1660 2131 &mnia

145 2145 200 2180 11³
226 2151 263 2180 et
287 2147 423 2181 ceteri:
449 2148 605 2180 correxit
630 2147 785 2192 Lipsius.
857 2148 913 2182 10.
940 2146 1119 2192 promisca
1143 2151 1225 2179 sunt
1252 2144 1326 2179 Ma:
1351 2147 1550 2191 promiscue
1572 2156 1658 2191 pos·-

145 2200 226 2229 sflnt
251 2195 279 2230 G
305 2200 342 2229 et
367 2194 595 2230 oxonienses
620 2197 686 2230 Ma.
791 2198 848 2231 11.
886 2195 1056 2228 incolumi
1082 2197 1228 2240 (versus
1255 2194 1356 2241 finis)
1389 2200 1421 2229 te
1447 2193 1526 2229 Ma:
1553 2195 1658 2228 inco-

146 2242 302 2278 lumitate
333 2244 373 2278 G.
427 2246 485 2279 12.
514 2245 713 2278 conditores
740 2244 810 2279 Ma:
839 2243 867 2278 G
894 2244 1086 2278 conditore.
1160 2246 1216 2278 14.
1243 2244 1328 2277 inm.
1357 2243 1423 2277 Ma.
1473 2245 1527 2277 sic
1552 2254 1658 2277 ama-

146 2291 279 2326 toribus
303 2290 380 2326 Ma:
408 2297 608 2326 correctum
634 2295 730 2327 inest
754 2293 794 2328 G.
851 2294 904 2327 15.
922 2293 974 2325 ita
1000 2292 1248 2326 excitatoribus
1271 2290 1337 2325 Ma.
1393 2292 1449 2327 16.
1477 2297 1510 2326 et
1538 2292 1655 2325 oratio

147 2339 214 2382 Μ’,
242 2350 286 2410 :a
311 2342 426 2374 oratio
452 2342 484 2374 A
509 2346 546 2374 et.
573 2352 653 2375 corr
679 2341 717 2375 G.
776 2374 779 2380 ,
820 2342 880 2377 20.
907 2341 988 2374 urbi
1011 2339 1226 2374 Rhenanus:
1255 2339 1339 2374 (ΞΜιι
1363 2340 1473 2374 urbis.
1574 2339 1659 2374 betto·

149 2394 182 2423 et
208 2389 240 2423 Μ
274 2400 284 2421 :
311 2388 393 2423 betti
418 2395 496 2423 erat
524 2389 564 2423 G.

146 2530 266 2564 dorem
296 2535 330 2563 et
367 2529 519 2575 gloriam
557 2542 660 2576 quam
688 2531 807 2564 sordes
834 2537 865 2565 et

147 2579 391 2613 obscuritatem
433 2581 601 2614 notiones
645 2591 727 2614 esse
776 2591 864 2625 quas

148 2625 299 2661 dicimus
324 2627 508 2661 relativas.
559 2629 648 2662 Prae
679 2629 864 2674 splendore

148 2681 181 2709 et
205 2674 324 2720 gloria
361 2676 496 2710 ordinis
534 2677 768 2711 illustrissimi
798 2678 863 2710 vi·
889 2692 892 2695 ¹

150 2723 275 2758 tollius
302 2724 432 2769 suique
456 2725 589 2759 sordidi
625 2731 708 2759 sunt
734 2731 770 2759 et
795 2726 864 2759 ob..

150 2781 257 2806 scut-1.

220 2820 376 2854 domibus
401 2826 432 2854 et
459 2822 579 2855 lectis:
607 2821 770 2856 domibus
794 2834 864 2856 no-

152 2866 302 2910 bilium,
338 2870 444 2903 tectis
480 2874 680 2903 ceterorum
717 2872 863 2906 civium.

152 2915 313 2950 Similem
356 2919 571 2952 sententiam
614 2918 768 2964 Augusti
820 2931 865 2954 ex

151 2962 269 2998 Dione
303 2964 399 3011 (Lvt
425 2967 466 3012 5)
505 2965 646 3011 Lipsius
688 2968 864 3010 contulit,

152 3010 295 3047 Camilli
325 3024 370 3048 ex
395 3013 499 3049 Livio
514 3015 567 3061 (V
582 3015 647 3061 54)
664 3013 863 3051 Ernestius.

995 2531 1209 2565 intercidere
1224 2543 1268 2565 ac
1294 2531 1464 2577 reparari
1478 2531 1658 2576 promisca

934 2586 1040 2616 sunt.-
1075 2580 1246 2614 infinitivi
1280 2591 1366 2613 casu
1392 2584 1519 2625 quarto
1546 2580 1656 2624 positi

937 2629 1028 2662 idem
1069 2629 1242 2663 denotant
1283 2633 1392 2674 atque
1424 2629 1472 2662 ad
1504 2628 1656 2661 interci-

935 2677 1085 2710 dendam
1109 2689 1155 2711 ac
1179 2677 1431 2723 reparandum.
1482 2677 1563 2710 Mox
1588 2687 1655 2708 ae-

934 2727 1082 2759 ternitas
1107 2737 1226 2759 rerum
1260 2736 1318 2759 res
1342 2730 1426 2758 sunt
1460 2725 1496 2757 in
1532 2728 1655 2758 aeter-

935 2785 1016 2808 num
1041 2776 1260 2808 constitutae
1287 2779 1322 2807 et
1348 2773 1552 2815 ordinatae,
1580 2782 1652 2807 non

935 2823 1027 2857 fama
1054 2833 1172 2856 rerum
1198 2826 1380 2868 gestarum
1412 2825 1571 2855 aeterna.

1010 2869 1096 2914 Gap.
1113 2871 1173 2905 85.
1211 2880 1284 2902 non
1308 2875 1425 2902 tomen
1450 2870 1547 2913 quies
1572 2869 1655 2903 urbi

935 2918 1113 2952 redierat:
1147 2919 1183 2951 in
1204 2918 1329 2951 castris
1345 2920 1653 2962 praetorianorum

936 2968 1038 3011 quies
1065 2966 1231 3000 restituta
1255 2971 1351 3007 erat,
1391 2965 1455 3001 sed
1481 2966 1559 3001 urbi
1588 2977 1654 3003 sna

936 3014 1049 3049 facies
1083 3012 1238 3049 nonam
1273 3013 1431 3050 redierat
1462 3025 1531 3050 nec
1566 3025 1653 3051 vera
