1768 3216
155 220 188 261 ιὶ·
203 222 248 260 G.
272 224 330 262 70.

660 222 797 258 LIBER
822 222 885 257 lv.

937 222 1024 257 cn.
1053 209 1227 257 74-76.‘
1579 218 1652 253 am

155 339 333 386 uenalis
363 340 484 384 Civili
514 345 554 382 et
585 340 772 382 Classico
804 339 928 380 nihil:
963 351 1056 380 eum
1087 339 1158 392 qui
1187 311 1394 390 attulerat,
1416 336 1539 392 -ipsas
1561 336 1655 390 epi-

155 416 286 460 stulas
313 416 364 458 ad
394 416 674 479 Domitianum
705 414 827 455 misit.

350 475 550 492 ww·
575 476 607 484 >x-

252 491 443 533 ·Hostes
473 491 620 539 divisis
653 479 786 543 copiis
825 489 1037 530 advenere
1076 488 1272 541 undique.
1331 487 1522 541 Plerique
1560 487 1654 528 eul-

155 567 317 621 pabant
350 565 556 607 Cerialem
587 576 754 618 passum
790 564 907 618 iungi
938 575 1042 617 quos
1074 563 1281 604 discretos
1313 562 1567 616 intercipere
1596 562 1654 602 li-

155 641 326 684 cuisset.
357 641 568 684 Romanus
600 639 811 682 exercitus
833 643 972 681 castra
1003 638 1119 680 fossa
1148 637 1341 691 valloque
1362 636 1652 689 circumdedit,
1669 650 1688 680 ⁵

157 717 249 770 quis
279 719 438 758 temere
469 718 590 757 antea
621 715 763 755 intutis
793 713 1057 755 consederat.
1103 712 1225 766 Apud
1245 712 1478 754 Germanos
1510 711 1658 752 diver-

87 793 146 832 ⁷6
157 776 248 832 ⁸5²1?
246 789 466 832 sententiis
497 789 748 830 certabatur.
787 787 931 830 Civilis
948 787 1227 841 opperiendas
1261 786 1658 828 transrhenanorum

154 868 332 920 gentes,
373 876 547 918 quarum
575 868 739 905 terrore
767 863 929 905 fractae
961 862 1101 916 populi
1130 853 1307 903 Romani
1343 863 1455 904 vires
1487 862 1660 904 obtere-

155 943 311 982 rentur.
372 938 513 981 Gallos
541 938 640 992 quid
671 938 781 980 aliud
814 950 935 992 quam
962 937 1163 991 praedam
1189 937 1458 979 victoribus?
1512 937 1564 978 Et
1593 941 1661 978 ta-

156 1025 277 1066 men,
308 1013 420 1067 quod
450 1013 632 1074 roboris
646 1013 724 1065 sit,
761 1012 936 1067 Belgas,
968 1024 1112 1054 secum
1140 1012 1276 1074 palam
1305 1015 1375 1053 aut
1403 1015 1503 1053 voto
1534 1016 1690 1053 stare.¹

157 1250 276 1290 nem,
321 1238 479 1279 accitas
511 1250 565 1279 ex
594 1237 817 1290 Hispania,
850 1236 1078 1278 adventare
1110 1249 1163 1277 ex
1194 1236 1335 1286 Italia3
1373 1248 1453 1277 nec
1484 1236 1662 1277 subitum

127 1312 344 1365 ‘militem,
375 1312 451 1354 sed
482 1316 666 1354 veterem
698 1315 995 1366 expertumque
1024 1310 1135 1352 belli.

1186 1311 1289 1352 Nam
1310 1310 1558 1362 Germanos,
1592 1311 1663 1364 qui

155 1088 284 1130 Tutor
312 1068 614 1130 cunctatione
607 1100 805 1129 crescere
847 1100 937 1129 rem
967 1088 1196 1129 Romanam
1237 1087 1507 1139 adfirmabat,
1556 1098 1663 1127 coe-
1680 1022 1746 1141 {U

156 1163 322 1205 uatibus
352 1163 535 1216 undique
566 1162 835 1205 exercitibus.
894 1162 1191 1203 Transvectam
1224 1174 1247 1203 e
1277 1162 1490 1203 Britannia
1521 1161 1663 1215 legio—
1694 1153 1768 1211 {4⁷

157 1387 210 1429 ab
242 1387 343 1441 ipsis
373 1390 608 1440 sperentur,
640 1398 724 1428 non
754 1386 904 1438 iuberi,
936 1398 1021 1426 non
1052 1387 1160 1440 regi,
1193 1386 1268 1427 sed
1301 1390 1451 1427 cuncta
1485 1397 1539 1427 ex
1563 1385 1715 1426 libi-1⁵

158 1462 257 1504 dine
286 1474 442 1517 agere;
482 1462 786 1516 pecuniamque
818 1474 868 1502 ac
900 1461 1036 1513 dona,
1071 1461 1163 1515 quis
1192 1461 1294 1502 solis
1327 1465 1659 1515 corrumpantur,

159 1666 212 1701 ma
233 1620 263 1652 1.
291 1617 408 1652 ciuilis
428 1616 506 1652 Ma:

160 1857 313 1893 persona
339 1848 377 1881 in
402 1848 645 1882 accusativum
683 1859 762 1882 cum
789 1849 873 1882 infi-

157 1898 276 1934 nitivo
309 1901 488 1940 mutatur,
526 1896 587 1931 ubi
630 1897 740 1931 verba
781 1897 873 1931 alius

159 1945 366 1980 referuntur
418 1946 456 1979 in
510 1947 674 1979 oratione
713 1945 872 1991 obliqua.

163 1993 251 2028 Rem
291 1994 459 2038 exposuit
497 1994 699 2040 Madvigius
739 1993 871 2038 Opusc.

159 2041 261 2076 acad.
294 2046 319 2076 t.
347 2040 378 2076 11
411 2052 447 2086 p.
475 2042 579 2078 208
625 2041 730 2078 Conf.
758 2043 771 2076 l
806 2044 872 2077 17:

160 2090 299 2135 quando
327 2101 476 2124 ausuros
517 2091 750 2139 (audebimus)
807 2103 874 2124 ez-

154 2150 302 2184 poscere
339 2138 523 2173 remedia?
558 2139 626 2174 46:
660 2151 709 2172 an
749 2139 874 2184 Anqu-

158 2193 248 2221 stum
272 2207 317 2213 -
346 2198 543 2221 commeare
564 2187 746 2233 potuisse?
772 2187 803 2221 11
828 2190 873 2222 2:

156 2235 218 2269 ubi
226 2234 324 2268 illam
335 2235 487 2280 gloriam
501 2236 752 2270 trucidantium
762 2236 875 2269 Cras-

158 2283 265 2317 sum?
293 2284 358 2317 15:
384 2284 483 2316 aliud
495 2283 562 2316 sibi
584 2284 754 2328 reliquum
772 2295 875 2327 quam

160 2337 279 2365 tenere
305 2330 528 2365 libertatem?
554 2331 599 2364 ΙΙΙ
623 2333 694 2366 34:
719 2333 875 2376 ipsorum

159 2380 426 2424 magistratuum
449 2390 568 2412 nonae
601 2380 783 2424 plerosque
808 2390 876 2414 va-

160 2428 225 2462 riis
253 2427 454 2461 lihidinibus
480 2428 682 2462 obnoxios?
716 2429 789 2462 44:
826 2439 875 2461 an

160 2483 193 2511 et
230 2476 459 2510 Sacrovirum
495 2477 690 2510 maiestatis
731 2477 879 2510 crimine

158 2535 258 2559 reum
290 2525 328 2558 ia
364 2530 491 2558 senatu
525 2527 604 2569 sore
622 2525 642 2558 ἱ)
694 2524 768 2559 58:
810 2536 874 2558 cur

161 2572 323 2607 Dialibus
348 2573 386 2606 id
411 2572 581 2607 vetitum?
611 2573 655 2607 1v
683 2573 724 2607 7:
757 2584 872 2617 quan-

160 2628 231 2655 tum
253 2621 461 2665 superesse?
499 2621 544 2654 Vl
569 2621 617 2654 2:
655 2632 738 2665 quos
764 2622 876 2655 omitti

157 2681 271 2714 posse,
296 2679 379 2712 quos
405 2669 538 2713 deliqi?
564 2669 610 2702 xi
642 2669 682 2703 7:
710 2680 807 2712 quem
827 2669 876 2703 il-

161 2717 233 2750 lum
257 2722 358 2750 tanta
381 2717 559 2762 sapientia
582 2716 682 2750 esse?
708 2716 874 2752 X1n43:

163 2776 228 2798 cur
240 2766 333 2798 enim
358 2766 530 2798 neminem
547 2764 656 2797 alium
677 2763 875 2798 delectum?

162 2811 244 2847 XVI
270 2813 340 2848 29:
374 2813 457 2856 quid
486 2812 681 2857 Ayro'ppiao
707 2812 876 2846 obiectum

164 2860 298 2908 (esse)⁹
325 2859 366 2894 Η.
394 2861 408 2894 1
432 2861 500 2896 50:
525 2871 620 2893 nunc
643 2871 709 2905 pro
736 2860 872 2895 Othone

166 2920 214 2942 aa
252 2919 319 2954 pro
357 2907 490 2943 Vitellio
523 2910 561 2942 in
599 2907 727 2952 templa
764 2909 875 2943 ituros

163 2957 304 3003 (ibimus
344 2957 381 2990 in
423 2956 559 2991 directa
584 2956 796 3004 oratione)?
834 2956 876 2990 Η.

533 1617 632 1652 ciuili
658 1617 697 1651 G.
749 1617 915 1652 attolerat
944 1618 1014 1652 litt.
1042 1629 1061 1650 ο
1088 1627 1265 1662 superscr.
1295 1630 1325 1651 v.
1353 1615 1417 1651 Ma.

327 1668 383 1701 11.
411 1667 588 1700 mmo-tatio
614 1677 681 1700 nec
706 1666 762 1711 (in
788 1677 914 1700 versus
941 1666 1031 1712 fine)
1059 1678 1117 1699 res
1142 1678 1302 1711 yererem
1330 1676 1516 1700 romanam
1546 1665 1613 1700 litt.
1641 1678 1663 1712 9

157 1725 336 1760 superscr.
365 1727 385 1749 c
411 1714 490 1749 Ma:
518 1720 718 1749 correctum
742 1716 836 1749 inest
860 1714 900 1749 G.

1481 1617 1517 1652 8.
1547 1622 1657 1662 opler.

979 1717 1035 1750 12.
1064 1715 1157 1749 brice.
1190 1714 1253 1748 Ma.

943 1848 974 1882 11
998 1850 1069 1885 20:
1107 1860 1155 1881 an
1189 1849 1485 1894 oppuqnatioa‘em
1510 1849 1666 1883 inchoa-

943 1904 1038 1931 turos
1073 1896 1388 1946 (inchoabimus)?
1440 1898 1480 1932 H.
1515 1897 1563 1931 111
1597 1899 1664 1932 13:

940 1946 1009 1979 huc
1041 1946 1207 1979 cecidisse
1240 1946 1447 1985 Germanici
1486 1947 1663 1980 exercitus

940 1994 1093 2039 ylen-iam
1133 1998 1203 2028 cet.
1254 1994 1298 2028 A.
1318 2027 1324 2029 e
1350 1995 1417 2029 15:
1456 1995 1661 2038 quantulum

941 2044 1034 2076 enim
1058 2043 1228 2076 transisse
1241 2043 1405 2084 militum,
1431 2043 1463 2076 si
1477 2055 1552 2077 sese
1574 2044 1659 2077 Bri.

942 2092 1047 2124 tanni
1080 2091 1291 2125 numerent?
1352 2090 1486 2125 Contra
1520 2093 1558 2125 in
1597 2103 1660 2126 se-
1702 2126 1705 2135 ,

943 2140 1058 2173 cunda
1098 2150 1252 2184 persona
1285 2139 1410 2174 modus
1443 2139 1660 2174 indicativus

942 2189 1069 2222 transit
1120 2190 1157 2221 in
1201 2190 1470 2223 coniunctivum
1525 2194 1661 2223 mutato

943 2242 1104 2281 tempore
1131 2236 1258 2279 verbi,
1300 2237 1414 2271 veluti
1441 2236 1524 2280 quid
1544 2238 1663 2282 petisti

944 2286 979 2318 in
1007 2285 1089 2328 quid
1112 2286 1281 2329 potasset,-
1310 2296 1341 2318 v.
1372 2286 1384 2318 l
1419 2285 1461 2319 19
1487 2295 1566 2318 cum
1596 2296 1663 2318 an-

942 2334 1130 2365 notatione
1157 2337 1193 2366 et
1214 2333 1260 2367 26
1288 2338 1323 2366 et
1349 2334 1408 2376 40,
1429 2332 1588 2368 X11149.
1616 2333 1660 2368 Η.

942 2380 991 2414 111
1018 2381 1076 2416 70.
1119 2378 1173 2413 Cf.
1202 2381 1246 2414 ad
1270 2381 1313 2415 H.
1341 2381 1391 2415 lV
1416 2380 1451 2414 4.
1518 2396 1528 2402 -

992 2429 1082 2473 quod
1103 2429 1241 2462 roboris
1257 2430 1314 2471 sit,
1333 2429 1479 2475 Belqas:
1506 2430 1550 2463 de
1568 2429 1660 2464 Bel-

943 2487 1064 2524 garum
1077 2477 1288 2511 fortitudine
1301 2478 1347 2512 cf.
1360 2478 1539 2512 CaesarB.
1554 2477 1593 2512 G.
1608 2478 1619 2512 Ι
1635 2480 1663 2513 1.

942 2526 1170 2560 Constructio
1188 2525 1317 2559 similis
1339 2526 1352 2560 l
1375 2526 1444 2562 48:
1474 2528 1564 2571 quod
1582 2538 1662 2560 ma-

940 2576 1033 2608 xime
1061 2581 1258 2608 castrorum
1273 2576 1451 2609 sincerum
1465 2582 1567 2618 emt,-
1591 2576 1658 2610 64:

941 2623 1032 2668 quod
1051 2624 1216 2668 effectum
1243 2626 1368 2668 operis.
1399 2623 1482 2657 H.11
1505 2624 1581 2658 44:-
1599 2635 1661 2657 su·-

937 2683 1077 2717 peresse
1099 2692 1144 2698 —
1171 2671 1315 2705 militnm
1346 2672 1437 2716 quod
1461 2677 1561 2705 trans
1586 2672 1659 2705 Pa-

943 2720 1021 2753 dum
1046 2720 1183 2763 [μανίη
1227 2719 1267 2752 ll.
1295 2719 1342 2752 lv
1374 2720 1437 2754 15:
1472 2720 1563 2763 qnod
1587 2721 1653 2753 vai·

942 2767 1040 2801 litum
1077 2768 1115 2799 in
1146 2768 1361 2811 superiorem
1396 2767 1534 2800 insulae
1565 2779 1657 2813 par..

944 2822 1010 2849 tem
1044 2820 1327 2859 conyreqantur;
1370 2813 1408 2847 Η.
1439 2814 1467 2847 V
1500 2815 1559 2850 16:
1595 2818 1657 2860 fu-

943 2874 997 2897 sos
1027 2862 1232 2903 Germanos,
1260 2862 1349 2906 quod
1374 2863 1510 2896 roboris
1533 2865 1654 2908 suerit.

1015 2915 1251 2944 transvectam
1277 2931 1322 2937 —
1360 2921 1403 2944 ea:
1430 2910 1565 2945 Italia:
1607 2912 1655 2946 cf.

945 2967 975 2990 c.
1002 2956 1063 2992 68.

1692 2374 1710 2407 (ι-

1694 976 1768 1093 Ξ
