1768 3216
824 194 912 231 Gar.
939 197 1095 232 34—35.
1601 200 1672 234 231

174 314 257 357 nisi
286 327 418 369 aeque
449 315 662 370 imperitus
693 315 829 356 intrat.
899 315 945 356 In
977 314 1276 368 condiscipulis
1304 313 1408 356 nibil
1444 314 1673 369 profectus,

178 401 269 430 cum
300 389 418 443 pueri
449 389 558 431 inter
585 401 741 443 pueros
772 393 814 430 et
844 388 1147 430 adolescentuli
1186 389 1295 429 inter
1336 388 1672 431 adolescentulos

173 465 263 518 pari
293 464 518 506 securitate
559 469 599 505 et
644 463 783 504 dicant
814 467 854 504 et
894 463 1124 504 audiantur.
1202 463 1321 516 Ipsae
1361 475 1463 504 vero
1505 464 1673 505 exerci-

177 540 357 581 tationes
388 551 538 594 magna
581 552 634 580 ex
670 542 785 592 parte
817 538 1067 579 contrariae.
1149 538 1304 590 Nempe
1337 537 1446 578 enim
1477 537 1558 579 duo
1590 549 1672 592 ge-

177 625 279 656 nera
309 614 574 656 materiarum
602 613 710 667 apud
740 612 931 654 rhetoras
965 615 1215 664 tractantur,
1247 612 1464 653 suasoriae
1490 615 1532 653 et
1562 530 1712 668 con-i

175 689 435 740 troversiae3
468 701 522 730 ex
547 689 612 730 bis
643 688 860 730 suasoriae
893 687 1071 740 quidem,
1105 690 1309 740 tamquam
1339 685 1460 739 plane
1486 685 1669 727 leviores
1701 675 1708 734 l

173 768 216 806 et
246 764 381 806 minus
409 763 656 817 prudentiae
687 762 920 816 exigentes,
953 761 1092 814 pueris
1124 760 1383 815 delegantur,
1417 764 1668 802 controver—
1703 736 1728 799 ⁴⁸3>

172 838 266 880 siae
295 838 602 880 robustioribus
632 837 933 891 adsignantur,
976 835 1118 890 quales
1138 867 1150 888 ,
1193 847 1268 889 per
1297 834 1444 887 fidem,
1477 838 1518 875 et
1547 845 1670 888 quam
1706 842 1711 856 ’-

173 912 476 955 incoedibiliter
508 911 787 965 compositae!
826 910 1019 964 Sequitur
1045 914 1181 951 autem
1209 914 1254 950 ut
1284 909 1482 950 materiae
1513 908 1671 950 abhor-

172 987 280 1032 renti
310 1000 335 1028 a
361 986 537 1028 veritate
567 984 816 1026 declamatio
850 994 1016 1037 quoque
1045 982 1302 1024 adhibeatur.
1363 982 1432 1024 Sic
1460 981 1504 1022 fit
1531 985 1575 1022 ut
1596 985 1671 1035 ty-
1685 995 1726 1026 ιο

169 1062 480 1107 rannicidarum
510 1060 695 1114 praemia
726 1062 795 1100 aut
818 1056 1322 1122 vitiataQQtjojff
1361 1059 1430 1097 aut
1469 1054 1671 1108 pestilen—

827 1105 962 1120 b„„2„

173 1139 257 1181 tiae
291 1135 476 1179 remedia
527 1139 594 1177 aut
646 1134 805 1175 incesta
844 1136 1042 1183 matrum,
1094 1134 1161 1172 aut
1204 1129 1401 1183 quidquid
1444 1129 1487 1169 in
1527 1127 1672 1170 schola

639 1272 672 1305 5.
700 1269 857 1302 rhetores
883 1278 977 1300 nunc
1002 1266 1049 1299 P:
1089 1266 1115 1299 F
1143 1265 1305 1298 rhetoras
1346 1268 1437 1298 teste
1467 1263 1669 1298 Schrautio.

296 1275 331 1309 3.
349 1244 430 1319 ⁴ipse
457 1272 493 1305 P.

575 1319 609 1354 6.
636 1318 690 1352 Itis
714 1317 758 1351 P:
790 1317 816 1350 F
841 1317 895 1349 iis.
1006 1315 1077 1355 ¹etsi
1102 1314 1210 1358 triquii
1235 1323 1268 1345 v.
1297 1313 1360 1346 etsi
1386 1312 1526 1356 punctis
1551 1311 1595 1344 ab
1622 1311 1669 1346 al.

172 1330 420 1358 controversae
448 1321 483 1354 P.

171 1382 277 1407 manu
304 1370 446 1404 subnot.
474 1368 518 1411 P,
553 1368 617 1402 etsi
642 1373 807 1411 tanquam
835 1364 883 1398 F:
911 1364 974 1397 etsi
1002 1362 1135 1397 delevit
1157 1361 1322 1394 Muretus.
1393 1361 1426 1394 7.

717 1419 964 1447 controuersae
989 1411 1024 1445 P.

170 1421 215 1456 ab
232 1419 279 1455 al.
307 1431 352 1453 m.
374 1428 550 1462 superscr.
566 1429 589 1450 a
615 1415 651 1451 P.

173 1555 236 1590 dus
281 1559 392 1595 esset,
443 1552 565 1598 putavi
598 1562 669 1584 esse
718 1549 883 1589 censoris,

172 1614 217 1638 ne
241 1603 379 1648 longius
414 1601 452 1634 id
476 1605 649 1645 serperet,
687 1596 884 1642 providere.

174 1652 333 1687 Censura
358 1650 397 1684 L.
424 1647 572 1682 Crassus
597 1652 632 1682 et
668 1645 731 1679 Cn.
759 1645 886 1679 Domi-

175 1703 245 1735 tius
274 1700 388 1734 functi
417 1702 499 1731 sunt
528 1708 548 1730 a
576 1696 645 1731 662
674 1695 768 1739 (92).
811 1693 886 1726 Pli-

174 1751 255 1784 nius
270 1748 311 1783 N.
329 1747 368 1784 H.
390 1745 487 1780 xvu
512 1748 541 1779 1.
578 1744 716 1778 Gellius
742 1741 805 1776 XV
832 1744 885 1783 11,

174 1799 235 1844 qui
262 1797 417 1831 edictum
439 1794 639 1828 censorium
670 1797 754 1824 tunc
780 1790 887 1823 fixum

173 1846 343 1881 servavit.
380 1843 573 1878 Suetonius
603 1841 647 1874 de
674 1839 767 1874 Clar.
794 1838 886 1871 rhet.

177 1897 208 1930 1.
244 1892 410 1928 Valerius
429 1891 599 1926 Maximus
624 1888 672 1923 lx
702 1891 714 1922 ¹
738 1891 772 1922 4.
810 1886 887 1920 Ma-

174 1943 318 1978 crobius
345 1941 483 1976 Saturn.
511 1939 541 1972 lt
572 1939 625 1972 11.

248 2013 518 2048 exercitationes
550 2019 682 2054 naaqna
719 2019 763 2041 es:
786 2012 888 2052 parte

175 2062 409 2097 contrariae.-
452 2058 731 2094 exercitationes
765 2065 888 2088 verum

174 2111 375 2156 profectum
401 2119 530 2154 magna
572 2117 617 2141 ex
643 2109 742 2150 parte
768 2113 889 2137 remo.-

175 2164 307 2194 rantur.
334 2157 388 2191 Cf.
417 2168 447 2190 c.
464 2158 536 2191 39:
563 2156 674 2201 ipsam
696 2175 741 2181 --
769 2163 890 2186 curam

176 2214 208 2242 et
234 2206 410 2251 ditiyontis
444 2204 517 2238 stili
558 2204 772 2237 antietatem
801 2210 889 2233 con.-

174 2256 327 2290 erarium
366 2253 576 2297 experimur.
640 2249 887 2283 Probationem

177 2304 362 2338 continent
400 2299 511 2334 verba
549 2310 671 2343 nempe
705 2297 796 2330 enim
824 2295 888 2327 duo

174 2362 309 2399 qenera
345 2370 392 2376 -
424 2346 679 2381 incredibiliter
718 2343 889 2388 composi-

177 2408 259 2444 tae‚·
285 2398 380 2445 quod
405 2402 443 2430 ut
463 2396 577 2441 magis
603 2397 784 2438 appareat,
812 2395 890 2434 post

177 2447 438 2484 controversiae
472 2455 542 2478 nou
579 2446 746 2487 punctum
775 2439 889 2484 posui,

151 2503 158 2507 “
178 2503 216 2533 ut
241 2497 351 2543 vulgo
379 2495 439 2537 tit,
483 2492 546 2526 sed
575 2491 726 2525 medinm
762 2488 890 2521 distin-

179 2549 348 2582 ctionem.
386 2542 626 2585 Quintilianus
651 2539 683 2572 ΙΙ
710 2539 732 2572 2
763 2538 775 2569 1
806 2546 891 2569 sua-

178 2596 291 2630 sorias
318 2591 514 2636 appellavit
542 2587 787 2622 deliberativas
814 2595 891 2616 rna-

179 2645 307 2680 terias,
335 2638 597 2674 controversias
622 2633 817 2668 iudiciales.

250 2708 472 2746 declamatio*
493 2717 622 2752 quoque
658 2702 866 2738 adhibeatur
881 2714 891 2733 .-

181 2761 396 2806 intelligitur
423 2768 465 2791 ex
494 2754 663 2800 proximis
686 2751 892 2787 declamatio

181 2810 375 2844 abhorrens
402 2817 424 2840 a
450 2806 608 2839 veritate.

253 2877 557 2926 tyrannicidarum
578 2875 740 2920 praemia
763 2892 804 2898 -—-
828 2881 891 2917 pe-

184 2929 358 2965 stilentiae
393 2925 567 2961 remedia.-
605 2921 752 2956 eandem
787 2929 893 2953 exer·-

1465 1359 1671 1404 delegantur

1086 1410 1120 1444 8.
1147 1401 1211 1455 per
1233 1409 1336 1452 sidem
1356 1406 1408 1441 F:
1430 1407 1600 1453 perfidiae
1626 1406 1662 1440 P.

955 1545 1057 1579 cendi
1087 1553 1228 1588 pravam
1265 1540 1558 1576 consuetudinem
1584 1549 1669 1585 gra-

954 1595 1046 1627 viter
1068 1594 1259 1636 'vituperat
1293 1590 1479 1624 Petronius
1511 1597 1588 1631 cap.
1622 1589 1667 1621 1:

953 1653 1035 1675 num
1059 1641 1129 1674 alio
1164 1650 1289 1685 qenere
1318 1639 1504 1672 Furiarum
1545 1634 1667 1668 decla..

954 1696 1105 1724 matores
1132 1685 1399 1733 inquietantur?
1428 1685 1495 1727 Qui
1512 1683 1667 1717 clamant

952 1739 1063 1772 ‘Haec
1088 1736 1236 1771 vulnera
1257 1746 1323 1781 pro
1350 1733 1509 1767 libertate
1524 1730 1667 1776 publica

955 1788 1086 1831 excepi,
1115 1785 1208 1818 bunc
1233 1783 1369 1817 oculum
1390 1792 1456 1828 pro
1479 1780 1572 1814 vobis
1597 1780 1666 1812 im-

953 1836 1059 1881 pendi
1066 1848 1079 1878 ‚·
1120 1834 1198 1867 date
1233 1832 1319 1865 milii
1360 1830 1479 1864 ducem
1522 1828 1580 1872 qui
1613 1838 1666 1860 me

955 1885 1059 1917 ducat
1085 1882 1132 1915 ad
1164 1882 1291 1916 liberos
1324 1889 1442 1912 meos:
1476 1887 1558 1909 nam
1582 1887 1664 1909 suc-

955 1933 1020 1966 cisi
1041 1930 1187 1976 poplites
1213 1928 1368 1962 membra
1385 1936 1458 1959 non
1473 1922 1664 1958 sustinent'.
1696 1954 1698 1958 t

958 1981 1054 2014 Haec
1079 1980 1156 2024 ipsa
1182 1974 1381 2012 tolerabilia
1407 1978 1536 2014 essent,
1561 1972 1600 2005 'si
1620 1971 1668 2005 ad
1696 1979 1698 1981 ·

956 2027 1187 2073 eloquentiam
1212 2025 1314 2059 ituris
1349 2024 1442 2056 viam
1478 2024 1665 2066 facerent.-

956 2087 1051 2110 nunc
1075 2082 1107 2109 et
1133 2086 1251 2108 rernm
1289 2079 1421 2107 tumore
1459 2075 1491 2103 et
1525 2073 1667 2102 senten-

957 2127 1085 2159 tiarum
1108 2123 1295 2157 varzissimo
1323 2119 1468 2164 strepitu
1493 2117 1558 2150 boc
1584 2122 1667 2149 tan-

956 2180 1027 2207 tum
1046 2172 1250 2218 proficiunt,
1296 2174 1334 2202 ut
1366 2178 1442 2201 cum
1480 2165 1518 2198 in
1552 2165 1668 2207 forum

955 2222 1127 2261 venerint,
1151 2222 1272 2263 putent
1296 2227 1332 2249 se
1355 2216 1393 2248 in
1418 2212 1526 2246 alium
1547 2216 1667 2243 terra-

956 2280 1033 2301 rum
1057 2268 1172 2300 orbem
1207 2265 1350 2297 delatos.
1415 2260 1463 2294 Et
1497 2258 1574 2292 ideo
1603 2267 1665 2302 eqo

956 2312 1231 2349 adolescentulos
1271 2310 1425 2344 eristimo
1465 2308 1503 2340 in
1539 2304 1667 2339 scholis

957 2363 1171 2397 stultissimos
1194 2360 1274 2402 fieri
1290 2385 1299 2401 ,
1338 2357 1419 2402 quia
1443 2354 1532 2389 nihil
1555 2364 1599 2386 ex
1623 2353 1667 2386 iis

958 2423 1044 2456 quae
1070 2412 1107 2444 in
1133 2420 1197 2442 usu
1221 2407 1408 2445 habemus,
1435 2409 1495 2438 aut
1520 2401 1667 2436 audiunt

958 2466 1017 2493 aut
1044 2459 1182 2498 vident,
1226 2456 1285 2490 sed
1306 2455 1443 2500 piratas
1468 2462 1544 2485 cum
1569 2454 1666 2483 cate-

959 2509 1012 2540 nis
1039 2509 1075 2540 in
1101 2507 1201 2539 litore
1228 2509 1375 2538 stantes.
1410 2501 1469 2535 sed
1499 2505 1666 2542 tyrannos

959 2555 1073 2590 edicta
1107 2553 1295 2588 scribentes
1341 2549 1459 2594 quibus
1499 2548 1666 2590 imperent

956 2605 1038 2648 liliis
1052 2609 1088 2637 ut
1108 2607 1248 2649 patrum
1265 2609 1404 2633 suorum
1425 2595 1541 2640 capita
1557 2602 1666 2636 prae-

961 2652 1099 2692 cirtam,
1132 2650 1192 2683 sed
1216 2656 1382 2692 responsa
1408 2644 1443 2676 in
1471 2639 1668 2686 pestilentia

961 2702 1043 2734 data
1071 2705 1103 2732 nt
1130 2698 1282 2741 riryines
1299 2700 1366 2727 tres
1392 2696 1452 2724 aut
1466 2687 1583 2734 plures
1599 2687 1668 2720 im·-

960 2749 1142 2782 uiolentur.

1032 2820 1233 2852 vitiatarum
1247 2813 1454 2847 electiones.-
1481 2807 1567 2840 dicit
1592 2805 1668 2839 vir-

964 2868 1082 2913 ginem
1116 2875 1134 2897 a
1165 2867 1304 2907 raptore
1339 2864 1574 2903 compressam
1610 2856 1669 2886 aut

963 2915 1050 2950 mori
1090 2923 1169 2947 eum
1209 2911 1268 2956 qui
1310 2913 1469 2952 stuprum
1511 2900 1671 2937 intulerit
