1768 3216
137 204 173 240 Q
181 192 228 231 ὓ.
255 193 319 236 69.

601 193 738 229 LIBER
761 193 827 230 111.
877 192 965 227 Gn.
993 191 1152 229 57—58.

1569 192 1651 230 Μ,

137 313 234 368 lpse
267 325 403 369 aeger
433 312 560 353 animi
589 310 737 353 studiis
766 311 942 352 militum
974 314 1015 352 et
1045 309 1299 352 clamoribus
1339 307 1481 363 populi
1529 320 1646 351 arma

137 388 354 442 poscentis
382 386 668 438 refovebatur,
695 385 791 427 dum
810 384 959 439 vulgus
981 385 1176 439 ignavum
1197 387 1239 424 et
1260 381 1365 424 nihil
1380 382 1488 424 ultra
1510 381 1643 423 verba

142 473 337 505 ausurum
370 461 474 503 salsa
505 458 650 514 specie
681 458 910 500 exercitum
952 462 993 499 et
1029 457 1223 511 legiones
1270 456 1464 511 appellat.

1525 456 1644 497 Hor-

138 535 320 579 tantibus
335 534 496 577 libertis
527 539 645 586 (nam
676 532 903 575 amicorum
922 532 1012 572 eius
1036 535 1189 584 quanto
1207 531 1299 584 quis
1318 530 1487 583 clarior,
1508 531 1643 572 minus

138 609 268 662 fidus)
298 609 445 652 vocari
475 607 607 651 tribus
634 607 771 659 iubet,
813 606 960 648 dantes
991 605 1162 646 nomina
1199 609 1464 662 sacramento
1496 604 1675 679 adigit&

384 665 518 684 β...

198 721 205 734 'v
254 747 290 782 2.
315 744 540 790 resobebatur
566 742 631 777 Ma.

705 742 826 786 vulqus
851 740 909 777 Or.

1087 686 1112 702 ,ν
1145 697 1158 703 ἢ
1244 671 1272 695 ‘2¹7
1386 665 1428 698 rs*
1476 675 1485 695 1
1542 681 1565 698 μι

1088 705 1099 717 a,
1118 700 1240 725 co'p‘Mt
1262 698 1346 725 lxma„—
1386 698 1457 720 b'sm
1472 697 1541 721 Μ’
1559 697 1607 714 b-u-

973 740 1086 774 m’chil
1111 738 1177 774 Ma.
1251 741 1285 774 5.
1317 740 1423 775 dante
1450 739 1516 785 Ma,
1544 741 1579 775 h.
1607 752 1641 776 e.

141 804 206 841 pro
234 793 348 829 dante‘
370 793 449 829 sive
472 792 607 839 dantes,
633 795 673 828 ut
697 791 734 824 in
761 789 811 828 G:
838 789 867 828 G
892 793 928 828 et
953 788 1179 828 oxonienses
1207 788 1302 826 datm

140 939 221 979 mv
257 939 340 975 pars
374 941 420 966 ex
453 930 671 976 pauperibus
712 935 854 974 essent,

140 981 240 1027 iique
263 980 436 1024 principis
467 980 647 1014 beneficio
680 990 766 1024 prae
793 991 857 1014 ce-

140 1028 228 1062 teris
253 1028 471 1074 indigerent,
501 1029 537 1062 in
561 1028 715 1074 Augusti
743 1033 858 1063 testa-

140 1081 263 1111 mento
306 1077 451 1111 nomine
491 1077 613 1123 populi
653 1087 858 1122 pauperes,

141 1125 293 1160 tribuum
319 1127 466 1160 nomine
498 1125 757 1170 locupletiores
792 1126 859 1160 de-

141 1173 303 1220 signatos
333 1173 446 1208 fuisse
474 1174 651 1220 colligere
681 1174 779 1208 licet.
806 1174 859 1208 Ac

141 1232 230 1256 sane
245 1223 357 1256 tribus
381 1233 452 1256 non
466 1221 678 1256 vilissimam
705 1223 767 1257 sed
790 1223 860 1256 ho-

143 1272 340 1306 nestiorem
385 1272 518 1305 civium
567 1276 702 1315 partem
746 1272 885 1305 fuisse*

142 1319 276 1353 certius
314 1325 463 1363 apparet
495 1331 539 1354 ex
577 1319 706 1362 titulo,

143 1367 314 1402 Gruterus
353 1378 387 1412 p.
416 1369 489 1404 244
522 1372 548 1403 4
581 1369 724 1412 posuit:

754 1330 860 1365 quem

771 1369 859 1413 Imp.

147 1416 182 1450 T.
200 1415 351 1450 Caesari
377 1415 460 1450 Divi
484 1419 513 1462 f.
535 1416 748 1462 Vespasiano
768 1417 859 1461 Aug.

141 1464 241 1510 plebs
264 1464 417 1507 urbana,
443 1476 532 1510 quae
546 1467 758 1510 [rumentum
770 1465 862 1510 pub-

164 1514 172 1520 ‘
273 1515 431 1558 accepit,
474 1519 508 1547 et
534 1514 654 1548 aribus.
681 1514 722 1548 ln
748 1518 863 1547 testa-

146 1566 267 1604 mento
292 1561 446 1607 Augusti
473 1563 533 1607 qui
568 1567 622 1596 est
651 1561 800 1608 populus
826 1563 863 1596 in

146 1607 477 1654 hac'inscriptione
509 1610 607 1656 plebs
631 1611 771 1644 urbana
797 1620 863 1654 ap-

147 1657 322 1702 pellatur:
349 1659 493 1692 nomina
521 1660 615 1692 enim
650 1658 716 1692 hac
744 1663 863 1692 aetate

148 1717 219 1739 non
235 1711 412 1748 constant,
441 1712 477 1739 et
498 1706 595 1752 plebs
618 1707 749 1753 vulgus
772 1718 864 1751 pau-

147 1765 295 1798 perum,
333 1754 481 1800 populus
502 1755 658 1788 tribuum
685 1756 789 1799 copia
814 1755 863 1788 ibi

147 1808 284 1837 tantum
310 1802 466 1837 discrete
486 1809 681 1839 ,vocantur
708 1815 728 1837 a
759 1803 865 1837 Taci-

148 1856 213 1894 to,
272 1851 334 1885 ubi
374 1857 549 1898 utraeque
596 1857 717 1896 partes
758 1851 865 1885 simul

148 1906 491 1943 commemorantur3
534 1911 570 1934 v.
597 1906 718 1935 annot.
751 1900 795 1934 ad
822 1900 863 1934 H.

148 1948 247 1983 135.
302 1947 357 1981 Ex
394 1949 460 1983 illo
498 1949 714 1983 documento
759 1948 865 1982 lucu-

147 1996 246 2030 lente
288 1998 504 2042 perspicitur
540 1997 654 2031 tribus
698 1997 864 2042 largitio-

146 2055 231 2078 num
256 2055 374 2090 neque
400 2046 541 2092 indigas
566 2057 686 2091 neque
712 2047 863 2090 partici-

147 2103 212 2137 pes
249 2093 383 2137 tuisse,
422 2094 553 2140 reliqui
589 2099 713 2128 autem·
740 2094 864 2139 populi

147 2142 258 2175 vitam
287 2142 469 2176 frumento
505 2143 651 2187 publico
679 2148 865 2177 sustenta-

146 2194 220 2223 tam
274 2200 368 2225 esse.
434 2191 595 2225 Accedat
643 2191 741 2225 aliud
793 2201 864 2237 quo

149 2237 242 2272 idem
284 2238 524 2273 confirmatur.
581 2240 776 2274 Suetonius
821 2239 865 2273 de

149 2285 292 2319 Nerone
330 2298 361 2320 c.
397 2286 447 2322 44
481 2286 572 2321 haec
606 2292 746 2320 narrat:
785 2299 866 2322 moa:

150 2333 260 2366 tribus
308 2334 468 2369 urbanas
515 2335 563 2368 ad
605 2342 867 2369 sacramentum

151 2381 298 2423 citavit,
344 2393 389 2416 ac
422 2384 519 2417 nullo
553 2384 680 2417 idoneo
714 2395 864 2429 respon-

143 2429 252 2463 dente
270 2436 403 2464 certum
421 2432 574 2466 dominis
602 2443 782 2466 servorum
797 2444 866 2465 na-

149 2489 284 2512 nterum
316 2479 457 2514 indixit.
506 2480 608 2514 Adeo
644 2480 867 2524 locupletio-

149 2536 207 2560 res
243 2526 341 2560 urbis
382 2527 528 2562 incolae
570 2528 724 2563 mollitia
762 2528 865 2563 fracti

150 2579 251 2608 erant
274 2580 337 2608 ant
362 2576 406 2609 ab
431 2577 575 2610 immani
611 2578 775 2621 principe
800 2578 866 2611 ab-

151 2622 355 2664 horrebant,
378 2629 417 2656 ut
443 2635 487 2658 ex
503 2624 668 2658 tribubus
690 2637 709 2658 a
723 2625 866 2659 Nerone

151 2671 270 2703 citatis
296 2681 401 2705 nemo
428 2672 472 2704 ad
491 2672 654 2705 militiam
681 2674 866 2707 sustinen-

151 2717 230 2751 dam
254 2719 404 2753 idoneus
430 2719 600 2763 prodiret.
634 2720 729 2754 Nero
756 2722 867 2767 igitur

150 2765 325 2809 dominis,
353 2766 388 2801 h.
421 2779 454 2802 e.
482 2767 665 2803 tribulibus
691 2771 752 2815 qui
778 2770 866 2804 ade·

149 2819 249 2855 rant,
294 2819 429 2849 certum
463 2826 648 2850 numerum
681 2828 866 2852 servorum

151 2862 291 2897 indixit.
335 2863 404 2898 Sed
433 2865 492 2909 qui
520 2870 656 2898 certum
681 2877 865 2901 numerum

150 2921 334 2946 servorum
370 2918 551 2956 praestare
578 2917 763 2958 poterant,
802 2925 865 2949 eos

150 2969 222 2994 non
255 2971 301 2995 ex
335 2960 457 2996 infima
491 2960 782 3006 plebeculu¹sed
821 2974 866 2997 ex

928 929 1116 964 ditioribus
1143 929 1257 963 fuisse
1283 938 1349 973 pro
1376 931 1476 962 certo
1504 926 1646 961 haben-

929 979 1023 1013 dum.
1070 978 1296 1022 Quapropter
1323 976 1367 1011 ad
1392 980 1554 1021 sumptus
1580 987 1646 1009 ex-

929 1027 1183 1062 traordinarios
1199 1026 1324 1069 tribus,
1351 1035 1422 1058 non
1447 1024 1551 1070 plebs
1567 1034 1647 1058 sor-

929 1076 1023 1119 dida,
1050 1075 1228 1120 pecuniae
1260 1075 1372 1119 stipes
1400 1073 1646 1108 conferebant.

930 1126 1124 1160 Suetonius
1150 1124 1243 1170 Aug.
1273 1135 1304 1157 c.
1333 1123 1398 1158 57:
1441 1123 1479 1156 in
1505 1122 1648 1156 restitu-

930 1175 1058 1208 tionem
1093 1172 1281 1207 Palatinae
1323 1171 1443 1205 domus
1485 1170 1648 1205 incendio

931 1223 1133 1268 absumptae
1157 1220 1338 1263 veterani,
1369 1220 1554 1264 decuriae,
1580 1220 1650 1254 tri-

932 1272 992 1305 bus
1019 1293 1063 1300 —
1087 1270 1258 1317 pecunias
1283 1268 1516 1303 contulerunt.
1576 1268 1650 1302 Iam

932 1331 1039 1354 causa
1066 1323 1249 1364 apparet,
1283 1328 1347 1351 cur
1374 1318 1559 1364 Augustus
1582 1328 1651 1363 po-

929 1367 1011 1414 pulo
1045 1367 1234 1414 grandem,
1283 1366 1437 1400 tribubus
1482 1367 1651 1412 exiguam

933 1417 1123 1461 pecuniam
1148 1415 1340 1461 legaverit.
1366 1414 1540 1448 Nimirum
1562 1424 1651 1460 quos

932 1465 996 1499 ille
1035 1465 1118 1499 dum
1150 1465 1244 1497 vixit
1281 1464 1460 1497 frumento
1501 1462 1652 1506 adiuvit,

934 1512 1079 1548 eosdem
1114 1517 1195 1558 post
1237 1517 1387 1546 mortem
1432 1510 1558 1557 grandi
1594 1522 1654 1545 ar..

933 1564 1034 1608 genti
1073 1562 1108 1595 vi
1141 1561 1299 1594 donavit.
1359 1559 1521 1594 Tribules
1566 1570 1654 1594 vero

934 1611 1096 1655 quamvis
1122 1610 1165 1643 ad
1188 1611 1299 1642 vitam
1325 1607 1500 1654 agendam
1527 1607 1654 1642 eodem

934 1658 1141 1692 adiumento
1167 1668 1238 1691 non
1266 1658 1495 1703 indigerent,
1534 1661 1654 1690 tamen

935 1707 1082 1740 honoris
1103 1717 1209 1740 causa
1236 1706 1358 1740 tricies
1383 1706 1575 1751 quinquies
1589 1716 1653 1740 se-

934 1757 1095 1789 stertium
1123 1759 1359 1799 acceperunt,
1396 1759 1434 1787 ut
1461 1764 1504 1788 eo
1530 1753 1653 1788 subsi..

935 1804 994 1837 dio
1023 1803 1280 1838 exolverentur
1311 1813 1404 1848 quae
1430 1802 1475 1836 ad
1500 1812 1559 1836 res
1576 1803 1654 1849 ⁴tri-

934 1852 1042 1886 buum
1080 1851 1293 1886 ordinandas
1327 1857 1362 1885 et
1400 1851 1654 1886 administrari-

935 1900 996 1934 das
1025 1901 1231 1935 necessaria
1257 1904 1391 1934 essent.
1418 1899 1560 1944 Quippe
1586 1911 1655 1944 pe-

936 1950 1041 1983 cunia
1066 1949 1230 1983 tribubus
1266 1949 1442 1983 destinata
1474 1958 1546 1981 non
1575 1949 1655 1982 sin-

936 1998 1031 2043 gulis
1056 1997 1250 2031 tribulibus
1276 1997 1550 2039 numerabatur,
1590 1997 1656 2031 sed

936 2046 1184 2080 communibus
1226 2046 1426 2091 sumptibus
1471 2051 1656 2080 reservata

936 2100 990 2128 est
1024 2104 1044 2128 a
1079 2096 1239 2128 vicorum
1275 2095 1457 2141 magistris
1492 2094 1553 2128 vel
1587 2095 1655 2128 tri-

934 2143 1043 2177 buum
1070 2143 1307 2178 curatoribus,
1375 2143 1478 2177 Cous.
1507 2143 1654 2178 Sueton.

934 2192 1051 2225 Tiber.
1085 2204 1115 2226 c.
1145 2192 1210 2226 76:
1249 2192 1342 2225 dedit
1377 2198 1409 2226 et
1434 2191 1555 2236 leqata
1576 2192 1657 2237 ple-

935 2241 1075 2284 risque,
1110 2241 1205 2273 inter
1239 2251 1322 2284 quos
1360 2241 1555 2285 viryinibus
1588 2239 1657 2274 Ve-

936 2288 1081 2322 stalibus
1095 2314 1106 2330 ,
1132 2288 1193 2321 secl
1218 2294 1251 2321 et
1276 2288 1442 2321 militibus
1468 2288 1655 2330 universis,

932 2337 1092 2382 plebique
1127 2337 1312 2370 Romanae
1350 2337 1505 2378 viritim,
1553 2342 1656 2380 alque

936 2386 1043 2418 etiam
1067 2386 1259 2429 separatim
1284 2386 1441 2419 vicorum
1465 2386 1654 2430 magistris.

936 2433 1073 2467 Plinius
1114 2432 1291 2479 Panegyr.
1321 2445 1352 2467 c.
1378 2433 1452 2468 25:
1477 2434 1548 2467 nisi
1571 2444 1655 2467 vero

936 2481 1060 2515 leviter
1098 2482 1226 2527 attingi
1269 2481 1388 2527 placet
1425 2481 1656 2527 locupletatas

937 2530 1046 2564 tribus
1078 2529 1262 2574 datumque
1298 2531 1523 2575 conyiarium
1562 2530 1657 2575 plebi

937 2579 1141 2623 (pauperi).
1179 2578 1285 2612 Plebs
1312 2584 1465 2623 utroque
1493 2578 1574 2611 loco
1602 2582 1656 2611 est

937 2627 1060 2671 populi
1089 2637 1168 2670 pars
1195 2626 1357 2660 tribubus
1377 2626 1469 2659 baud
1487 2631 1656 2659 contenta

936 2681 972 2708 et
1004 2674 1048 2708 ob
1087 2679 1334 2718 paupertatem
1374 2685 1395 2707 a
1429 2684 1469 2706 re
1511 2673 1656 2718 publica

935 2723 1065 2757 alenda
1096 2723 1276 2756 frumento
1304 2727 1339 2755 et
1367 2721 1522 2755 iuvanda
1548 2732 1654 2755 num-

936 2772 1001 2804 mis
1028 2771 1163 2803 viritim
1191 2769 1402 2803 distributis.
1430 2769 1557 2813 Populi
1575 2781 1656 2815 pars

937 2818 1099 2852 tribubus
1125 2818 1304 2861 descripta
1343 2818 1519 2852 interdum
1558 2819 1656 2864 plebs

936 2867 1075 2900 urbana
1089 2867 1237 2910 quinque
1263 2872 1295 2899 et
1320 2866 1468 2911 triginta
1491 2867 1654 2910 tribuum,

937 2914 1114 2948 interdum
1140 2913 1304 2948 absolute
1343 2915 1492 2960 quinque
1527 2920 1562 2949 et
1586 2916 1655 2950 tri-

935 2964 1035 3008 qima
1062 2961 1170 2996 tribus
1195 2960 1434 3008 appellantur.
1462 2962 1567 2999 Cous.
1593 2964 1653 3000 in..
