1768 3216
761 251 848 286 Cn.
875 251 934 288 45.
1546 249 1618 286 m

44 390 85 420 ῃ
118 365 248 413 naun
290 369 516 422 excepisti,
562 372 769 423 tamquam
816 382 891 424 pro
941 369 1052 410 virili
1097 368 1295 423 portione
1331 367 1616 410 innocentiam

122 440 301 495 principi
325 441 520 484 donares.
583 443 666 485 Sed
694 443 793 484 mihi
823 443 1016 498 filiaeque
1044 444 1134 486 eius
1161 447 1328 497 praeter
1347 441 1617 485 acerbitatem

117 515 302 568 parentis
345 517 477 571 erepti
513 521 639 572 auget
674 518 947 571 maestitiam,
996 518 1107 572 quod
1148 517 1344 560 adsidere
1382 516 1614 570 valitudini,

117 588 265 633 fovere
293 589 581 644 deiicientem,
623 592 767 634 satiari
798 592 913 634 vultu
957 592 1258 646 complexuque
1299 599 1386 634 non
1424 591 1614 646 contigit.

115 663 436 718 Excepissemus
465 670 580 708 certe
622 667 814 708 mandata
854 679 1087 721 vocesque,
1129 679 1230 721 quas
1270 667 1434 721 penitus
1476 665 1649 708 animo⁵

114 736 351 792 figeremus.
409 740 562 782 Noster
591 740 659 781 hic
689 741 825 793 dolor,
859 746 1046 783 nostrum
1075 740 1238 794 vulnus,
1267 741 1390 783 nobis
1410 744 1493 783 tam
1512 740 1612 782 lon-

114 823 197 866 gae
242 812 459 856 absentiae
503 814 745 867 conditione
767 825 770 828 ·
791 820 886 857 ante
939 816 1255 869 quadriennium
1307 815 1485 858 amissus
1536 818 1612 858 est.

116 886 267 930 Omnia
293 888 387 930 sine
417 889 568 941 dubio,
610 890 763 943 optime
793 895 1032 944 parentum,
1074 890 1294 932 adsidente
1324 890 1610 932 amantissima

113 972 247 1008 uxore
266 963 521 1016 :superfuere
545 964 695 1005 honori
713 969 806 1005 tuo:
834 965 1103 1018 paucioribus
1123 969 1261 1006 tamen
1286 965 1469 1006 lacrimis
1487 976 1611 1007 com-

75 1035 79 1038 “
114 1030 274 1084 positus
305 1044 372 1084 es,
416 1036 457 1074 et
492 1033 721 1077 novissima
762 1034 804 1075 in
846 1034 940 1076 luce
979 1033 1277 1077 desideravere
1317 1033 1472 1087 aliquid
1504 1032 1615 1075 oculi
1629 1040 1668 1070 ¹⁰

227 1193 260 1226 1.
285 1195 482 1238 portionem
509 1196 554 1229 A.
681 1196 716 1229 2.
742 1194 906 1250 filiaeque
933 1194 1006 1228 eius
1034 1196 1084 1229 Γ.
1115 1193 1256 1239 filioque
1282 1193 1355 1228 eius
1381 1192 1612 1229 Puteolanus.

116 1239 191 1275 eius
214 1241 383 1275 omissum
409 1252 429 1275 a
458 1241 620 1276 Rhenani
650 1244 782 1287 operis.
888 1243 925 1278 4.
953 1242 1198 1288 complexuque
1224 1244 1311 1278 TA:
1338 1242 1519 1288 complexu
1543 1242 1616 1276 Pu-

117 1287 292 1323 teolanus.
382 1291 552 1334 contingit
578 1290 705 1324 vitium
729 1290 930 1324 Puteolani.
1030 1292 1064 1325 5.
1092 1291 1302 1336 excepissent
1327 1291 1392 1325 ΓΛ
1417 1294 1454 1324 et
1476 1289 1615 1325 Puteo-

116 1337 243 1371 lanus:
272 1338 611 1373 correxitPichena.
674 1339 709 1374 6.
733 1341 933 1386 liger-emus]
959 1340 1023 1384 pin
1049 1338 1104 1372 Ar
1131 1339 1259 1372 litteris
1282 1340 1308 1382 fi
1332 1340 1614 1383 superscriptum

116 1386 152 1420 in
181 1388 220 1421 Γ.
287 1386 386 1420 nobis
410 1397 467 1420 om
492 1389 536 1422 A.
613 1389 700 1434 tam]
730 1394 800 1421 tum
825 1388 880 1421 Δι’
907 1399 978 1432 ing.
1006 1390 1044 1421 Γ.
1136 1386 1279 1433 longae]
1307 1397 1380 1433 nre²
1410 1386 1464 1432 (h.
1489 1398 1521 1421 e.
1547 1398 1616 1420 no-

115 1437 231 1480 strae)
252 1436 296 1470 Δ.
396 1436 429 1470 7.
457 1436 690 1469 conditionem
712 1438 757 1472 A.
874 1442 923 1470 est
946 1438 978 1470 Γ
974 1438 1010 1471 A
1031 1439 1068 1469 et
1094 1435 1150 1481 (ὅ)
1177 1435 1416 1470 Puteolanus:
1442 1447 1479 1469 es
1505 1436 1615 1470 tacite

115 1483 259 1528 scripsit
284 1482 477 1517 Rhenanus
505 1489 540 1518 et
566 1484 657 1523 libro
682 1486 715 1519 Γ
735 1495 922 1529 perperam
949 1483 1073 1518 tribuit
1098 1482 1264 1518 Orellius.
1353 1484 1387 1519 9.
1414 1483 1614 1530 complora-

117 1536 171 1566 tu
190 1533 277 1568 TA:
305 1533 510 1579 compositas
538 1544 608 1579 mg.
625 1535 669 1575 ,Γ
690 1537 724 1567 et
750 1532 979 1567 Puteolanus.

117 1654 187 1689 ruit
219 1653 403 1688 Publicius
439 1653 566 1689 Certus
603 1667 623 1689 a
651 1654 768 1690 Plinio
795 1658 831 1690 in

120 1701 245 1737 eadem
262 1703 417 1748 epistola
434 1709 589 1738 notatus.
619 1703 722 1738 Conf.
739 1704 831 1738 idem

117 1750 167 1785 ΙΙΙ
197 1753 251 1794 ll,
278 1751 341 1785 vll
369 1753 429 1787 30.
467 1751 614 1786 Sueton.
643 1753 745 1787 Dom.
772 1754 831 1787 10:

120 1799 247 1834 oceidit
282 1805 314 1833 et
341 1800 537 1834 Helvidium
564 1800 693 1844 silium,
733 1802 833 1845 quasi

118 1848 258 1882 scenico
284 1848 408 1883 exodio
436 1849 497 1882 sub
522 1860 678 1894 persona
694 1848 833 1882 Paridis

119 1902 152 1930 et
185 1897 344 1931 Oenones
385 1898 571 1931 divortium
614 1908 712 1932 suum
757 1909 833 1931 cum

117 1957 229 1979 uxore
258 1950 426 1980 laxasset.

186 1993 346 2028 Maurici
371 1993 572 2037 Rusticique
596 1994 688 2027 visus
708 1995 833 2029 -Se-

116 2042 238 2076 aecio.-
271 2042 316 2076 de
348 2042 502 2077 Rustico.
538 2042 660 2075 occiso
698 2043 832 2076 dictum

116 2089 161 2124 ad
185 2101 216 2124 c.
244 2091 288 2134 2,
319 2091 405 2125 item
431 2089 476 2124 de
502 2089 716 2126 Senecione.
769 2092 834 2126 Iu·-

115 2138 195 2173 nius
221 2138 429 2182 Mauricus,
457 2138 568 2172 frater
590 2139 729 2174 Rustici
759 2144 832 2173 tum

116 2187 153 2220 in
191 2186 343 2221 exilium
389 2186 512 2232 pulsus
550 2192 634 2221 est:
697 2187 833 2222 Plinius

115 2232 229 2280 Epist.
268 2235 319 2269 ΙΙΙ
348 2236 402 2269 11.
455 2234 528 2270 Sub
554 2235 671 2270 Nerva
705 2236 832 2271 rediit:

116 2282 212 2316 idem
240 2282 254 2316 1
279 2283 302 2317 5
328 2287 365 2316 et
397 2283 460 2326 14,
491 2282 541 2315 lv
565 2285 622 2318 22.
679 2284 834 2318 Verbum

115 2330 271 2376 perfudit
304 2331 461 2374 positum
495 2330 740 2374 metaphorice
769 2342 832 2376 pro

114 2378 280 2425 pereutit,
306 2385 447 2424 stupore
476 2379 609 2423 offudit.

192 2451 287 2485 Nero
313 2457 432 2485 tamen
457 2450 629 2483 subtraxit
655 2449 772 2484 oculos
790 2471 834 2478 --

119 2499 320 2534 muniebat:
342 2499 437 2533 Nero
465 2508 535 2531 non
566 2498 706 2540 aderat,
755 2510 833 2533 cum

119 2549 154 2582 in
193 2552 322 2582 senatu
358 2548 519 2582 insontes
557 2546 834 2581 damnabantur:

119 2596 344 2630 Domitianus
371 2595 641 2641 quaestionibus
661 2596 834 2630 interesse

119 2643 260 2678 solebat
292 2649 352 2678 aut
387 2645 422 2677 in
458 2644 555 2677 curia
590 2648 650 2676 aut
685 2645 720 2676 in
748 2644 835 2677 villu

120 2691 271 2726 Albana.
326 2691 377 2725 De
404 2691 530 2725 rubore
557 2691 635 2725 eius
669 2692 764 2726 conf.
792 2692 835 2725 ad

122 2739 240 2774 n.1v
265 2739 325 2774 40.

195 2793 231 2822 tu
257 2798 339 2823 vero
372 2810 417 2816 --
453 2788 709 2833 opportunitate
736 2799 834 2835 mor-

124 2837 188 2870 tis:
215 2836 343 2870 Cicero
368 2836 412 2870 de
430 2836 524 2871 Or.at
546 2835 647 2871 1113:
675 2848 736 2882 eqo
753 2848 835 2871 vero

122 2890 177 2926 te,
215 2883 369 2927 Graue,
409 2896 485 2918 cum
509 2884 601 2918 vitae
626 2885 731 2929 flore,
767 2891 837 2919 tum

121 2933 242 2966 mortis
259 2934 519 2978 opportunitate
544 2932 660 2966 divino
689 2933 835 2968 consilio

123 2986 156 3017 et
174 2985 287 3016 ortum
312 2986 344 3017 et
369 2982 558 3018 extinctum
581 2991 653 3016 esse
668 2981 835 3017 arbitror.

973 1667 1040 1702 pro
1058 1655 1155 1690 virita·
1165 1656 1349 1702 portione:
1374 1654 1421 1688 cf.
1438 1653 1480 1688 H.
1494 1653 1614 1690 11120.

975 1733 1046 1760 tam
1071 1727 1197 1772 longae
1222 1726 1616 1760 absentiae-conditione

902 1782 984 1809 atate
1010 1776 1280 1820 quadriennium
1303 1775 1449 1809 amissus
1478 1780 1546 1809 est.-
1578 1775 1616 1808 in

902 1826 938 1859 A
962 1824 1056 1869 quod
1083 1824 1217 1870 legitur
1241 1829 1383 1857 nostrae
1406 1825 1490 1868 (per
1516 1832 1616 1856 com..

903 1873 1071 1916 pendium
1116 1874 1341 1917 expressum)
1377 1881 1440 1916 pro
1477 1870 1615 1916 longae,

903 1920 938 1954 id
964 1921 1128 1965 peccavit
1161 1921 1278 1955 scriba
1312 1921 1348 1954 in
1378 1921 1479 1954 cuius
1517 1920 1617 1954 auri-

904 1968 968 2001 bus
1003 1970 1200 2014 proximum
1234 1974 1353 2003 noster
1391 1974 1427 2003 et
1461 1973 1618 2002 nostrum

903 2018 1106 2052 resonabat.
1170 2018 1319 2052 Wexius
1359 2018 1396 2050 iu
1428 2026 1617 2062 program-

904 2071 996 2100 mate
1022 2069 1075 2111 (p.
1095 2066 1135 2112 6)
1163 2065 1233 2100 hoc
1258 2066 1443 2110 adoptavit
1472 2069 1508 2099 et
1532 2065 1618 2098 iun..

904 2115 954 2147 xit
982 2125 1059 2148 cuni
1093 2114 1280 2160 marginali
1318 2113 1452 2148 codicis
1482 2116 1513 2148 Γ
1534 2117 1619 2148 nota

904 2168 993 2206 tum,
1023 2168 1061 2196 ut
1086 2163 1134 2196 sit
1158 2163 1256 2197 nobis
1290 2168 1359 2197 tum
1384 2167 1527 2196 nostrae
1552 2162 1618 2196 ab-

902 2213 1036 2245 sentiae
1063 2211 1273 2254 conditione,
1300 2212 1336 2244 in
1363 2210 1491 2255 quibus
1515 2210 1619 2243 Taci-

903 2264 975 2293 tum
1014 2269 1214 2305 agnoscere
1251 2259 1356 2303 periti
1400 2267 1469 2291 uon
1511 2262 1619 2301 pote-

903 2312 996 2340 runt.
1026 2308 1238 2341 Rectissime
1264 2307 1309 2340 de
1336 2306 1444 2351 longa
1469 2306 1524 2339 sui
1551 2305 1618 2338 ab..

902 2355 1018 2388 sentia
1049 2354 1231 2399 loquitur:
1259 2355 1425 2388 nimirum
1450 2358 1618 2398 quattuor

903 2404 1004 2436 annis
1030 2407 1113 2436 ante
1140 2413 1243 2447 quam
1266 2401 1439 2448 Agricola
1465 2411 1618 2436 conces-

901 2452 960 2492 sit,
989 2449 1023 2483 h.
1051 2461 1083 2484 e.
1111 2461 1143 2484 a.
1166 2450 1238 2485 843
1265 2458 1308 2474 =
1335 2450 1382 2486 90
1408 2450 1531 2484 urbem
1557 2460 1619 2484 re-

903 2499 1030 2544 liquit,
1069 2502 1108 2531 ut
1144 2497 1232 2532 haec
1267 2498 1377 2532 verba
1413 2498 1617 2542 ostendunt,

904 2552 940 2581 ct
965 2547 1127 2591 proximo
1152 2551 1335 2591 tempore,
1377 2557 1455 2580 cum
1489 2546 1619 2582 caedes

904 2595 989 2629 illae
1017 2596 1177 2641 insignes
1205 2595 1434 2637 iuberentur,
1463 2594 1618 2629 noudum

902 2643 1069 2686 redierat,
1095 2643 1140 2678 de
1166 2653 1236 2688 quo
1262 2644 1394 2677 dictum
1421 2644 1456 2676 in
1483 2642 1618 2677 Prooe-

903 2692 973 2725 mio
1002 2703 1032 2727 c.
1056 2692 1079 2727 6
1106 2697 1141 2725 et
1169 2693 1202 2734 7,
1232 2692 1274 2725 ad
1302 2691 1405 2725 buius
1432 2692 1528 2724 vitae
1555 2702 1618 2725 ca..

905 2745 967 2784 put
992 2742 1027 2776 2.
1081 2740 1247 2774 Ceterum
1291 2739 1333 2773 ad
1370 2750 1411 2772 ea
1452 2749 1543 2783 quae
1582 2740 1617 2773 in

904 2788 1090 2822 Prooemio
1118 2791 1167 2834 (c.
1190 2788 1212 2822 6
1242 2798 1277 2843 p.
1296 2786 1392 2830 xm)
1434 2786 1478 2821 de
1506 2787 1616 2822 Taciti

900 2837 1117 2881 c··piaetotiae
1154 2835 1362 2880 provinciae
1390 2835 1618 2870 administra-

905 2887 1002 2918 tione
1029 2883 1087 2918 vel
1106 2884 1177 2918 alia
1192 2882 1385 2929 legatione
1413 2883 1499 2925 dixi,
1524 2895 1619 2919 nunc

904 2933 1052 2967 verbum
1096 2931 1226 2966 addere
1271 2931 1402 2976 placet.
1473 2931 1620 2967 Scilicet

903 2982 1072 3028 Aegypto
1098 2980 1319 3026 praefectum
1355 2980 1470 3026 ipsum
1499 2980 1617 3028 impo-
