1768 3216
158 212 228 246 196
719 208 780 244 DE
793 209 1037 250 ,ORATORIB
1044 212 1068 247 V
1075 211 1098 247 S

156 341 230 383 pra
262 328 429 369 modum
454 325 641 369 exultans
674 330 716 367 et
745 327 1005 381 superfluens
1037 331 1076 370 et
1107 339 1252 382 parum
1282 327 1445 371 Atticus
1481 328 1656 371 videre-

156 408 232 444 tur.
294 402 474 457 Legistis
503 402 644 456 utique
676 406 716 444 et
747 402 862 444 Calvi
895 407 936 445 et
965 402 1080 444 Bruti
1121 403 1174 445 ad
1215 403 1468 446 Ciceronem
1506 404 1655 446 missas

156 477 378 531 epistulas,
423 490 476 519 ex
507 477 655 531 quibus
687 477 812 519 facile
841 482 904 520 est
935 478 1253 532 deprehendere
1284 478 1458 521 Calvum
1489 478 1655 533 quidem

155 551 350 594 Ciceroni
381 552 515 594 visum
543 563 778 608 exanguem
810 557 850 595 et
879 553 1074 606 attritum,
1108 553 1274 596 Brutum
1306 558 1444 596 autem
1474 553 1654 596 otiosum

121 630 275 681 satque
307 627 559 679 diiunctum;
590 639 819 682 rursusque
850 629 1097 671 Ciceronem
1130 642 1154 670 a
1186 628 1313 671 Calvo
1347 628 1515 683 quidem
1546 627 1654 671 male

152 702 320 745 audisse
360 708 567 758 tamquam
608 704 785 746 solutum
826 709 867 747 et
907 716 1131 758 enervem,
1181 717 1202 746 a
1235 704 1360 746 Bruto
1402 708 1565 757 autem,
1611 707 1654 746 ut

151 777 279 831 ipsius
310 779 452 821 verbis
477 783 589 832 utar,
633 784 841 834 tamquam
872 780 1047 822 fractum
1079 784 1201 834 atque
1233 779 1451 823 elumbem.
1511 779 1556 823 Si
1585 791 1653 822 mc

149 852 410 908 interroges,
459 866 604 896 ornnes
644 855 744 896 mihi
783 855 978 898 videntur
1008 867 1154 897 verum
1188 855 1362 898 dixisse.
1430 854 1514 898 Sed
1555 866 1654 898 mox

149 928 202 969 ad
234 928 423 983 singulos
455 929 640 971 veniam:
690 942 800 971 nunc
831 930 931 971 mihi
964 942 1055 972 cum
1084 930 1294 972 universis
1325 930 1540 986 negotium
1572 934 1649 975 cst.

96 1003 249 1045 mNam
282 1008 483 1057 quatenus
517 1004 780 1058 antiquorum
812 1005 1089 1047 admiratores
1121 1006 1231 1047 hunc
1274 1004 1386 1047 velut
1429 1005 1649 1047 terminum
1664 1009 1721 1047 19

147 1078 399 1132 antiquitatis
446 1079 701 1122 constituere
748 1080 885 1122 solent
927 1092 1058 1134 usque
1103 1080 1153 1123 ad
1202 1080 1390 1122 Cassium
1432 1080 1648 1133 Severum,

244 1251 275 1284 1.
299 1261 427 1295 parum
453 1250 617 1295 antiquus
642 1249 717 1284 FP:
746 1250 980 1285 emendarunt
1005 1250 1154 1285 Ursinus
1181 1255 1217 1285 et
1241 1250 1411 1286 Muretus.
1510 1251 1545 1287 3.
1573 1251 1648 1298 epi·

143 1298 251 1331 stolas
276 1296 312 1341 P,
339 1302 377 1331 ut
402 1297 508 1332 solet.
632 1302 666 1334 4.
695 1299 848 1333 ociosum
874 1299 910 1333 P.
1035 1301 1069 1335 5.
1098 1299 1297 1334 defunctum
1320 1300 1366 1334 P:
1392 1299 1584 1335 diiunctum
1608 1299 1647 1335 F.

141 1346 256 1391 quide*
281 1357 303 1380 a
330 1346 445 1382 caluo'
471 1345 508 1390 P,
536 1347 570 1381 h.
600 1358 632 1381 e.
668 1358 691 1381 a
719 1347 828 1382 Calvo
856 1348 1002 1394 quidem.
1169 1348 1203 1383 6.
1232 1359 1255 1382 a
1281 1348 1379 1383 bruto
1406 1348 1510 1393 quid&
1534 1354 1650 1383 autem

143 1395 265 1441 (quide
292 1397 433 1439 punctis
460 1395 706 1441 subnotatum)
733 1396 770 1431 P.
871 1396 906 1432 8.
934 1398 1131 1443 interroges
1157 1396 1202 1430 P:
1227 1398 1428 1443 interro-qus
1454 1396 1493 1432 F.
1589 1398 1648 1431 ui-

142 1444 268 1478 dentur
294 1444 344 1478 P:
370 1445 483 1479 videri
515 1443 692 1479 editiones
720 1446 901 1491 antiquae.
968 1445 1001 1481 9.
1028 1457 1124 1480 nunc
1149 1445 1224 1479 FP:
1252 1457 1318 1481 nec
1343 1450 1486 1480 veteres
1513 1445 1647 1480 editio-

140 1502 216 1527 neS.
317 1494 372 1528 10.
401 1493 654 1527 admirationes
678 1495 905 1539 superposito
934 1494 1169 1528 admiratores
1197 1493 1235 1529 F.
1323 1495 1379 1530 11.
1405 1493 1516 1529 solent
1540 1506 1647 1540 usque

140 1541 187 1574 ad
215 1541 373 1575 Cassium
398 1543 581 1589 Severum]
609 1542 756 1576 solent?
794 1556 820 1594 q
854 1546 1007 1589 (puncto
1034 1543 1220 1588 supposito
1248 1547 1284 1577 et
1307 1543 1550 1588 superscripto
1577 1547 1646 1590 an)

138 1601 244 1634 usque
272 1590 319 1624 ad
345 1591 496 1625 cassium
521 1590 558 1633 P,
585 1591 719 1625 solent:
760 1603 859 1636 quem
897 1603 1003 1638 usque
1038 1593 1086 1626 ad
1119 1593 1270 1627 cassium
1296 1591 1336 1628 F.
1373 1591 1583 1627 sehr-nutius
1611 1592 1648 1626 in

139 1637 358 1674 Farnesiano
385 1639 476 1685 legit
501 1651 601 1685 quem
625 1651 724 1675 reum
745 1652 852 1686 usque
879 1641 926 1676 ad
953 1643 1104 1677 cassium
1130 1641 1189 1686 qui
1213 1641 1352 1686 saciant
1372 1652 1470 1686 quem
1481 1641 1647 1688 primum.

923 1790 1065 1835 quinem
1092 1789 1301 1836 deperdebat
1343 1789 1434 1835 (hoc
1461 1789 1552 1824 illud
1578 1789 1647 1826 Ta..

206 1797 334 1831 parum
346 1787 504 1822 Atticus:
523 1788 659 1823 Atticus
675 1789 854 1834 quomodo

925 1839 1073 1872 citinum
1115 1839 1353 1885 ‘exanguis').
1406 1838 1530 1884 Itaque
1572 1842 1647 1875 eius

137 1836 313 1879 corrumpi
341 1837 500 1880 potuerit
525 1837 561 1870 in
589 1838 774 1883 antiquus,
809 1849 855 1873 cx

133 1882 314 1917 scribendi
343 1886 482 1919 ratione
501 1886 684 1919 veteribus
707 1886 856 1930 probata

134 1933 271 1966 anticus
298 1933 356 1966 vel
390 1935 502 1968 alicus
528 1939 686 1978 apparet.
729 1935 783 1969 De
810 1936 855 1969 iis

135 1977 321 2013 Ciceronis
340 1981 642 2016 obtrectatoribus
660 1983 720 2028 qui
734 1983 854 2018 Attice

133 2036 173 2060 se
201 2027 299 2073 loqui
327 2029 552 2064 simulabant.
582 2030 629 2064 cf.
659 2031 734 2065 Cic.
755 2031 852 2065 Orat.

133 2075 228 2110 7-9
256 2081 291 2110 et
319 2078 385 2119 23,
415 2077 514 2111 Brut.
542 2077 610 2121 82,
638 2078 682 2112 de
709 2078 852 2122 Optimo

134 2134 169 2167 g.
198 2128 286 2159 orat.
313 2125 347 2168 3,
377 2125 517 2160 Tuscul.
546 2125 590 2169 11,
621 2129 650 2161 1.
700 2127 850 2169 Quintil.

130 2171 193 2205 ΧΠ
224 2174 267 2208 10
296 2174 448 2209 12-14.
518 2173 729 2219 corruptum
752 2177 850 2210 anti-

130 2231 214 2302 qliltus
241 2231 363 2265 parum
389 2222 547 2257 feliciter
565 2223 728 2258 defendit
749 2224 850 2259 Wal-

130 2273 142 2301 t
172 2279 263 2303 erus.

199 2340 330 2386 legistis
355 2342 473 2386 utique
500 2364 544 2370 -—
572 2342 760 2388 epistulas:
788 2354 848 2378 eas

128 2387 215 2422 dicit
252 2390 422 2433 epistolas
462 2401 549 2436 quas
582 2392 768 2426 Mucianus
803 2404 847 2426 ex

128 2436 287 2471 tenebris
315 2443 510 2482 protractas
539 2444 574 2474 et
602 2451 622 2474 a
653 2451 691 2474 se
719 2441 844 2485 dispo-

126 2485 212 2519 sitas
240 2485 419 2529 ediderat3
447 2487 492 2521 cf.
522 2488 613 2522 infra
643 2500 673 2523 c.
701 2490 760 2524 37.

199 2556 344 2591 Calvum
370 2558 507 2602 quidem
534 2558 702 2593 Ciceroni
735 2561 845 2594 visum

127 2615 322 2651 exanguem
347 2612 379 2640 et
405 2607 581 2641 attritum.-
623 2613 684 2641 aut
711 2607 843 2642 Calvus

126 2652 203 2697 ipse
230 2659 291 2687 aut
319 2653 449 2688 Brutus
475 2656 510 2689 in
540 2656 702 2700 epistolis
718 2656 761 2689 ad
778 2656 841 2690 Ci-

124 2712 290 2736 ceronem
318 2704 435 2737 missis
464 2705 684 2738 mentionem
710 2704 841 2738 viden-

124 2753 180 2782 tur
206 2751 338 2785 fecisse
367 2762 490 2786 eorum
524 2763 615 2798 quae
642 2752 769 2787 cicero
799 2754 836 2786 in

120 2797 230 2832 Bruto
263 2811 293 2834 c.
322 2800 369 2835 82
398 2801 442 2835 de
470 2801 582 2835 Calvo
616 2801 838 2846 protulerat:

120 2847 265 2881 nimium
291 2849 474 2893 inquirens
504 2850 542 2883 in
567 2861 603 2884 se
629 2856 732 2895 atque
765 2851 839 2896 ipse

121 2906 195 2929 sese
225 2896 436 2940 observans,
464 2904 686 2943 metuensque
711 2910 755 2932 ne
780 2900 837 2933 vi-

119 2943 243 2979 tiosum
268 2944 458 2992 colliqeret,
482 2947 588 2983 etiam
609 2959 729 2983 veram
746 2959 835 2983 san-

926 1888 1040 1922 oratio
1082 1888 1194 1921 nimia
1248 1887 1420 1933 religione
1463 1893 1648 1923 attenuata

926 1936 1014 1981 (hoc
1041 1941 1095 1971 est
1120 1935 1216 1982 quod
1237 1936 1379 1971 Tacitus
1417 1935 1503 1971 dicit
1527 1938 1645 1971 ‘attri-

924 1983 1029 2031 tum’)
1058 1990 1127 2019 cet.

1015 2056 1160 2090 Brutum
1198 2062 1314 2090 autem
1357 2056 1503 2091 otiosum
1538 2062 1642 2102 atque

922 2103 1135 2137 diiunctum.-
1164 2105 1292 2138 otiosus
1307 2106 1343 2138 in
1367 2106 1468 2138 cuius
1492 2115 1642 2149 compo-

921 2153 1052 2186 sitione
1076 2163 1159 2186 cura
1176 2156 1211 2186 et
1237 2152 1438 2198 diligentia,
1467 2153 1642 2187 diiunctus

920 2201 955 2234 in
985 2201 1086 2234 cuius
1112 2202 1274 2235 oratione
1301 2202 1467 2236 iunctura
1488 2202 1640 2247 partium

920 2248 1154 2284 desideratur.

1001 2320 1208 2355 Ciceronem
1233 2332 1256 2354 a
1273 2320 1382 2355 Calvo
1399 2321 1535 2366 quidem
1548 2321 1641 2356 male

918 2369 1078 2403 audisse.-
1121 2368 1254 2403 Calvus
1287 2369 1378 2403 haec
1413 2371 1447 2404 in
1484 2370 1641 2414 epistola

927 2419 1011 2462 (per
1036 2418 1236 2452 Mucianum
1265 2417 1380 2464 edita)
1417 2417 1461 2452 ad
1488 2416 1640 2453 Cicero-

921 2475 1003 2499 nem
1030 2467 1189 2511 scripsit,
1232 2466 1385 2500 fortasse
1428 2468 1464 2500 in
1502 2477 1544 2501 ea
1570 2478 1640 2512 qua

916 2524 994 2547 cum
1023 2513 1199 2548 Cicerone
1220 2513 1466 2558 expostularet
1482 2515 1527 2548 ob
1548 2526 1637 2549 sen-

915 2562 1062 2596 tentiam
1089 2563 1133 2597 de
1162 2573 1201 2596 se
1231 2563 1266 2596 in
1293 2561 1402 2596 Bruto
1433 2562 1590 2599 dictam.-

984 2659 1138 2701 fractum
1164 2662 1268 2701 alque
1299 2656 1487 2691 elumbem:
1519 2657 1634 2700 Quin-

911 2704 1056 2739 tilianus
1083 2705 1145 2740 Xll
1176 2706 1220 2741 10
1249 2707 1312 2741 12:
1357 2717 1455 2750 quem
1481 2726 1526 2732 -—
1549 2718 1634 2741 suo-

910 2764 988 2787 rum
1031 2755 1187 2788 homines
1229 2760 1419 2799 temporum
1457 2754 1633 2789 incessere

910 2801 1068 2836 solebant
1105 2808 1143 2836 ut
1178 2803 1396 2836 tumidiorem
1446 2825 1486 2831 —-
1526 2809 1558 2837 et
1594 2804 1633 2837 in

910 2851 1157 2896 compositione
1196 2852 1372 2895 fractum,
1419 2850 1632 2886 eoevcltantem

908 2910 953 2932 ac
976 2910 1113 2944 paene,
1149 2900 1240 2944 quod
1262 2899 1387 2945 procul
1411 2899 1525 2944 absit,
1554 2901 1630 2935 viro

905 2946 1100 2985 molliorem
1128 2950 1195 2994 (=
1232 2947 1441 2995 elumbem).
