1768 3216
132 167 225 210 voa
250 168 315 210 ω.
661 167 797 204 LIBER
821 167 850 203 1.
906 166 995 204 Cn.
1021 168 1134 204 3-5.
1627 167 1652 200 9

134 289 279 335 vas-ios
308 293 446 333 motus
476 288 709 334 animorum
738 300 825 331 non
855 287 983 331 modo
1024 288 1068 330 in
1103 288 1211 331 urbe
1251 286 1359 343 apud
1399 289 1541 342 patres
1584 289 1654 329 aut

133 365 332 423 populum
361 370 432 409 aut
460 366 667 409 urbanum
695 365 893 418 militem,
921 365 997 407 sed
1029 376 1176 407 omnes
1207 363 1407 420 legiones
1439 363 1655 418 ducesque

136 441 408 496 conciverat,
452 441 648 497 evulgato
694 439 859 495 imperii
889 452 1072 493 arcano,
1117 451 1246 495 posse
1285 439 1520 494 principem
1550 437 1652 480 alibi
1688 434 1705 500 '‘‚1

218 531 267 563 m.
286 518 447 562 Romae
474 517 580 560 fieri.
629 516 712 559 Sed
742 520 883 571 patres
914 516 1028 569 laeti,
1059 520 1257 570 usurpata
1291 515 1429 558 statim
1460 514 1655 557 libertate
1682 517 1695 559 Γ

127 528 330 662 aus
363 596 410 634 ut
454 605 558 648 erga
601 591 835 647 principem
872 603 1027 634 novum
1068 595 1110 634 et
1153 591 1398 642 absentem3
1447 590 1656 654 primofes
1671 593 1706 632 sl
1744 592 1762 633 ‘fl

136 660 321 753 Q
348 668 533 724 proximi
562 667 723 724 gaudio
753 671 939 723 patrum3
982 680 1081 728 pays
1124 666 1266 722 populi
1297 666 1461 723 integra
1494 669 1536 708 et
1555 651 1661 708 'ma-
1679 652 1705 666 Λ

135 744 459 808 ωρρφῇδυε
490 744 671 797 adnexa,
705 743 881 787 clientes
911 742 1135 797 libertique
1167 742 1457 784 damnatorum
1489 744 1530 783 et
1549 752 1659 782 exu-

134 819 295 869 lum-in
323 832 442 876 spem
474 820 628 864 erecti:
660 819 782 875 plebs
812 819 987 862 sordida
1019 823 1061 861 et
1092 818 1209 861 circo
1241 830 1292 860 ac
1323 816 1498 860 theatris
1524 821 1659 868 sueta,

138 895 508 944 simul-deterrimi
537 907 781 948 servorum,
825 898 895 937 aut
936 895 1007 950 qui
1038 893 1180 937 adesis
1211 893 1336 936 bonis
1369 905 1446 947 per
1476 891 1662 957 dfflsssslls

97 971 320 1016 5Neronis
350 972 596 1026 alebantur,
632 971 782 1016 maesti
813 975 855 1015 et
891 983 1106 1014 rumorum
1138 969 1267 1013 avidi.
1327 968 1447 1011 Miles
1477 968 1662 1010 urbanus
1678 975 1718 1007 ω

138 1033 314 1105 long'B‘
319 1048 548 1092 Caesarum
595 1051 862 1092 sacramento
909 1047 1115 1100 imbutus,
1165 1050 1207 1090 et
1252 1045 1305 1088 ad
1354 1042 1663 1087 destituendum

137 1123 350 1168 Neronem
381 1128 471 1167 arte
500 1123 638 1180 magis
670 1128 711 1168 et
740 1120 919 1179 impulsu
950 1135 1072 1178 quam
1108 1134 1186 1166 suo
1218 1121 1391 1178 ingenio
1424 1119 1659 1176 traductus,

138 1204 359 1258 postquam
387 1211 527 1256 neque
559 1199 653 1243 dari
682 1200 926 1243 donativum
969 1200 1046 1243 sub
1078 1198 1250 1242 nomine
1281 1197 1440 1241 Galbae
1477 1195 1663 1254 promis-

277 1334 314 1370 3.
340 1333 454 1381 evola.
481 1333 543 1369 Or.
601 1333 638 1371 4.
670 1334 798 1368 laetius
823 1334 998 1381 usurpata
1022 1334 1142 1369 statim
1167 1332 1335 1368 tiberem?
1359 1331 1434 1368 Ma:
1461 1335 1664 1367 correctum

141 1381 182 1419 in
206 1381 237 1419 G
260 1381 323 1417 uhi
342 1381 415 1418 leti.
467 1383 503 1419 6.
531 1383 674 1429 integi-ei
699 1382 766 1425 Ἀθ,
791 1383 935 1429 integra
962 1384 1001 1419 G.
1068 1384 1104 1419 8.
1131 1389 1249 1418 suetas
1277 1380 1343 1426 Ma,
1371 1381 1400 1417 G
1425 1387 1537 1416 sueta.
1603 1381 1663 1418 10.

141 1431 336 1518 mgnum?—
415 1434 472 1469 11.
499 1432 573 1467 inb.
601 1431 667 1468 Ma.
748 1434 804 1469 12.
832 1434 907 1480 inp.
935 1432 1002 1470 Ma.
1078 1435 1135 1470 13.
1167 1432 1371 1469 donativum
1395 1430 1469 1476 Ma,
1498 1441 1571 1467 nou
1597 1430 1664 1465 do-

187 1612 277 1637 ζιιωι
305 1613 380 1638 esse
404 1613 514 1638 curae
540 1601 614 1638 deis
638 1605 865 1639 securitatem

115 1678 121 1679 ff
141 1657 314 1695 nostram,
331 1664 405 1688 esse
418 1652 610 1688 ultionem:
636 1658 758 1688 mente
778 1664 865 1688 vere

143 1700 350 1736 Christiana
385 1701 530 1746 Lipsius
566 1701 611 1736 de
648 1703 756 1748 impio
796 1702 866 1736 hoc

144 1750 242 1785 dieto
282 1750 462 1795 disputat,
504 1750 570 1784 sed
612 1751 706 1785 idem
746 1755 866 1786 tamen

935 1605 1051 1641 tentia
1092 1608 1127 1638 et
1163 1613 1208 1638 ex
1251 1602 1430 1648 oppositis
1474 1600 1538 1635 sed
1570 1599 1665 1634 ratio

936 1655 1044 1689 etiam
1070 1663 1268 1697 causaeque
1295 1651 1488 1685 manifesta
1515 1653 1589 1691 est,
1630 1653 1668 1683 et

937 1714 982 1737 ex
1008 1702 1215 1749 significatu
1243 1711 1315 1746 quo
1342 1709 1470 1734 vocem
1496 1698 1667 1744 fortuitus

937 1751 1026 1786 alias
1062 1751 1196 1796 posuit.
1248 1749 1335 1784 Nam
1364 1749 1549 1794 fortuitum
1574 1746 1668 1781 dixit

937 1801 1072 1847 ubique
1099 1799 1135 1834 id
1161 1799 1257 1845 quod
1294 1798 1395 1833 nulla
1424 1797 1566 1831 ratione
1594 1795 1665 1830 ho-

937 1851 1072 1884 minum
1110 1849 1269 1891 accidit3
1315 1859 1350 1882 v.
1395 1847 1437 1881 H.
1475 1846 1489 1880 1
1529 1845 1601 1881 86:
1643 1857 1668 1879 a

937 1899 1093 1943 fortuitis
1118 1897 1174 1932 vel
1199 1897 1424 1931 naturalibus
1450 1896 1579 1930 causis.
1622 1895 1665 1929 ll.

145 1798 317 1834 Cornelio
346 1809 411 1834 suo
436 1799 604 1833 iniuriam
630 1799 739 1842 facit,
778 1810 866 1845 pro-

144 1853 271 1894 pterea
306 1848 404 1894 quod
436 1858 586 1882 mouere
621 1849 760 1891 omisit,
806 1850 866 1894 pie

144 1897 240 1934 dicta
275 1897 367 1932 baec
403 1897 521 1942 accipi
556 1907 664 1942 posse
699 1902 735 1932 et
769 1900 870 1932 acci-

145 1945 279 1992 pienda
303 1957 409 1982 esse:
452 1945 597 1981 scilicet
622 1946 658 1980 di
683 1957 747 1981 eos
773 1947 870 1982 ulci-

145 2000 295 2031 scuntur
342 1995 545 2041 poenisque
602 2001 871 2042 persequuntur

145 2050 256 2092 atque
282 2045 328 2093 iis
353 2045 586 2080 securitatem
608 2045 781 2089 adimunt,
809 2046 869 2091 qui

146 2105 300 2140 poenam
344 2099 575 2129 meruerunt:
619 2094 711 2129 tales
749 2100 870 2129 autem

147 2143 344 2190 plerosque
368 2142 549 2178 Romanos
582 2145 660 2178 eius
697 2145 870 2188 temporis

147 2194 250 2228 cuius
287 2202 346 2226 res
382 2191 526 2226 Tacitus
563 2192 708 2228 tradidit
741 2193 869 2236 fuisse,

146 2241 184 2277 id
212 2252 259 2276 ex
286 2241 356 2276 hoc
382 2242 463 2287 ipso
501 2251 613 2287 opere
643 2246 755 2286 patet.
809 2241 866 2276 Cf.

147 2291 192 2326 H.
220 2290 252 2325 Π
284 2290 355 2326 38:
400 2291 524 2326 cadem
554 2290 635 2324 illos
671 2292 774 2326 deum
796 2291 869 2333 ira,

149 2339 272 2374 eadem
312 2339 492 2374 hominum
536 2340 655 2374 rabies
670 2367 680 2383 ‚
729 2340 872 2374 eaedem

146 2388 318 2424 scelerum
324 2400 459 2425 causae
470 2390 510 2424 in
519 2389 734 2423 discordiam
743 2401 847 2435 egere
857 2402 869 2433 ‚-

148 2438 344 2484 praecipue
371 2438 481 2473 u.1n
501 2439 568 2475 72:
595 2437 694 2472 mollo
723 2444 869 2473 externo

147 2487 257 2531 hoste,
280 2487 457 2534 propitiis,
484 2488 516 2522 si
534 2499 603 2534 per
619 2499 734 2522 mores
748 2493 870 2522 notros

148 2536 285 2580 liceret,
312 2535 398 2570 deis.

223 2585 312 2630 Cap.
339 2585 376 2620 4.
422 2586 481 2631 qui
503 2586 708 2632 plerumque
730 2586 871 2630 fortuiti

147 2640 249 2669 sunt:
284 2633 377 2668 haec
411 2635 592 2670 sententia
625 2645 690 2680 per
723 2644 764 2668 se
791 2634 871 2669 sola

148 2685 178 2717 si
207 2687 402 2728 spectatur,
430 2684 522 2718 falsa
544 2688 621 2718 est:
648 2683 714 2717 sed
727 2682 870 2717 Tacitus

151 2743 231 2767 cum
259 2731 347 2766 dicit
373 2744 476 2767 casus
503 2738 730 2778 eventusque
751 2743 869 2766 rerum

150 2781 362 2827 plerumque
389 2782 557 2816 fortuitos
582 2793 684 2824 esse,
720 2792 784 2816 eos
811 2783 867 2816 in-

150 2830 294 2864 tellexit
338 2832 400 2876 qui
441 2830 547 2865 aliter
585 2836 787 2865 evenerunt
827 2842 869 2865 ac

149 2879 331 2925 provisum
359 2885 434 2914 erat
461 2880 504 2914 ab
522 2879 727 2914 hominibus
749 2880 871 2914 futura

150 2928 453 2972 prospicientibus
473 2934 508 2963 et
531 2930 671 2964 ratione
691 2929 869 2964 moderari

153 2976 393 3021 cupientibus.
448 2979 543 3014 Vera
580 2979 737 3014 auctoris
783 2989 870 3015 sen-

937 1948 1051 1984 1160:
1076 1947 1246 1994 pleraque
1267 1947 1417 1991 fortuita
1437 1944 1564 1991 fraudi
1580 1955 1667 1978 suae

939 1997 1181 2044 adsiqnantes.
1233 1996 1293 2030 Sic
1317 1998 1486 2041 [ortunae
1507 1995 1666 2038 opponi-

939 2051 997 2091 tur
1020 2047 1114 2080 ratio
1142 2046 1182 2080 Η.
1208 2045 1255 2080 111
1281 2045 1340 2081 59.
1392 2043 1496 2078 Adde
1523 2042 1606 2077 xlv
1628 2044 1664 2087 3,

939 2096 1004 2130 XV
1031 2096 1079 2131 36
1105 2100 1141 2129 et
1167 2095 1228 2131 48.

1000 2169 1177 2214 primores
1196 2166 1372 2212 equitum:
1398 2168 1481 2199 suut
1506 2163 1562 2199 illi
1582 2164 1666 2210 qui-

938 2216 1006 2251 bus
1034 2215 1241 2251 inlustribus
1267 2225 1400 2250 nomen
1432 2219 1531 2258 erat3
1558 2223 1593 2248 v.
1622 2212 1667 2247 ad

938 2265 971 2299 ΙΙ
1009 2266 1067 2301 59.
1119 2266 1202 2300 Mox
1246 2276 1334 2311 pars
1366 2262 1489 2310 populi
1525 2263 1668 2308 inthra

939 2325 1027 2360 prae
1053 2316 1185 2349 ceteris
1212 2314 1322 2349 tribus
1349 2313 1507 2355 fuerunt,
1536 2322 1667 2357 quem-

939 2363 1129 2398 admodum
1154 2364 1252 2410 plebs
1279 2362 1437 2406 sordida,
1467 2361 1503 2396 h.
1516 2372 1548 2396 e.
1566 2359 1668 2394 nulla

939 2423 979 2448 re
1016 2413 1186 2448 familiari
1222 2413 1419 2455 instructa,
1454 2420 1547 2456 quae
1589 2409 1668 2444 sru-

940 2467 1061 2496 mento
1083 2462 1230 2508 publico
1245 2461 1417 2504 aleretur,
1442 2461 1540 2494 circo
1561 2458 1668 2493 thea-

940 2513 1078 2557 trisque
1112 2513 1221 2546 unice
1247 2510 1503 2545 delectaretur.
1556 2507 1662 2543 Gonf.

944 2566 1069 2596 annot.
1096 2560 1142 2595 ad
1169 2560 1212 2595 H.
1239 2559 1287 2594 111
1318 2560 1378 2594 58.

1014 2632 1101 2678 Cap.
1123 2634 1159 2668 5.
1199 2638 1277 2667 arte
1302 2631 1417 2677 maqis
1435 2636 1468 2664 et
1493 2627 1666 2674 impulsu.-

940 2686 1017 2716 arte
1044 2687 1080 2716 et
1108 2681 1264 2727 impulsu
1300 2679 1508 2725 Nymphidii
1542 2681 1578 2710 et
1603 2676 1663 2709 Τί-

942 2731 1091 2777 gellini,
1126 2733 1186 2776 qui
1216 2735 1300 2764 tunc
1326 2733 1427 2763 erant
1454 2725 1664 2760 cohortibus

941 2780 1131 2825 praetoriis
1155 2779 1345 2824 praefecti,
1374 2776 1477 2810 miles
1506 2775 1663 2808 urbanus

942 2830 985 2864 ad
1000 2829 1264 2864 destituendum
1277 2826 1457 2860 Neronem
1478 2823 1664 2858 traductus

942 2883 1038 2921 erat3
1076 2890 1110 2912 v.
1139 2875 1319 2910 Plutarch.
1355 2874 1456 2908 Galb.
1483 2875 1526 2917 2;
1565 2872 1663 2907 conf.

941 2927 1052 2962 Tacit.
1082 2927 1123 2960 H.
1150 2927 1165 2958 1
1192 2927 1249 2960 72.
1304 2924 1400 2959 ldem
1426 2922 1664 2969 Nymphidius

943 2977 1145 3011 dottativum
1171 2973 1300 3021 lugens
1327 2972 1392 3008 sub
1415 2973 1564 3008 nomine
1578 2970 1665 3007 Gal-
