1768 3216
851 244 939 280 Car.
970 247 1002 281 1.
1569 249 1638 284 1⁶1

105 367 212 406 14η.»
281 357 417 412 Saepe
446 370 501 400 ex
527 372 594 401 me
613 360 808 414 requiris,
836 361 946 404 Iuste
966 363 1079 414 Fabi,
1111 375 1199 414 cur,
1230 375 1321 404 cum
1340 363 1480 417 priora
1496 364 1639 407 secula

142 434 207 472 tat
236 431 505 474 eminentium
537 437 749 476 oratorum
780 435 962 489 ingeniis
992 436 1211 491 gloriaque
1238 436 1468 489 floruerint,
1496 442 1641 480 nostra

143 505 404 560 potissimum
454 512 569 549 aetas
617 508 783 550 deserta
830 513 871 550 et
917 509 1041 552 laude
1082 509 1344 564 eloquentiae
1386 511 1530 553 orbata
1571 511 1643 553 vix

152 593 305 628 nomen
335 582 469 636 ipsum
499 583 681 624 oratoris
711 584 901 625 retineat.
961 583 1105 638 Neque
1147 585 1256 626 enim
1297 585 1352 626 ita
1391 585 1642 639 appellamus

144 655 227 696 uisi
269 656 486 710 antiquos:
532 657 682 698 horum
723 662 859 699 autem
898 662 1128 711 temporum
1170 658 1316 699 diserti
1351 659 1555 701 causidici
1603 663 1675 701 ets

143 728 338 771 advocati
375 734 416 771 et
467 731 631 784 patroni
677 735 718 772 et
758 732 923 785 quidvis
971 732 1106 785 potius
1153 745 1273 786 quam
1324 737 1515 775 oratores
1559 745 1642 775 vo·-

143 808 303 846 cantur.
363 804 438 846 Cui
480 807 787 858 percontationi
824 811 918 848 tuae
959 807 1218 860 respondere
1259 812 1299 848 et
1346 812 1427 848 tam
1466 820 1644 862 magnae

143 878 401 932 quaestionis
431 879 595 932 pondus
621 880 843 933 excipere,
883 885 928 921 ut
959 885 1028 922 aut
1058 881 1110 922 de
1141 881 1322 935 ingeniis
1354 882 1507 922 nostris
1537 881 1644 923 male

144 951 465 1013 existimandum
496 953 563 1004 sit,
595 953 632 994 si
664 953 775 995 idem
806 953 980 1007 adsequi
1009 966 1095 995 non
1120 966 1367 1008 possumus,
1396 959 1466 996 aut
1496 955 1548 997 de
1577 955 1645 996 iu-

282 1090 536 1126 CORNELH.
570 1091 740 1125 TACITI.
770 1091 1031 1126 DIALOGVS.
1062 1092 1132 1126 DE
1161 1092 1478 1127 ORATORIBVS.
1519 1094 1646 1127 INCI-

145 1136 234 1175 PIT.
259 1138 296 1173 Ρ.
343 1162 346 1163 ⁷

146 1235 272 1318 zffiga
297 1283 366 1318 litt.
394 1296 412 1318 e
438 1283 482 1318 ab
509 1284 580 1319 alia
608 1295 713 1318 mann
737 1285 774 1319 P.

145 1332 181 1369 6.
207 1333 304 1378 qdm's
329 1343 408 1366 cum
437 1333 499 1366 lin.
528 1334 564 1366 in
591 1333 659 1367 litt.
688 1345 708 1377 q
733 1333 770 1368 P.

221 1496 309 1542 Cap.
339 1499 370 1532 1.
412 1498 507 1532 Iuste
535 1498 641 1532 Fabi:
670 1499 866 1532 communis

146 1547 216 1582 snit
243 1547 379 1580 amicus
404 1545 512 1580 Plinii
550 1548 698 1581 minoris
735 1552 771 1580 et
798 1547 868 1581 Ta-

151 1596 213 1630 citi
240 1594 503 1638 adolescentis,
539 1594 585 1629 ad
620 1606 726 1641 quem
762 1595 868 1629 Plinii

153 1643 331 1688 epistolae
355 1644 511 1688 scriptae
538 1643 552 1677 1
581 1646 620 1677 11
641 1671 651 1686 ‚
682 1644 745 1678 Vll
772 1646 807 1686 2,
834 1649 869 1678 et

153 1693 254 1726 cuius
279 1694 414 1726 mentio
441 1692 536 1726 facta
564 1697 617 1726 est
646 1693 657 1725 Ι
689 1693 722 1727 5.
779 1693 868 1726 'Num

152 1740 279 1775 consul
312 1741 483 1775 suffectus
519 1740 560 1774 L.
602 1741 730 1774 Fabius
757 1741 871 1774 Iustus

153 1792 205 1834 (a.
240 1791 326 1835 111)
361 1790 561 1833 imperante
596 1788 745 1822 Traiano
777 1789 870 1822 idem

151 1840 221 1880 sit,
258 1847 329 1870 non
355 1842 508 1871 constat.
565 1836 774 1883 Cognomen
800 1847 871 1870 no-

152 1887 240 1926 mini
266 1887 528 1930 praepositum,
556 1896 627 1919 non
660 1897 730 1931 quo
758 1886 871 1920 Iustus

153 1934 267 1980 magis
294 1934 513 1969 celebratum
541 1939 658 1977 esset,
684 1934 747 1968 sed
775 1934 870 1980 quod

153 1982 327 2017 allocutio
354 1984 407 2017 sic
434 1983 565 2018 melius
594 1988 630 2017 et
652 1982 871 2017 luculentius

154 2030 311 2066 effertur.

226 2104 287 2137 tia,-
310 2114 437 2136 aomen
464 2103 576 2148 ipsum
603 2103 758 2136 oratoris
783 2102 872 2135 reti-

153 2158 264 2186 neat.-
299 2151 370 2185 hoc
395 2153 425 2186 si
449 2152 620 2195 scriptum
656 2153 692 2184 in
717 2150 872 2184 Annali-

154 2200 221 2234 bus
245 2200 425 2245 legerem,
469 2201 624 2233 oratoris
658 2199 871 2233 vocabulum

154 2249 198 2283 ab
225 2248 344 2282 aliena
379 2259 486 2282 manu
522 2258 602 2282 esse
642 2249 871 2291 suspicarer:

154 2307 234 2331 nam
263 2301 325 2331 aut
348 2297 461 2341 ipsum
486 2295 660 2329 redundat
692 2301 753 2329 aut
784 2307 871 2328 ora-

158 2345 256 2386 toris,
286 2348 394 2389 atque.
421 2343 490 2376 hoc
517 2343 667 2376 alterum
693 2345 770 2376 sine
798 2342 872 2375 ullo

156 2393 370 2427 detrimento
414 2401 456 2425 eo
492 2392 606 2437 magis
642 2391 769 2424 abesse
805 2399 873 2433 po-

156 2442 246 2483 tuit,
281 2440 375 2486 quod
410 2445 589 2473 oratorum
616 2448 874 2472 commemora-

156 2491 206 2523 tio
239 2494 276 2523 et
300 2489 500 2534 praecessit
521 2488 571 2535 iet
600 2488 718 2520 statim
744 2486 874 2520 subse..

158 2539 291 2584 quitur.
343 2536 412 2571 Sed
439 2536 528 2570 haec
554 2535 788 2570 redundantia
817 2536 876 2568 iu-

159 2587 243 2621 veni
261 2584 431 2620 Cornelio
449 2583 683 2618 condonanda
695 2583 870 2617 videatur.

236 2679 407 2712 causidici
442 2684 474 2711 et
503 2677 665 2711 advocati
691 2682 721 2709 et
744 2682 871 2721 patro-

159 2728 217 2761 ni:
245 2726 447 2760 causidicus
469 2730 522 2759 est
540 2726 650 2770 quiin
678 2725 794 2757 causis
814 2724 873 2758 fo-

159 2774 337 2817 rensibus,
365 2774 399 2807 h.
432 2785 463 2807 e.
495 2774 655 2817 privatis,
683 2773 872 2814 consistit3

159 2822 203 2857 ad
238 2822 380 2857 easdem
414 2823 570 2866 pertinet
608 2822 797 2855 advocatus
838 2825 873 2854 et

156 2877 352 2918 patronus.-
410 2876 532 2903 orator
570 2874 605 2903 et
647 2870 803 2914 privatas
839 2873 874 2902 et

160 2919 323 2964 publicas
348 2920 525 2953 sustinere
552 2919 681 2962 potuit,
708 2917 874 2961 idemque

160 2969 197 3002 in
217 2969 315 3003 curia
341 2969 431 3002 etin
450 2967 619 3002 contione
632 2971 751 3012 partes
765 2975 874 3012 agere

304 3047 427 3076 Tacitus
448 3046 501 3077 tv.

396 1141 428 1173 1.
457 1139 550 1173 Iuste
573 1150 750 1185 superscr.
782 1152 800 1174 ο
827 1151 936 1184 super
960 1153 984 1174 u
1010 1140 1047 1174 P.
1077 1140 1120 1174 ad
1144 1141 1415 1186 significandum
1443 1143 1646 1175 vocativum

145 1198 167 1221 ο
191 1188 457 1233 superpositum
473 1192 528 1222 est
542 1193 579 1222 et
602 1190 655 1222 sic
681 1189 759 1222 fere
784 1189 918 1234 ubique
943 1190 977 1222 in
1005 1189 1131 1223 eodem
1157 1200 1252 1224 casu.

341 1238 376 1271 2.
402 1237 586 1281 floruerint
611 1236 689 1270 FP:
716 1238 934 1282 emeruerint
965 1237 1265 1271 vindobonensis.

1323 1201 1387 1223 cut·
1411 1189 1545 1224 cumP:
1572 1202 1648 1224 cum

1350 1240 1383 1272 3.
1413 1238 1645 1284 eloquentiae]

839 1285 874 1320 4.
903 1285 1114 1331 appellemus
1140 1285 1207 1319 FP:
1236 1287 1391 1320 correxit
1417 1286 1648 1320 Puteolanus.

833 1335 866 1368 7.
891 1335 1176 1380 percimctationi
1202 1334 1237 1367 Ρ.
1267 1334 1312 1368 cf.
1340 1339 1461 1368 annot.
1488 1335 1531 1368 ad
1548 1338 1571 1369 4
1593 1335 1646 1369 17.

145 1381 181 1416 9.
208 1381 476 1416 existi-andum
501 1382 561 1428 sit]
589 1383 632 1416 sit
659 1382 789 1416 adiecit
816 1381 968 1426 Lipsius.

1067 1384 1205 1426 assequi
1229 1382 1265 1415 P.

937 1498 1065 1532 solitus
1092 1503 1179 1532 erat.
1233 1497 1336 1531 Conf.
1365 1497 1492 1532 Cicero
1518 1498 1562 1532 de
1589 1497 1648 1533 Or.

938 1547 951 1580 1
977 1547 1036 1589 46,
1065 1546 1161 1581 Orat.
1197 1548 1250 1581 15.
1320 1546 1561 1588 Quintilianus
1589 1546 1651 1581 ΧΠ

940 1598 957 1630 1
986 1596 1058 1630 25:
1103 1606 1176 1628 non
1203 1596 1294 1628 enim
1328 1597 1503 1639 forensem
1536 1605 1651 1639 quan-

937 1644 1016 1677 dam
1042 1645 1250 1678 instituimus
1276 1655 1436 1689 operam,
1464 1655 1531 1677 nec
1555 1655 1650 1677 mer-

937 1693 1119 1726 cenariam
1146 1703 1264 1726 vocem
1288 1703 1377 1735 nec,
1422 1697 1460 1725 ut
1490 1692 1650 1737 asperio-

937 1741 1032 1774 ribus
1055 1740 1168 1774 verbis
1202 1741 1397 1786 (cogitavit
1431 1739 1475 1774 de
1501 1740 1651 1774 Cicero-

937 1791 992 1823 nis
1030 1788 1158 1822 rabula
1193 1794 1228 1823 et
1269 1789 1461 1822 clamatore
1508 1789 1552 1822 de
1579 1781 1648 1822 Ur.

938 1838 1033 1884 146)
1060 1849 1262 1883 parcamus,
1290 1849 1361 1870 non
1383 1836 1542 1871 inutilem
1565 1848 1652 1871 sane

938 1886 1048 1919 litium
1090 1887 1296 1919 adtocatum
1314 1912 1323 1928 ,
1369 1897 1467 1930 quem
1506 1886 1652 1930 denique

939 1935 1153 1968 causidicum
1177 1935 1278 1980 vulqo
1303 1940 1442 1968 vocant.

1025 2011 1061 2039 ut
1102 2024 1136 2030 -
1181 2005 1448 2038 existimandum
1478 2005 1552 2041 sit.-
1606 2004 1651 2038 sit

939 2054 1054 2087 omitti
1089 2058 1173 2087 tunc
1211 2054 1356 2097 potuit,
1393 2054 1423 2086 si
1459 2057 1520 2086 aut
1554 2052 1652 2086 aliud

939 2101 1150 2147 gerundium
1178 2111 1221 2135 eo
1242 2101 1352 2135 verbo
1369 2102 1573 2135 comitatum
1591 2111 1652 2134 se-

939 2155 1130 2195 queretur,
1178 2149 1289 2184 veluti
1335 2151 1552 2183 statuendum
1588 2150 1651 2191 sit,

939 2204 1000 2231 aut
1035 2199 1284 2232 subiunctivus
1324 2198 1454 2242 aliquis
1492 2197 1652 2231 adiectus

940 2252 1058 2288 esset,
1096 2246 1196 2280 verbi
1237 2257 1342 2279 causa
1386 2246 1551 2278 credatur
1592 2244 1651 2278 vel

936 2301 1088 2339 putetur,
1116 2294 1208 2326 unde
1235 2296 1334 2326 notio
1352 2303 1542 2336 suppressa
1565 2302 1652 2335 sup-

940 2342 1030 2384 pleri
1058 2346 1191 2385 posset.
1249 2342 1307 2374 Sic
1335 2340 1374 2374 G.
1406 2341 1469 2375 19:
1506 2351 1550 2372 ne
1578 2339 1653 2372 ulta

941 2390 1105 2433 cogitatio
1142 2389 1237 2422 ultra
1278 2389 1389 2434 (sit),
1434 2399 1477 2420 ne
1514 2387 1654 2432 longior

940 2437 1137 2482 cupiditas,
1173 2448 1218 2469 ne
1267 2443 1441 2480 tamquam
1490 2437 1654 2469 maritum

941 2485 1002 2518 sed
1028 2490 1203 2528 tamquam
1229 2486 1488 2518 matrimonium
1516 2489 1649 2526 autent,-

941 2533 982 2566 Η.
1002 2532 1051 2566 111
1077 2533 1149 2568 56:
1177 2539 1214 2566 ut
1240 2544 1368 2578 aspera
1385 2535 1545 2578 (essent)
1566 2543 1654 2576 quae

940 2580 1055 2624 utilia,
1080 2592 1146 2614 uec
1172 2581 1356 2626 quidquam
1375 2582 1445 2615 nisi
1468 2579 1654 2614 iucundum

942 2635 974 2663 et
998 2628 1174 2663 laesurum
1200 2631 1394 2674 acciperet,-
1436 2629 1475 2662 Η.
1512 2628 1559 2660 lv
1587 2627 1652 2661 34:

941 2684 1116 2722 tamquam
1153 2678 1311 2722 perditae
1346 2679 1439 2721 apud
1478 2676 1654 2709 Romanos

941 2738 998 2760 res
1025 2728 1181 2770 (esseut)
1206 2732 1237 2758 et
1260 2727 1331 2758 suis
1354 2726 1502 2757 victoria
1524 2733 1654 2767 proee-

942 2775 1059 2807 m'sset.
1111 2772 1210 2806 Adde
1239 2784 1282 2806 ex
1306 2771 1502 2805 Annalibus
1532 2771 1544 2803 Ι
1571 2770 1594 2804 9
1620 2774 1655 2803 et

942 2822 1001 2856 65.
1032 2820 1076 2854 Ut
1102 2831 1195 2853 nunc
1215 2825 1280 2861 est,
1300 2821 1333 2852 in
1359 2820 1542 2852 enuntiato
1566 2827 1656 2851 cou-

943 2870 1106 2902 secutivo
1144 2869 1187 2901 sit
1234 2869 1326 2900 iuste
1360 2867 1485 2900 abesse
1520 2867 1655 2910 nequit.

945 2917 1049 2951 Conf.
1077 2920 1197 2950 annot.
1226 2915 1271 2949 ad
1301 2915 1331 2948 ΙΙ
1357 2916 1421 2956 31,
1453 2914 1495 2947 v1
1522 2915 1588 2955 35,
1616 2914 1655 2947 G.

945 2966 979 3009 7,
1006 2965 1048 2999 A.
1074 2964 1134 3000 34.
1186 2962 1478 3008 Supplementum
1504 2963 1615 3008 igitur
1638 2972 1659 2995 a

1327 3041 1376 3083 11
