1768 3216
129 236 204 272 800

815 229 957 267 INDEX

130 354 262 389 multos
287 356 449 387 veterum
475 350 578 401 velut
606 349 781 396 inglorios
806 371 852 378 —
902 359 971 383 uec
996 348 1143 394 antique
1170 358 1233 394 pro
1265 357 1336 383 non
1364 348 1394 383 Η
1423 349 1441 383 1
1468 346 1528 383 31.
1564 342 1628 393 pro

179 413 314 448 oblivio
343 411 471 445 obruet
499 410 532 445 A
556 411 614 447 46.

130 472 260 507 multus
284 473 320 506 in
346 472 490 518 agmine
514 471 547 505 A
572 471 630 507 20.

133 533 288 567 Mulvius
315 542 405 577 pons
450 531 510 565 ubi
542 531 753 566 aedificatus
782 531 865 566 fue-

185 593 230 626 rit
261 592 302 626 13
329 591 388 627 47.

134 663 282 688 munera
304 657 338 687 et
353 652 509 687 munia3
534 653 568 687 2.
599 652 626 686 H
653 652 676 687 3
706 651 759 686 13.
789 652 858 686 im..

178 714 270 758 perii
297 724 445 748 munera
471 714 502 746 A
529 712 584 747 13.

135 783 321 808 munerum
362 774 547 818 impensae
574 784 593 807 a
620 773 761 808 Tiberio
789 773 862 806 cir-

182 834 362 868 cumcisae
397 835 412 866 1
443 834 500 868 77.

134 894 255 927 munia
281 899 425 928 senatus
444 894 718 940 magistratuum
743 894 863 941 legum

180 955 216 987 in
243 964 282 988 se
310 954 451 988 trahere
487 955 501 987 1
533 955 566 989 2.

136 1015 332 1059 municipia
359 1016 394 1048 in
422 1015 607 1049 Britannia
633 1015 664 1049 A
689 1015 748 1050 32.

139 1075 230 1108 muri
259 1079 295 1108 et
320 1076 463 1108 moenia
490 1075 518 1108 H
546 1075 580 1109 3·
600 1075 658 1110 30.

135 1135 284 1177 musica,
312 1145 383 1167 non
417 1135 575 1178 musice,
618 1134 731 1168 forma
758 1133 862 1168 'l'aci-

183 1193 257 1227 tina
285 1193 312 1228 Ο
342 1193 401 1228 31.

139 1253 340 1287 Musulamii
369 1255 389 1288 2
416 1254 473 1287 52.

135 1318 272 1347 mutare
301 1313 559 1360 (cintauschen)
590 1313 618 1347 Η
646 1315 668 1349 2
693 1312 752 1348 80.

140 1443 220 1466 nam
268 1437 303 1467 et
348 1433 383 1466 in
428 1433 592 1467 oratione
637 1432 869 1467 concedentis

186 1494 374 1527 veritatem
397 1493 601 1540 argumenti
629 1493 787 1538 oppositi
825 1493 866 1527 14

185 1552 244 1588 44.

138 1618 291 1648 nanctus
318 1615 340 1649 3
367 1615 426 1649 32.

138 1675 295 1711 Narcissi
321 1675 554 1721 Agrippinam
571 1675 756 1722 arguentis
783 1685 863 1709 ser-

188 1737 303 1769 monis
326 1746 439 1769 nexus
470 1736 512 1770 12
539 1735 597 1771 65.
639 1735 732 1769 idem
758 1735 864 1769 vale-

186 1796 309 1830 tudine
337 1801 522 1840 correptus
552 1797 594 1829 12
621 1795 679 1831 66.

139 1858 212 1890 nati
243 1856 458 1890 vocabulum
488 1855 679 1890 delendum
710 1855 753 1890 14
782 1854 838 1890 16.

138 1918 236 1950 natio
266 1921 301 1950 et
330 1927 419 1962 gens
449 1915 475 1950 G
504 1917 538 1950 2.

137 1981 287 2011 naturae
314 1976 393 2009 finis
420 1976 448 2010 G
473 1977 532 2010 45.

139 2036 268 2070 navale
296 2041 460 2081 stagnum
497 2036 539 2069 ab
571 2036 735 2081 Augusto
765 2039 862 2069 stru-

193 2099 286 2127 ctum
314 2095 350 2127 in
377 2095 502 2127 dextra
527 2093 665 2128 Tiberis
701 2096 778 2139 ripa
812 2097 865 2128 si-

189 2158 261 2187 tum
291 2158 366 2186 erat
396 2155 438 2187 12
464 2153 524 2188 56.
554 2153 601 2187 cf.
638 2154 678 2187 15
705 2154 764 2188 37.

143 2212 264 2246 navali
300 2212 440 2257 proelio
480 2223 499 2246 a
529 2211 679 2246 Claudio
714 2213 751 2246 in
787 2212 867 2246 lacu

192 2271 329 2306 Fucino
358 2270 529 2305 adornato
566 2276 653 2317 quot
686 2282 798 2306 naves
834 2276 869 2306 et

191 2333 292 2366 cuius
312 2333 457 2378 generis
481 2333 726 2366 concurrerint
746 2333 786 2366 12
808 2332 866 2367 56.

141 2394 225 2427 navi
252 2397 377 2426 vectus
405 2393 433 2426 H
460 2393 483 2427 4
511 2392 570 2427 24.

142 2453 326 2499 navigium
355 2453 458 2486 Isidis
486 2452 513 2486 G
539 2453 573 2487 9.

141 2524 187 2547 ne
216 2512 393 2557 particula
419 2513 453 2546 in
492 2513 611 2557 priore
645 2513 868 2559 quaestionis

189 2572 347 2607 membro
376 2573 507 2606 omissa
534 2573 556 2605 4
583 2573 641 2608 20.

142 2633 293 2667 necdum
336 2632 455 2677 posito
489 2637 585 2666 metu
625 2632 718 2666 haud
754 2632 871 2666 levius

189 2701 332 2725 rursum
360 2695 540 2736 grassatus
569 2692 665 2738 ignis
693 2691 865 2724 emenda-

190 2756 263 2785 tum
294 2753 336 2786 15
362 2751 421 2786 40.

144 2812 343 2846 necessitas
373 2822 538 2857 suprema
565 2813 624 2847 vel
654 2818 815 2849 extrema
843 2812 869 2846 Η

194 2872 210 2905 1
238 2872 272 2906 3.

144 2932 383 2968 necessitates
411 2934 432 2969 2
458 2933 516 2969 27.

949 409 1166 455 ne-quidem
1192 412 1214 445 2
1239 410 1298 445 82.
1329 409 1358 443 Η
1387 409 1409 443 2
1435 409 1494 444 53.

909 481 978 505 nec
1011 469 1134 504 deerat
1170 474 1347 516 sequente
1382 469 1562 505 infinitivo
1599 468 1627 503 H

962 533 987 566 4
1014 533 1045 564 1.

910 590 1278 625 nec—etG2et
1309 590 1342 624 7.

908 651 1038 686 nedum
1066 651 1214 685 servitia
1244 654 1279 684 et
1305 654 1446 685 ceteros
1468 649 1635 684 fortunae

954 716 1096 757 paratus
1127 715 1335 755 reposceret
1364 714 1565 746 correctum
1589 710 1631 744 11

962 772 1020 806 30.

910 832 1096 866 Nemetum
1123 830 1228 868 sedes
1253 831 1280 866 G
1306 831 1365 866 28.

914 902 1060 927 nemora
1090 896 1125 926 et
1151 891 1224 925 luci
1255 891 1283 925 G
1307 891 1342 926 9.
1371 889 1399 926 Ο
1425 890 1462 926 9.

914 964 983 996 ne,
1029 962 1240 998 quamquam
1281 952 1453 999 egregius
1507 954 1640 994 cetera,

961 1012 1177 1059 adroganter
1190 1014 1225 1046 in
1242 1011 1382 1046 deditos
1397 1016 1433 1046 et
1450 1031 1495 1038 —
1513 1010 1635 1046 durius

966 1071 1172 1106 consuleret
1198 1074 1228 1106 A
1259 1071 1312 1106 16.

913 1144 1031 1178 neque
1059 1138 1095 1167 et
1120 1144 1188 1167 nec
1213 1143 1276 1177 pro
1303 1143 1349 1166 ne
1373 1131 1515 1178 quidem
1531 1132 1553 1166 2
1573 1131 1634 1167 82.

961 1193 989 1226 11
1019 1194 1041 1227 2
1069 1193 1128 1227 53.
1165 1193 1193 1226 G
1219 1192 1253 1227 6.
1290 1191 1318 1226 0
1344 1191 1404 1226 34.
1445 1201 1566 1238 neque
1594 1213 1639 1219 —

961 1252 1188 1298 ue-quidem
1214 1252 1393 1297 exquisite
1419 1261 1484 1296 pro
1513 1262 1634 1298 neque

961 1332 1005 1340 ·-
1037 1322 1155 1358 neque
1183 1313 1210 1347 H
1240 1313 1261 1346 2
1288 1312 1347 1347 82.

910 1384 955 1407 ne
981 1394 1027 1401 -
1057 1372 1199 1418 quidem
1229 1383 1271 1406 ae
1298 1383 1343 1407 ue
1373 1394 1413 1401 -
1441 1372 1587 1418 quidem
1617 1375 1641 1408 4

965 1431 1025 1467 35.
1053 1432 1081 1465 H
1108 1433 1129 1465 2
1156 1431 1216 1474 82,
1244 1433 1266 1465 4
1293 1431 1352 1466 38.

916 1493 1009 1527 Nero
1035 1492 1218 1526 inferioris
1246 1491 1463 1526 conditionis
1485 1491 1643 1525 homini-

960 1552 1026 1586 bus
1054 1563 1139 1597 prae
1165 1552 1347 1586 nobilibus
1367 1551 1499 1586 fidebat
1520 1551 1562 1586 14
1579 1551 1637 1587 38.

916 1613 1077 1647 Nerones
1106 1612 1187 1646 falsi
1216 1612 1245 1646 H
1279 1613 1294 1645 1
1323 1612 1357 1646 2.

913 1673 1069 1708 Neronia
1096 1672 1366 1718 quinquennale
1395 1671 1569 1707 ludicrum
1597 1671 1640 1706 14

964 1734 1022 1769 20.

910 1794 1062 1829 Neronis
1090 1793 1296 1828 consulatus
1329 1793 1444 1828 1311.
1475 1793 1553 1828 eius
1571 1803 1638 1838 ap-

963 1859 1108 1900 paratus
1128 1859 1164 1888 et
1183 1853 1325 1888 fraudes
1345 1852 1390 1888 ad
1407 1853 1642 1899 Agrippinam

965 1919 1113 1948 matrem
1142 1915 1176 1948 in
1206 1914 1293 1947 mari
1328 1912 1559 1947 evertendam
1597 1913 1642 1946 14

964 1974 999 2009 4.
1036 1975 1080 2009 de
1117 1975 1195 2009 eius
1222 1974 1388 2008 theatrali
1419 1983 1530 2019 opera
1551 1972 1644 2008 falsa

961 2034 1073 2069 refert
1097 2035 1165 2069 Dio
1196 2035 1240 2068 14
1271 2035 1324 2070 15.
1354 2035 1432 2068 eius
1456 2044 1566 2068 saeva
1582 2034 1641 2067 in-

962 2094 1064 2128 doles
1087 2099 1122 2128 et
1139 2095 1278 2128 animus
1296 2094 1451 2128 immane
1473 2096 1643 2138 quantum

961 2158 1148 2198 corruptus
1212 2153 1408 2199 diligenter
1447 2164 1469 2199 a
1514 2152 1638 2187 Tacito

965 2212 1145 2256 descripta
1176 2214 1217 2246 14
1243 2212 1300 2247 65.
1340 2211 1551 2246 immodicus
1578 2222 1644 2246 ae-

967 2271 1133 2306 dificandi
1164 2273 1206 2306 15
1233 2271 1291 2306 39.
1319 2271 1530 2320 templorum
1557 2281 1645 2316 spo-

966 2332 1072 2366 liator
1102 2333 1143 2367 15
1171 2332 1229 2366 45.
1285 2332 1428 2366 timidus
1463 2333 1573 2366 animi
1603 2333 1645 2368 15

968 2393 1014 2427 59
1042 2397 1077 2427 et
1102 2392 1160 2428 66.
1215 2392 1377 2426 intimum
1413 2392 1645 2426 consiliorum

966 2453 998 2486 ci
1015 2453 1191 2487 saevienti
1204 2451 1369 2497 Poppaea
1390 2457 1425 2486 et
1445 2452 1645 2499 Tigellinus

971 2513 1013 2547 15
1032 2512 1088 2547 61.
1117 2513 1274 2546 intentus
1295 2512 1523 2546 citharoedus
1542 2512 1585 2547 16
1607 2513 1643 2545 4.

966 2577 1005 2605 ut
1038 2572 1157 2606 omnia
1192 2571 1309 2606 studia
1344 2582 1407 2605 sua
1439 2571 1642 2616 publicaret

969 2643 989 2665 a
1031 2632 1179 2666 Vitellio
1218 2622 1512 2666 exoratus'ibid.
1563 2632 1641 2665 eius

965 2691 1194 2737 prodigentia
1227 2692 1263 2725 in
1297 2691 1424 2725 funere
1452 2690 1641 2735 Poppaeae

968 2752 1011 2787 16
1036 2752 1071 2785 6.

921 2812 1132 2846 Nerviorum
1160 2811 1265 2846 sedes
1292 2811 1320 2845 G
1346 2811 1405 2847 28.

922 2877 1086 2907 neutrum
1115 2883 1230 2919 genus
1263 2871 1459 2917 praedicati
1485 2872 1647 2918 sequitur

972 2933 1206 2968 masculinum
1234 2931 1389 2969 subiecti
1421 2934 1433 2966 1
1465 2930 1523 2967 46.
