1768 3216
1572 251 1646 286 305

88 229 90 231 ’
144 260 169 290 ι
192 251 233 287 o.
263 253 321 290 70.
629 251 765 288 LIBER
792 253 836 288 v.
889 251 977 288 cir.
1008 252 1161 289 13-15.

140 369 433 415 adiacentibus
464 370 849 426 superfunderetur.
911 371 970 415 Ea
1001 370 1086 414 loci
1116 369 1279 422 forma,
1321 367 1494 411 incertis
1528 367 1647 435 vad-is
1691 356 1768 439 {a}

142 445 320 489 subdola
354 450 396 489 et
425 446 547 489 nobis
571 447 774 489 adversa:
804 447 952 501 quippe
982 446 1100 488 miles
1120 447 1331 489 Romanus
1353 444 1479 486 arulis
1503 444 1648 499 gravis

145 525 187 565 ct
213 522 341 565 nandi
371 523 570 577 pavidus3
600 524 831 566 Germanos
853 522 1089 565 fluminibus
1114 525 1255 563 suetos
1275 520 1422 562 levitas
1441 531 1648 562 armorum

74 599 190 641 lbet
218 598 448 651 proceritas
481 610 702 653 corporum
745 598 905 640 attollit.
968 598 1097 652 Igitur
1137 595 1440 638 lacessentibus
1485 594 1651 637 Batavis

143 672 409 716 ferocissimo
439 674 589 728 cuique
616 678 853 716 nostrorum
883 677 1074 728 coeptum
1104 676 1314 714 certamen
1330 684 1343 722 ;
1376 670 1528 712 deinde
1558 673 1648 712 orta
1669 689 1687 717 5

146 748 384 802 trepidatio,
433 762 524 791 cum
568 749 766 802 praealtis
810 749 1031 803 paludibus
1075 760 1188 789 arma
1232 746 1327 800 equi
1373 745 1651 789 haurirentur.

145 822 344 870 Germani
376 824 486 865 notis
530 823 651 866 vadis
696 824 994 878 persultabant,
1033 822 1188 864 omissa
1228 821 1469 875 plerumque
1515 820 1652 861 fronte

145 897 279 940 latera
309 911 360 940 ac
391 902 511 953 terga
544 899 931 941 circumvenientes.
991 899 1136 951 Neque
1168 901 1213 938 ut
1251 896 1295 937 in
1335 894 1519 949 pedestri
1559 894 1651 935 acie

144 972 376 1029 comminus
405 973 668 1024 certabatur3
706 974 782 1016 sed
813 978 1018 1027 tamquam
1048 971 1187 1013 navali
1215 983 1354 1033 pugna
1372 1002 1384 1022 ,
1414 969 1512 1023 vagi
1543 969 1652 1010 inter

145 1039 460 1101 um?
454 1044 558 1091 Γ
532 1046 628 1103 quid
661 1048 810 1091 stabile
853 1048 1119 1100 occurrebat,
1153 1046 1251 1088 totis
1282 1045 1367 1086 illic
1399 1043 1646 1098 corporibus
1665 1060 1703 1089 ιο

147 1123 355 1176 nitentes,
387 1123 592 1166 vulnerati
625 1136 717 1166 cum
749 1124 952 1179 integris,
983 1122 1105 1177 periti
1136 1121 1265 1163 nandi
1296 1133 1388 1161 cum
1419 1119 1578 1174 ignaris
1608 1119 1651 1160 in

144 1202 325 1241 mutuam
353 1199 582 1252 perniciem
611 1198 929 1253 inplicabantur.
988 1198 1125 1240 Minor
1154 1201 1292 1238 tamen
1327 1207 1447 1248 quam
1478 1205 1553 1247 pro
1584 1197 1652 1233 tu-

137 1273 266 1315 multu
294 1273 462 1326 caedes,
495 1274 589 1327 quia
624 1286 708 1315 non
739 1274 836 1315 ausi*
861 1272 1008 1327 egredi
1040 1271 1232 1326 paludem
1264 1269 1460 1330 Germani
1495 1269 1535 1309 in
1574 1280 1649 1309 ca-

139 1352 227 1391 stra
254 1348 438 1390 rediere.
498 1349 598 1390 Eius
627 1348 776 1402 proelii
807 1352 980 1390 eventus
1007 1351 1222 1401 utrumque
1252 1345 1397 1387 ducem
1415 1375 1426 1395 ,
1469 1342 1647 1385 diversis

139 1423 265 1465 animi
294 1423 489 1476 motibus,
519 1424 572 1465 ad
604 1423 890 1465 maturandum
922 1433 1107 1465 summae
1137 1421 1201 1464 rei
1231 1420 1457 1463 discrimen
1494 1418 1642 1460 erexit.
1661 1434 1698 1464 ιε

239 1585 274 1619 5.
298 1584 516 1628 ferocissimo
542 1583 637 1628 Gala,
662 1584 764 1619 deest
795 1584 910 1620 Vatic.
943 1584 1035 1620 1863
1070 1589 1105 1618 et
1131 1585 1223 1629 Spir.
1300 1588 1458 1629 caeptum
1486 1580 1552 1615 illa.
1607 1581 1642 1616 6.

133 1643 258 1666 armac
283 1635 511 1678 qaurirentur
530 1644 609 1667 cum
635 1634 699 1668 lin.
725 1639 930 1668 transversa
956 1634 992 1667 in
1020 1634 1087 1668 litt.
1117 1645 1148 1678 q,
1181 1638 1217 1667 et
1243 1633 1311 1666 litt.
1342 1643 1365 1665 a
1390 1641 1569 1676 superscr.
1597 1630 1641 1663 ab

134 1680 259 1715 eadem
285 1691 331 1715 m.
358 1681 382 1715 h
411 1681 483 1715 Ma:
524 1693 627 1716 arma
652 1683 731 1727 equi
755 1695 819 1728 que
846 1683 1078 1716 haurirentur
1103 1682 1142 1728 (Ιι
1168 1692 1276 1726 super
1301 1691 1444 1715 versum
1471 1681 1579 1724 aser.)
1598 1678 1638 1712 G.

133 1729 157 1765 9
197 1731 386 1764 comminus
410 1731 524 1765 minus
553 1731 757 1765 certabatur
783 1730 848 1774 Ma,
877 1732 1032 1765 consinus
1058 1731 1263 1765 certabatur
1289 1729 1317 1764 G
1344 1734 1380 1763 et
1404 1728 1480 1762 alii.
1582 1729 1638 1761 11.

133 1777 326 1812 volneratis
353 1778 426 1812 Ma:
453 1779 480 1813 G
518 1779 713 1813 Vulnerati.
798 1782 852 1815 12.
880 1780 975 1825 impl.
1006 1779 1065 1815 Or.
1095 1784 1130 1814 et
1157 1779 1184 1814 G
1218 1779 1278 1824 qui
1306 1779 1356 1812 ita
1385 1777 1490 1811 solet.
1584 1775 1639 1810 13.

134 1837 233 1861 ceres
256 1825 337 1861 Ma:
365 1827 392 1861 G
419 1828 554 1862 caedes.
638 1829 692 1863 15.
719 1840 846 1862 summe
874 1827 937 1862 ma.

134 1988 276 2024 collatis
303 2001 334 2024 c.
362 1990 409 2025 62
437 1995 473 2024 et
498 1991 558 2034 70,
592 1995 693 2025 sexta
733 1995 851 2025 autem

133 2038 303 2082 Hispania
328 2039 447 2073 excita
473 2050 567 2073 nunc
581 2050 708 2074 recens
728 2039 849 2074 adest:

130 2086 239 2121 11.1v
265 2086 325 2131 68,
353 2088 380 2120 V
410 2088 466 2123 16.
492 2087 571 2122 Non
596 2088 690 2122 bene
716 2099 755 2122 se
783 2088 850 2122 ha-

129 2134 216 2169 bere
245 2135 323 2169 XV!
353 2137 460 2170 etiam
481 2135 565 2170 hine
592 2136 727 2182 liquet,
755 2137 850 2182 quod

130 2184 184 2217 sic
210 2193 302 2229 quae
326 2184 598 2231 sequiturlegio
614 2185 748 2230 (xtlil)
765 2190 848 2220 ante

127 2231 342 2266 nominanda
365 2238 452 2267 erat.
482 2233 647 2267 Ceterum
666 2245 746 2267 cum
761 2245 846 2267 sex-

127 2284 163 2314 ta
189 2281 383 2324 Hispanica
410 2281 485 2315 noli
523 2284 757 2316 commiscere
791 2282 847 2316 al-

126 2333 238 2362 teram
265 2334 401 2362 sextam
428 2328 623 2374 legionem,
655 2341 699 2363 ex
734 2330 837 2372 Syria

127 2388 147 2410 a
183 2376 348 2410 Muciano
385 2378 420 2410 in
465 2377 602 2411 ltaliam
645 2377 846 2420 adductam,

127 2426 212 2458 item
239 2435 260 2458 a
287 2423 429 2459 Ceriale
453 2436 574 2459 secum
602 2425 753 2470 Alpibus
774 2430 847 2459 tra-

130 2473 283 2507 ductam.
311 2472 367 2508 Cf.
395 2473 436 2508 H.
467 2473 511 2507 iv
538 2474 597 2508 68.
683 2480 761 2518 post
787 2475 843 2507 vi-

126 2522 275 2556 ctoriam
286 2528 588 2567 properaverant.-
605 2522 757 2557 similem
772 2534 847 2556 rem

130 2575 302 2604 memorat
341 2570 382 2605 H.
421 2570 471 2605 ΠΙ
508 2572 543 2606 7.
654 2571 848 2605 Germanos

126 2619 323 2663 fluminibus
347 2625 462 2653 suetos
489 2640 533 2646 —
559 2619 711 2652 attollit.-
744 2620 841 2661 conf.

126 2666 158 2700 11
183 2667 208 2701 8
233 2672 270 2700 et
297 2667 352 2701 14.
381 2667 423 2700 11.
451 2666 483 2700 11
509 2668 569 2709 35,
595 2667 644 2700 lv
672 2667 732 2702 66.

200 2716 287 2758 Cap.
318 2715 373 2749 15.
412 2726 524 2759 neque
555 2720 593 2748 ut
626 2715 665 2748 in
687 2716 843 2760 pedestri

126 2763 216 2803 acie,
246 2763 435 2796 comminus
476 2763 708 2796 certabatur:
749 2765 844 2809 quod

126 2812 162 2844 in
194 2809 247 2845 Ma
296 2810 450 2856 legimus
487 2811 677 2845 comminus
717 2808 844 2856 narnus,

125 2862 161 2893 in
204 2869 247 2893 eo
296 2858 388 2893 nihil
440 2860 508 2893 nisi
558 2859 843 2908 διῐῐογραῳίαν

126 2917 325 2953 agnoscere
351 2917 508 2952 possum,
538 2918 655 2953 neque
673 2919 752 2942 cum
772 2909 842 2944 lac.

128 2956 308 2991 Gronovio
350 2957 547 2990 comminus
588 2956 723 2990 eminus
763 2958 846 2992 inde

128 3004 298 3040 eliciam:
338 3015 415 3039 nam
445 3005 474 3039 si
504 3015 623 3050 neque
650 3007 846 3040 comminus

921 2002 1040 2036 neque
1066 1991 1205 2025 eminus
1232 1989 1288 2035 (h.
1325 1999 1357 2022 e.
1397 1998 1516 2034 neque
1555 1987 1640 2035 pilis

921 2051 1038 2084 neque
1081 2038 1229 2085 gladiis)
1270 2038 1428 2072 hastisve
1467 2041 1640 2070 certatum
1691 2075 1699 2080 -

921 2093 1029 2130 esset,
1056 2087 1194 2121 nullum
1220 2091 1402 2122 certamen
1428 2097 1447 2119 a
1468 2087 1636 2119 Romanis

920 2142 1087 2181 coeptum
1116 2140 1222 2170 esset.
1251 2136 1360 2169 lmmo
1389 2134 1458 2168 hoc
1498 2134 1639 2168 Tacitus

919 2186 1022 2228 dixit,
1048 2185 1244 2219 Romanum
1273 2185 1416 2229 propria
1436 2184 1569 2216 virtute
1586 2184 1638 2216 uti

918 2244 989 2267 non
1016 2235 1177 2278 potuisse
1205 2238 1240 2267 et
1266 2243 1420 2277 pugnam
1450 2231 1493 2264 ad
1515 2241 1638 2264 manus

920 2287 954 2316 et
981 2292 1188 2316 mucronem
1217 2291 1288 2314 non
1316 2280 1504 2313 adductam
1545 2290 1638 2314 csse.

922 2331 1047 2374 Neque
1086 2329 1277 2362 comminus
1326 2329 1459 2361 eminus
1500 2334 1639 2360 certare

918 2378 1003 2412 alibi
1043 2377 1184 2410 Tacitus
1223 2377 1442 2420 composuit,
1479 2376 1542 2409 sed
1569 2375 1638 2410 hoc

918 2426 1132 2462 ἀσύνδετον
1157 2425 1270 2459 semel
1305 2426 1354 2458 ita
1394 2425 1559 2466 admisit,
1601 2430 1637 2457 ut

916 2475 1067 2509 alterum
1120 2473 1316 2508 membrum
1374 2474 1635 2507 coniunctione

917 2533 1118 2558 connexum
1156 2522 1382 2568 adiungeret.
1426 2522 1485 2555 Sic
1517 2522 1559 2555 Η.
1603 2521 1634 2555 lt

921 2574 993 2608 42:
1025 2572 1215 2606 comminus
1245 2572 1403 2612 emirum,
1432 2571 1582 2604 catervis
1607 2576 1638 2603 et

921 2621 1042 2655 cuneis
1069 2620 1339 2654 concurrebant.
1366 2619 1531 2652 Fortasse
1561 2618 1636 2651 Me-

920 2669 1013 2703 dicei
1039 2670 1213 2713 scriptura
1240 2680 1284 2702 ex
1320 2669 1522 2712 antiquiore
1562 2678 1637 2699 com

916 2719 1030 2752 vuinus
1058 2718 1107 2751 ita
1134 2722 1217 2750 nata
1245 2721 1320 2758 est,
1358 2720 1394 2748 ut
1421 2715 1537 2748 scriba
1576 2725 1636 2748 rc-

920 2767 1058 2799 centior
1105 2777 1180 2799 com
1229 2774 1413 2808 perperam
1474 2762 1637 2806 expleret

916 2816 1118 2848 comminus.

986 2864 1023 2895 in
1050 2866 1169 2894 castra
1196 2861 1360 2894 rediere:
1404 2860 1492 2893 haec
1518 2865 1633 2894 castra

918 2910 994 2954 ipsa
1029 2909 1153 2943 Vetera
1182 2914 1275 2951 sunt,
1304 2910 1339 2942 in
1367 2918 1458 2953 quae
1477 2907 1631 2943 Civilem

918 2957 1024 3001 paulo
1070 2962 1151 2991 ante
1202 2957 1292 2991 hanc
1343 2965 1496 3002 pugnam
1551 2967 1631 2990 cum

916 3006 1079 3040 exercitu
1122 3015 1185 3039 suo
1221 3004 1421 3050 profectum
1470 3014 1549 3043 esse
1587 3015 1630 3042 ex
