1768 3216
187 247 262 284 323
789 236 1098 275 msroamavm
1470 248 1503 273 a.
1530 247 1566 273 ιι.
1591 236 1678 274 823

20 306 87 349 ,1sz
92 299 112 347 ι’

1209 413 1234 419 ,υ
1290 403 1360 419 --or‘V‘

173 439 316 484 2Rheni
346 451 368 479 a
388 434 551 478 Vitellio
582 434 850 488 praefectum
870 433 1065 486 Sabinus,
1098 436 1225 486 super
1244 431 1412 474 insitam
1438 430 1677 483 vamtatem,

184 513 314 554 falsae
345 510 484 564 stirpis
515 510 651 564 gloria
687 508 1009 551 incendebatur:
1053 508 1269 563 proaviam
1297 519 1414 549 suam
1448 505 1546 548 divo
1577 505 1680 548 {ulio

182 598 257 640 per
301 585 454 627 Gallias
497 584 669 626 bellanti
717 596 895 638 corpore
937 587 1060 638 atque
1099 583 1303 625 adulterio
1348 581 1572 636 placuisse.
1630 578 1683 621 Hi

153 660 357 705 ssecretis
403 659 667 702 sermonibus
714 659 876 702 animos
923 662 1158 700 ceterorum
1203 655 1396 700 scrutari.
1455 654 1534 698 Ubi
1577 665 1683 708 quos

184 732 359 777 idoneos
390 735 589 777 rebantur
617 734 880 778 conscientia
912 733 1202 786 obstrinxere,
1244 733 1288 773 in
1326 730 1494 795 colpnia
1523 728 1684 784 Agrip-

182 809 345 863 pinensi
376 810 416 850 in
448 809 615 853 domum
644 809 847 863 privatam
879 808 1146 851 conveniunt.
1206 808 1309 850 Nam
1339 805 1506 861 publice
1534 803 1682 846 civitas

183 884 332 926 talibus
364 885 541 939 inceptis
573 884 837 926 abhorrebat.
886 884 1079 926 Attamen
1111 883 1339 926 interfuere
1363 880 1529 936 quidam
1550 878 1703 939 Ultio-K

183 971 273 1001 rum
302 959 660 1014 Tungrorumque.
721 959 803 1002 Sed
833 958 1008 1013 plurima
1036 959 1101 1000 vis
1128 970 1258 1013 penes
1288 956 1484 1000 Treviros
1515 967 1566 998 ac
1581 953 1686 996 bin-

135 1046 332 1089 iogonas.
392 1035 478 1076 Nec
519 1034 650 1076 tulere
691 1046 833 1076 moras
866 1033 1142 1076 consultandi.
1203 1032 1397 1075 Certatim
1427 1030 1688 1086 proclamant

187 1109 328 1151 furere
361 1109 585 1151 discordiis
615 1109 808 1164 populum
839 1108 1091 1162 Romanum,
1126 1120 1274 1150 caesas
1303 1107 1512 1162 legiones,
1543 1109 1688 1148 vasta-

0 1180 141 1236 ἰιῖ-υὲ-
142 1191 154 1211 f
186 1187 268 1225 tam
299 1184 478 1236 Italiam,
520 1184 612 1238 capi
643 1196 735 1226 cum
767 1185 946 1248 magime
975 1184 1144 1237 urbem,
1193 1183 1328 1225 omnis
1359 1181 1569 1224 exercitus
1599 1179 1687 1223 suis

58 1254 67 1262 ‘
157 1269 388 1315 quemque
418 1259 539 1301 bellis
573 1240 999 1314 distiffe‘ff.s1Alpes
1029 1258 1251 1313 praesidiis
1273 1257 1501 1310 firmentur,
1537 1232 1768 1298 coalitastm

14 1329 75 1359 ‘⁶'
184 1332 377 1375 libertate
421 1333 680 1405 dispecturas
728 1334 881 1396 Gallias
923 1345 1045 1388 quem
1082 1333 1233 1375 virium
1272 1343 1438 1375 suarum
1468 1307 1768 1374 terminum&

136 1422 174 1453 ιε
186 1407 329 1449 veluit
382 1408 495 1450 Haec
525 1397 644 1451 dicta
667 1392 825 1463 pariter
847 1393 1118 1462 probataque.
1178 1407 1241 1448 De
1269 1406 1459 1461 reliquiis
1481 1403 1760 1448 Vitelliani&

188 1482 397 1524 exercitus
431 1482 688 1525 dubitavere.
749 1482 939 1537 Plerique
970 1481 1282 1525 interficiendos
1313 1480 1566 1533 censebant,
1598 1482 1698 1521 tur-

186 1557 309 1599 bidos
341 1557 506 1611 infidos,
539 1558 747 1613 sanguine
779 1557 929 1599 ducum
959 1557 1152 1612 pollutos.
1198 1557 1307 1599 Vicit
1335 1556 1442 1598 ratio
1471 1553 1688 1610 parcendi,

188 1643 242 1674 ne
273 1632 432 1674 sublata
463 1645 537 1687 spe
567 1633 716 1676 veniae
746 1632 1020 1687 pertinaciam
1060 1632 1355 1675 accenderent.
1415 1628 1690 1673 Adliciendos

327 1793 359 1826 1.
388 1792 568 1838 Linyonus
594 1790 666 1826 Ma:
695 1792 834 1838 Linqon
859 1791 920 1826 BG
944 1797 981 1826 et
1006 1791 1243 1827 Oxonienses.

187 1840 389 1897 incedebat)
418 1841 493 1874 Ma.
538 1846 737 1875 correctum
763 1843 858 1875 inest
882 1840 922 1875 G.
1023 1841 1056 1876 5.
1091 1842 1218 1875 secreti
1248 1839 1328 1874 Ma.

189 1889 408 1924 conscientie&
429 1888 623 1923 obseriaeere
649 1888 721 1924 Ma.
759 1890 787 1925 G
811 1890 1029 1924 consciencia
1056 1889 1286 1924 obserinoeere.
1378 1890 1411 1924 7.
1437 1888 1599 1935 publicae
1624 1882 1690 1922 Mu,

190 1939 246 1973 12.
275 1939 385 1971 omnis
413 1936 486 1971 Ma:
514 1938 541 1972 G
565 1949 694 1973 omnes.
799 1939 854 1974 13.
885 1949 1039 1983 quenque
1065 1936 1130 1971 Ma.
1226 1938 1388 1973 distineri
1413 1936 1518 1972 (im.
1542 1936 1693 1971 deo-‘nm

188 1986 279 2031 Reg.
394 1987 448 2020 14
477 1987 591 2041 discep
621 1988 675 2031 (in
704 1986 774 2021 fine
802 1990 947 2032 versus)
978 1998 1039 2020 ras
1064 1985 1129 2029 Ma,
1158 1988 1194 2020 in
1221 1997 1292 2032 mg.
1320 1987 1363 2021 ab
1391 1987 1515 2021 eadem
1541 1994 1591 2020 ιιι.
1641 1984 1691 2019 al.

190 2033 412 2079 despecturas
438 2039 474 2068 et
499 2035 552 2068 sic
582 2034 631 2068 G:
659 2037 767 2069 tacite
795 2036 950 2069 correxit
976 2034 1182 2070 Rhenanus.
1287 2036 1341 2070 15.
1387 2035 1534 2081 reliquis
1560 2032 1638 2070 Μι·
1662 2031 1695 2067 G

189 2082 378 2127 reliquiis„
464 2082 519 2117 18.
551 2082 726 2117 aliciendo
751 2082 825 2118 Ma·
854 2083 882 2118 G
908 2083 1126 2118 alliciendos.

1302 1793 1337 1827 3.
1365 1789 1575 1826 incendebat
1599 1790 1691 1836 (non
1740 1799 1744 1803 ’

1357 1840 1387 1875 G
1411 1839 1568 1875 seeretis.
1650 1838 1690 1874 6.

277 2215 338 2250 nic
363 2214 529 2261 Linqon:
574 2226 751 2261 persaepe
778 2215 910 2262 Linqu-

191 2275 253 2297 ncs
279 2265 315 2297 in
342 2264 580 2298 Historiarum
607 2265 708 2298 libris
744 2275 764 2298 a
789 2264 909 2300 Tacito

192 2314 423 2346 nominantur
450 2313 515 2359 (cf.
545 2314 587 2347 H.
616 2313 630 2346 1
659 2314 705 2348 53
741 2317 776 2347 et
802 2315 850 2349 54
875 2319 911 2348 et

194 2361 241 2395 59
268 2366 304 2395 et
331 2362 378 2396 64
406 2361 533 2404 et78,
564 2362 686 2404 1127,
726 2361 775 2396 lv
802 2363 846 2397 67
876 2368 911 2397 et

195 2408 241 2443 69
269 2414 304 2443 et
332 2410 421 2456 77),
453 2415 558 2455 atque
587 2415 794 2445 constanter
818 2412 910 2445 Lin-

194 2467 313 2501 gones,
340 2468 520 2503 nunquam
535 2459 700 2503 Linyoni,
727 2460 763 2492 in
790 2461 909 2493 omni-

193 2504 259 2537 bus
305 2506 444 2540 casibus
482 2509 620 2541 numeri
671 2507 909 2541 multitudinis

195 2559 423 2597 comparent,
473 2555 636 2599 adeoque
678 2556 714 2588 in
748 2557 910 2599 proxima

193 2602 329 2636 vicinia
366 2603 525 2637 Treviros
560 2615 604 2637 ac
631 2603 813 2648 Linqonas
852 2603 909 2637 le-

194 2650 322 2694 gimus.
349 2650 440 2685 Hinc
464 2661 535 2685 non
554 2651 701 2685 dubium
717 2653 909 2696 quinnunc

193 2699 230 2730 in
258 2697 313 2732 Ma
339 2700 520 2744 Linyonus
546 2711 567 2734 a
593 2699 710 2734 scriba
738 2701 773 2733 in
795 2700 909 2734 forma

193 2746 262 2780 sibi
288 2748 434 2782 insolita
462 2748 634 2795 (Linyon)
661 2759 723 2792 per
753 2758 909 2782 errorem

194 2796 363 2838 scriptum
388 2798 446 2831 sit.
498 2797 616 2842 Ipsum
644 2796 798 2832 fortasse
824 2797 910 2831 abs-

194 2845 300 2876 traxit
338 2847 538 2890 proximum
577 2856 708 2880 nomen
743 2846 908 2880 Sabinus.

193 2891 296 2934 Apud
324 2893 521 2928 Martialem
546 2895 627 2928 VllI
652 2895 696 2930 75
723 2896 745 2929 2
774 2895 911 2940 Linqu-

194 2949 259 2972 nus
286 2940 330 2974 ob
358 2952 500 2976 versum
530 2948 742 2978 excusatur:
771 2942 910 2978 Gallica

194 2987 381 3032 inscriptio
410 2994 465 3036 (v.
495 2990 614 3026 Iahnii
639 2991 799 3027 Annales
825 2991 910 3037 phi-

980 2214 1092 2260 lolog.
1121 2219 1156 2248 et
1181 2214 1384 2261 paedagog.
1412 2219 1436 2249 t.
1464 2213 1511 2249 XI
1537 2225 1572 2259 p.
1587 2215 1693 2261 302),

979 2264 1040 2298 ubi
1067 2264 1254 2298 flaminius
1275 2264 1392 2298 Ferox
1410 2263 1604 2309 Lingonus,
1630 2273 1694 2309 pro

980 2312 1100 2347 Tacito
1127 2312 1219 2346 nihil
1245 2312 1397 2357 probare
1424 2317 1556 2357 potest.

1049 2363 1151 2407 ripae
1177 2361 1295 2396 Rheni
1323 2372 1346 2394 a
1378 2360 1516 2396 Vitellio
1543 2363 1694 2407 praese-

980 2415 1077 2443 clus:
1106 2410 1140 2443 h.
1169 2421 1201 2444 e.
1230 2409 1436 2454 praefectus
1470 2412 1615 2444 navium
1641 2410 1695 2444 ri-

978 2468 1057 2502 pam
1074 2457 1191 2492 Rheni
1221 2459 1408 2492 tuentium.
1479 2458 1552 2493 suis
1575 2469 1696 2502 quem-

979 2517 1042 2549 que
1071 2506 1168 2540 bellis
1202 2506 1387 2540 distineri:
1422 2505 1468 2540 cf.
1503 2511 1624 2542 annot.
1651 2506 1696 2554 ad

977 2553 1023 2587 >41
1052 2555 1106 2588 12.

1051 2603 1267 2647 dispecturas
1280 2602 1417 2637 Gallias
1446 2613 1544 2646 quem
1562 2621 1609 2629 -—-
1630 2613 1693 2637 vc·-

979 2650 1066 2684 lint:
1102 2652 1262 2684 imitatur
1287 2652 1491 2685 iactantiam
1522 2655 1558 2685 et
1582 2651 1693 2685 tumi-

979 2699 1042 2732 dos
1067 2700 1212 2744 spiritus
1240 2699 1434 2733 Gallorum.
1462 2700 1549 2734 Nam
1582 2699 1694 2745 dispi-

981 2759 1059 2781 cere
1098 2753 1152 2782 est
1190 2758 1255 2783 suo
1295 2748 1428 2782 iudicio
1474 2753 1511 2782 et
1545 2747 1693 2782 arbitrio

981 2797 1198 2841 examinare,
1224 2797 1295 2831 hoc
1319 2796 1491 2842 probare,
1517 2795 1608 2831 illud
1631 2806 1694 2830 re-

979 2846 1091 2879 iicere
1119 2851 1154 2879 et
1180 2856 1250 2879 non
1279 2855 1489 2891 agnoscere.
1532 2843 1586 2879 cf.
1614 2843 1694 2879 xm

979 2894 1048 2929 27:
1079 2894 1264 2940 dispiceret
1290 2895 1430 2939 quisque
1446 2894 1585 2936 merila,
1615 2899 1695 2928 tar-

979 2942 1086 2987 deque
1113 2943 1321 2978 concederet
1355 2942 1446 2987 quod
1480 2942 1597 2976 datum
1620 2951 1695 2975 non

979 2991 1204 3028 adimeretur.
1256 2990 1418 3026 Alteram
1449 2989 1541 3025 illud
1578 3000 1600 3026 ι
1627 2990 1694 3026 Vi-
