1768 3216
112 349 117 355 ’
149 342 342 398 agitabat.

112 634 266 675 ationis
298 631 512 674 offerebat.

145 228 221 266 270

741 216 1048 253 HISTORIARVM
1080 270 1089 275 Δ

1426 226 1458 250 a.
1488 218 1526 255 ι’.
1552 214 1638 260 8522,

404 339 534 380 Causa
565 340 646 377 tam
676 347 830 389 pravae
861 345 1022 385 morae,
1053 335 1097 373 ut
1125 331 1359 375 Mucianum
1391 331 1641 386 opperiren-

148 421 226 458 tur.
273 415 358 456 Nec
386 411 556 452 defuere
588 410 656 462 qui
677 409 902 451 Antonium
933 406 1242 462 suspicionibus
1274 409 1640 471 arguerentdtam-

147 499 265 541 quam
296 485 391 526 dolo
424 487 685 524 cunctantem
715 486 810 536 post
840 486 1026 524 secretas
1057 480 1212 524 Vitellii
1244 479 1458 534 epistulas,
1491 479 1640 535 quibus

143 559 398 603 ‚consulatum
431 561 470 598 et
499 557 679 599 nubilem
708 556 833 599 filiam
865 561 905 598 et
937 555 1098 599 dotales
1131 567 1231 609 opes
1272 554 1450 609 pretium
1491 553 1641 609 prodir

573 631 657 673 Alii
689 631 783 672 ficta
813 631 920 672 haec
952 635 992 672 et
1020 630 1062 670 in
1089 629 1266 684 gratiam
1295 628 1478 673 Muciani
1518 639 1640 675 comq-

141 708 288 761 posita.
339 705 512 755 Quidam
545 705 728 746 omnium
759 705 802 747 id
834 705 984 747 dueum
1017 704 1239 746 eonsilium
1260 703 1406 756 fuisse,
1425 705 1638 751 ostentare

139 781 274 834 potius
305 779 397 820 urbi
428 778 578 820 bellum
611 791 731 833 quam
761 778 932 831 inferre,
966 777 1131 832 quando
1163 777 1447 845 validissimae
1481 775 1640 826 cohor-

141 858 204 897 tes
244 867 267 895 a
306 853 470 895 Vitellio
513 853 818 906 descivissent,
860 856 899 894 et
938 852 1115 894 abscisis
1167 852 1359 894 omnibus
1414 849 1638 907 praesidiis

144 939 335 970 cessurus
370 927 543 980 imperio
575 927 808 969 videbatur.

872 926 954 970 Sed
987 931 1136 968 cuneta
1168 926 1451 978 festinatione,
1486 923 1640 969 deinde

24 1026 37 1055 uf
68 1002 309 1083 inignavia
340 1001 483 1044 Sabini
515 1005 724 1056 corrupta,
759 1001 827 1056 qui
860 1002 1031 1056 sumptis
1064 1006 1219 1043 temere
1247 1001 1374 1043 armis
1407 998 1640 1047 munit-issi-

0 1056 47 1085 σὲ

7 1566 114 1589 συ(

144 1090 251 1120 mam
284 1077 473 1130 Capitolii
504 1088 644 1118 arcem
677 1080 718 1117 et
744 1087 797 1117 ne
827 1076 990 1131 magnis
1023 1076 1189 1129 quidem
1221 1075 1474 1123 exercitibus
1507 1085 1642 1128 expu-

141 1152 351 1207 gnabilem
383 1151 584 1193 adversus
616 1150 690 1192 tris
724 1151 919 1211 cohortes
950 1150 1057 1192 tueri
1088 1149 1360 1203 nequivisset

143 1225 222 1267 cile
251 1226 340 1279 quis
367 1225 438 1265 uni
470 1224 756 1279 adsignaverit
788 1224 974 1277 culpam,
1021 1235 1127 1277 quae
1176 1223 1356 1267 omnium
1387 1222 1476 1264 suit.

1532 1219 1638 1265 Nam

143 1302 183 1339 et
211 1299 424 1342 Mucianus
457 1298 662 1353 ambiguis
693 1297 879 1351 epistulis
906 1297 1093 1339 victores
1126 1296 1381 1348 morabatur,
1422 1299 1463 1337 et
1500 1294 1640 1343 Anto—

21 1401 35 1414 φ
91 1373 233 1415 1⁵n1us
261 1377 531 1427 praepostero
565 1373 784 1426 obsequio,
816 1372 884 1414 vel
916 1372 1066 1413 dumr
1020 1371 1263 1433 regerit
1235 1371 1449 1432 invidiam,
1483 1370 1640 1418 crimen

0 1462 4 1466 ·
34 1425 317 1498 *quierint
350 1447 560 1501 ceterique
592 1448 720 1490 duces
753 1447 849 1488 dum
879 1450 1094 1500 peractum
1129 1445 1280 1487 bellum
1321 1449 1486 1501 putant,
1517 1444 1639 1527 figi-Q

6 1509 24 1530 ²
142 1516 230 1565 eius
262 1521 530 1575 insignivele.
576 1521 637 1563 Ne
658 1521 826 1563 Petilius
849 1520 1015 1575 quidem
1037 1519 1226 1572 Cerialis,
1255 1532 1347 1561 cum
1379 1518 1490 1561 mille
1518 1517 1642 1572 equi-

140 1595 247 1637 tibus
273 1596 527 1649 praemissus
558 1600 601 1637 ut
632 1596 883 1638 transversis
915 1595 1132 1637 itineribus
1162 1607 1237 1649 per
1265 1606 1412 1649 agrum
1443 1593 1639 1650 Sabinum

141 1670 303 1729 Salaria
329 1671 397 1712 via
426 1671 572 1711 urbem
604 1671 810 1723 introir,et
842 1671 943 1712 satis
975 1674 1269 1723 maturaverat,
1303 1669 1440 1712 donec
1473 1668 1639 1718 obsessi

290 1897 320 1930 1.
345 1906 456 1941 prave
482 1895 547 1930 Ma.

381 1944 413 1977 7.
444 1944 655 1977 validissime
682 1943 746 1978 Ma.

143 1992 199 2025 14.
228 1991 312 2035 eplis
339 2001 417 2024 cum
442 1992 506 2026 lin.
532 1990 596 2025 Ma.

142 2043 291 2084 teyeret,
319 2044 357 2072 ut
383 2040 418 2073 in
446 2040 473 2073 G
499 2045 533 2073 et
561 2039 837 2074 Oxoniensibus.

141 1942 192 1976 tia
217 1941 281 1976 ma.

211 2187 377 2221 adversus
402 2187 466 2222 tris
493 2187 674 2222 cohortes:
703 2188 792 2222 haec
810 2188 853 2222 ab

140 2235 184 2268 iis
210 2237 268 2280 qui
282 2236 429 2270 Antonii
454 2235 560 2270 Primi
588 2247 729 2271 causam
746 2242 853 2270 tuen-

139 2286 196 2316 tur
220 2283 400 2318 rhetorice
423 2286 541 2328 potius
559 2296 661 2330 quarn
689 2285 731 2319 ad
749 2285 853 2318 fidem

138 2341 253 2366 rerum
270 2334 558 2376 *pronuntiatum*
574 2337 628 2367 est
640 2336 652 2367 v:
678 2345 756 2367 nam
783 2334 853 2366 mi-

138 2379 220 2413 lites
247 2382 307 2425 qui
335 2380 549 2425 Capitolium
577 2387 612 2415 et
639 2383 759 2426 copias
787 2382 854 2415 Sa-

138 2427 214 2462 bini
230 2439 483 2475 expugnavere
501 2431 633 2474 quique
649 2440 732 2463 mox
747 2431 853 2464 etiam

138 2476 326 2510 victoriam
372 2479 550 2511 exercitus
586 2478 748 2512 Flaviani
784 2478 854 2511 ali-

136 2526 347 2569 quantisper
365 2526 491 2559 morati
517 2531 611 2568 sunt,
639 2526 732 2560 haud
748 2526 854 2559 dubie

137 2571 259 2616 plur'es
285 2573 387 2608 fuere
423 2585 527 2619 quam
564 2579 634 2607 tres
674 2574 851 2607 cohortes.

140 2620 310 2656 Vitellius
338 2622 432 2656 enim
459 2623 655 2656 Mevaniam
696 2633 855 2666 occupa-

137 2673 237 2703 turus
275 2681 319 2704 ex
353 2670 510 2704 sedecim
538 2670 744 2705 cohortibus
770 2671 855 2703 mil-

138 2717 283 2752 lenariis
308 2719 616 2762 praetorianorum
651 2730 671 2753 a
699 2730 738 2753 se
762 2719 854 2752 scri-

138 2766 282 2811 ptisffl.
310 2766 342 2800 11
367 2767 430 2811 93)
459 2767 745 2811 quattuordecim
774 2777 852 2800 cum

139 2814 301 2848 omnibus
336 2816 493 2859 equitum
537 2815 602 2849 alis
639 2821 674 2849 et
706 2815 853 2861 legione

140 2861 288 2896 classica
316 2863 358 2896 ad
377 2854 610 2897 obsidendum
625 2864 853 2908 Apenninum

138 2911 337 2953 praemisit,
373 2911 417 2944 ad
440 2912 564 2946 urbem
598 2912 764 2947 tuendam
791 2922 855 2946 ce-

140 2963 234 2994 teras
262 2959 426 2994 cohortes
469 2962 655 3006 (quattuor
689 2960 854 3004 uibanas,

618 1897 652 1933 3.
678 1896 774 1941 eplas
801 1906 880 1930 cum
907 1895 970 1929 lin.
998 1895 1062 1930 Ma.
1139 1896 1173 1930 4.

1203 1895 1317 1941 'fitium
1342 1893 1409 1931 Ma.
1483 1895 1518 1931 5.
1549 1905 1639 1941 yra-

846 1944 881 1978 8.
909 1944 1054 1977 abscisis
1081 1943 1184 1976 Gilla:
1212 1944 1374 1978 abscissis
1401 1942 1637 1978 oxonienses.

690 1994 744 2027 15.
771 1998 908 2037 reqeret
934 1991 1009 2026 Ma:
1050 1993 1204 2026 correxit
1228 1991 1397 2034 Pichena,
1423 1996 1506 2026 ante
1534 2002 1639 2037 quem

925 2187 1010 2222 duas
1036 2188 1250 2234 praetorias)
1265 2187 1374 2221 Lucio
1392 2188 1540 2223 Vitellio
1570 2187 1638 2223 de-

925 2237 999 2270 dit:
1042 2237 1083 2269 H.
1111 2235 1158 2269 111
1186 2236 1243 2270 55.
1303 2236 1371 2271 Sed
1410 2237 1488 2281 ipse
1520 2236 1639 2272 taedio

925 2290 1117 2319 castrorum
1162 2295 1241 2318 cum
1281 2294 1324 2317 eo
1363 2286 1523 2319 exercitu
1548 2286 1640 2320 Nar-

923 2335 1017 2367 niam
1044 2333 1232 2375 discessit,
1260 2332 1321 2366 ubi
1350 2338 1487 2377 partem
1514 2334 1641 2379 copia-

923 2393 998 2415 rum
1028 2392 1106 2414 curn
1136 2381 1328 2425 praefectis
1355 2383 1524 2425 praetorii
1551 2383 1641 2417 reli-

924 2431 1022 2475 quit,
1066 2440 1129 2463 sex
1157 2429 1324 2463 cohortes
1361 2435 1397 2463 et
1423 2431 1641 2476 quingentos

925 2480 1064 2522 equites
1100 2482 1136 2510 et
1160 2477 1307 2510 Lucium
1340 2478 1525 2512 Vitellium
1564 2479 1641 2513 fra..

924 2531 1012 2559 trem
1029 2525 1211 2570 ingruenti
1228 2535 1290 2568 per
1301 2524 1528 2570 Campaniam
1543 2522 1640 2561 bello

923 2574 1112 2618 opposuit,
1140 2578 1279 2607 ceteros
1305 2584 1427 2608 secum
1453 2575 1488 2607 in
1517 2575 1641 2610 urbem

924 2621 1086 2656 reduxit:
1110 2621 1151 2656 H.
1178 2621 1303 2656 11158.
1331 2622 1423 2656 Hinc-
1448 2627 1546 2667 patet
1563 2625 1640 2658 eius

926 2671 1116 2712 exercitus,
1144 2671 1203 2715 qui
1233 2669 1382 2704 Vitellio
1411 2671 1454 2704 ad
1476 2671 1640 2716 Apenni-

924 2729 1007 2752 num
1034 2718 1275 2762 proficiscenti
1303 2718 1424 2763 (H.ltl
1448 2720 1493 2754 55
1521 2725 1557 2754 et
1573 2720 1639 2766 56)

922 2767 1081 2811 parebat,
1113 2772 1209 2801 certe
1236 2768 1377 2801 tertiam
1404 2772 1539 2812 partem
1566 2767 1641 2802 Ro..

923 2826 1001 2849 mae
1041 2815 1173 2858 fuisse,
1212 2826 1290 2849 cum
1320 2815 1536 2860 Capitolium
1574 2827 1641 2851 ex-

925 2869 1152 2908 pugnaretur.
1209 2862 1253 2897 Ut
1279 2864 1389 2908 igitur
1414 2865 1640 2899 Antonianae

925 2922 1055 2946 causae
1085 2912 1295 2947 defensores
1333 2922 1408 2945 rem
1442 2912 1535 2947 ultra
1572 2923 1642 2946 ve-

924 2970 1000 2994 rum
1027 2965 1181 3007 augent,
1214 2959 1275 2995 ubi
1301 2959 1423 2994 dicunt
1448 2961 1641 3003 munitissi-

1420 1147 1539 1197 Haud
1570 1147 1640 1202 sa—
1683 1152 1687 1156 '

1675 1629 1768 1665 {tw

87 1749 128 1780 20
141 1726 332 1799 Capitolii
360 1744 467 1786 sama
500 1749 675 1787 cunctos
707 1745 828 1786 simul
860 1745 1032 1787 exciret.
1074 1745 1281 1788 Antonius
1302 1756 1378 1798 per
1383 1736 1638 1794 Flaminiam
1651 1740 1708 1779 ⁷9

1654 2755 1712 2870 ll
