1768 3216
748 202 836 240 Car.
864 206 1020 242 34-35.
1579 211 1628 243 55

125 317 257 379 mul
284 322 408 374 atque
437 320 480 361 in
511 321 732 364 Herculem
762 322 927 376 inquiri.
978 323 1077 365 Mox
1097 335 1220 365 nemo
1254 324 1496 378 temptavit,
1526 336 1629 366 san-

74 407 83 413 ·
125 390 323 448 „utiusque
370 407 422 436 ac
470 396 731 438 reverentius
779 397 911 438 visum
967 397 1021 438 de
1071 397 1176 439 actis
1228 397 1402 440 deorum
1452 398 1627 442 credere

133 479 256 524 quam
283 469 410 512 scire.

61 551 121 616 35
167 570 170 572 ,

264 543 475 586 Hactenus
506 543 551 584 in
591 544 855 586 occidentem
896 545 1158 588 Germaniam
1202 547 1407 588 novimus.

125 618 408 673 ptentrionem
437 618 597 673 ingenti
625 619 736 660 flexu
766 619 887 663 redit.

1466 545 1512 587 ln
1554 558 1629 588 se-

947 619 1011 661 Ac
1040 620 1174 674 primo
1204 621 1341 662 statim
1364 620 1659 662 Chaucorums

127 705 251 748 gens,
283 705 529 747 quamquam
560 693 731 747 incipiat
757 707 780 734 a
811 694 957 735 Frisiis
994 707 1044 735 ac
1075 699 1234 749 partem
1265 695 1400 736 litoris
1435 698 1625 748 occupet,

129 767 316 810 omnium
347 779 450 822 quas
482 768 657 821 exposui
686 769 872 823 gentium
900 769 1099 811 lateribus
1128 769 1381 822 obtenditur,
1414 769 1551 811 donec
1584 770 1625 810 in

127 841 300 884 chattos
344 853 476 896 usquc
516 842 717 884 sinuetur.

793 843 891 885 Tam
930 843 1172 885 immensum
1211 847 1416 885 terrarum
1450 843 1626 898 spatium

129 926 215 959 uon
245 918 387 957 tenent
415 919 572 958 tantum
599 916 769 968 Chauci,
801 916 877 958 sed
909 921 949 958 et
978 917 1162 970 implent,
1192 917 1369 970 populus
1391 917 1500 958 inter
1518 917 1629 959 Ger-

126 1001 275 1032 manos
304 989 605 1043 nobilissimuS‚
637 991 789 1044 quique
818 990 1148 1045 magnitudinem
1179 1003 1295 1033 suam
1327 990 1440 1032 malit
1470 991 1628 1033 iustitia
1646 1005 1685 1034 ω

225 1149 258 1183 1.
275 1153 359 1183 tent.
377 1148 415 1182 P.

125 1196 283 1242 6.·Ῑνὶεἰς
307 1196 347 1232 Ρ.

126 1245 239 1292 t‘plent
261 1245 298 1280 P.

125 1298 259 1341 puncto
282 1295 469 1340 supposito
495 1295 532 1328 in
556 1294 669 1328 malit.

405 1197 439 1231 7.
469 1197 668 1242 optenditur
693 1197 730 1231 P.

123 1434 302 1477 scribere,

123 1495 191 1518 nec
215 1483 327 1529 defait
357 1482 527 1516 audentia
562 1482 699 1524 Druso,
742 1482 835 1516 Ger-

123 1531 297 1568 mico?
339 1531 451 1565 Secus
479 1535 545 1565 est.
599 1531 739 1574 Quippe
765 1530 835 1563 Ta-

102 1582 229 1624 citus,
257 1580 319 1626 qui
346 1578 454 1613 nullis
479 1579 719 1613 distinctionis
738 1579 834 1612 notis

122 1631 177 1664 uti
196 1629 327 1673 potuit,
353 1628 510 1662 lectores
529 1638 613 1662 suos
632 1626 835 1661 turbaturus

124 1683 162 1713 et
198 1677 290 1712 falsa
322 1677 376 1710 eis
413 1676 703 1721 suppeditaturus
745 1680 833 1716 erat,

118 1727 312 1773 idemque,
356 1735 427 1770 quo
462 1726 656 1769 praecipue
700 1724 835 1758 attendi

123 1775 248 1817 velim,
274 1775 312 1808 iu
338 1784 449 1818 opere
470 1784 550 1807 cum
565 1773 755 1819 Germania
780 1774 834 1805 si-

123 1823 196 1858 mul
220 1822 392 1869 evulgato
412 1822 564 1856 Drusum
579 1822 724 1856 vocavit
738 1820 837 1854 Dru-

123 1882 199 1906 sum
226 1871 491 1909 Germanicum,
531 1869 612 1904 dico
639 1869 681 1904 H.
714 1869 743 1903 V
773 1869 836 1903 19:

124 1922 208 1966 qm'n
235 1925 269 1954 et
293 1919 401 1954 diruit
424 1919 549 1952 motem
573 1929 597 1951 a
613 1918 726 1951 Druso
745 1917 837 1951 Ger-

122 1970 265 2004 manico
307 1970 453 2013 factam.
502 1966 628 2013 ltaque
674 1966 718 1999 ad
756 1965 837 1999 evi-

123 2017 265 2052 tundam
301 2016 556 2050 obscuritatem
597 2017 837 2049 connectente

123 2062 301 2111 particula
324 2075 429 2111 quam
458 2065 613 2107 maxime
638 2073 729 2107 opus
748 2066 834 2096 erat.

125 2112 180 2149 Cf.
207 2111 223 2148 Ι
248 2114 288 2149 3:
319 2113 569 2148 Germanicum
589 2113 705 2154 Druso
724 2117 838 2144 ortum

124 2167 201 2197 octo
225 2161 320 2208 apud
347 2162 509 2196 Rhenum
545 2160 740 2205 legionibus
768 2160 837 2193 im·-

120 2211 261 2257 posait;
296 2210 328 2244 lt
365 2210 410 2244 8:
454 2215 686 2255 precatusque
726 2208 838 2253 (Ger-

123 2261 304 2304 manicus)
343 2258 497 2292 Drusum
534 2263 672 2302 patrem
719 2262 756 2290 ut
802 2268 838 2289 se

126 2307 246 2342 eadem
287 2317 411 2340 ausum
458 2305 569 2338 libens
610 2305 838 2350 placatusque

127 2354 282 2401 exemplo
322 2365 367 2387 ac
405 2354 575 2387 memoria
613 2352 839 2386 conuitiorum

125 2410 229 2450 atque
253 2412 397 2448 operum
410 2403 559 2436 iuvaret.
599 2401 695 2434 ldem
713 2401 838 2433 vitium

126 2453 305 2488 commisit
329 2451 493 2485 librarius
519 2449 597 2484 xut
624 2450 671 2484 55

193 2547 280 2593 Cap.
307 2549 365 2583 35.
415 2549 455 2581 in
481 2547 751 2593 septentrionem
781 2546 839 2578 in-

125 2598 223 2644 genti
259 2598 353 2642 flexu
402 2596 513 2630 redit:
558 2594 743 2639 praeclare
787 2594 840 2626 si-

128 2645 316 2692 gnificavit
341 2643 605 2678 Chersonesum
622 2642 836 2676 Cimbricam

129 2692 322 2738 (Danicam
356 2691 625 2736 paeninsulam,
669 2690 839 2732 Holstein,

128 2741 340 2786 Schteswt'y,
378 2737 546 2787 Juttand)
572 2738 682 2784 longe
711 2739 746 2772 in
775 2749 836 2772 se-

128 2790 369 2835 ptentrionem
397 2792 645 2822 excurrentem
672 2793 709 2822 et
734 2787 841 2820 rede-

130 2842 252 2872 untem
277 2838 347 2879 ita,
381 2842 418 2870 ut
446 2837 530 2871 litus
559 2840 744 2881 postquam
773 2836 841 2868 im-

130 2897 291 2921 mensum
306 2887 494 2931 procurrit,
511 2889 696 2920 revectum
714 2884 840 2919 eodem

105 2944 115 2949 ’
130 2939 244 2971 tractu
270 2933 419 2970 tendere
444 2937 606 2980 pergat„

353 1438 391 1468 ut
434 1433 522 1467 fecit
562 1433 831 1475 Doederlinius‚
867 1447 869 1451 ¹

476 1150 510 1183 5.
541 1159 732 1183 caucorum
760 1148 795 1183 h.
823 1149 846 1182 1.
874 1149 938 1183 sed
953 1159 1036 1182 mox
1052 1149 1180 1183 chauci
1192 1153 1228 1183 et
1249 1160 1280 1183 e.
1297 1149 1344 1184 36
1359 1149 1572 1185 chaucorum
1586 1150 1622 1185 P.

795 1197 829 1231 8.
857 1209 941 1231 nam
966 1208 1142 1242 superscr.
1171 1197 1214 1231 ab
1244 1197 1291 1231 al.
1316 1208 1362 1231 m.
1391 1204 1463 1235 tam
1488 1199 1524 1232 P.
1589 1199 1624 1234 9.

396 1246 452 1281 10.
480 1246 642 1290 primitus
667 1247 704 1279 in
730 1246 756 1280 P
781 1246 918 1288 maluit,
947 1247 1041 1291 qnod
1072 1250 1246 1280 mutatum
1272 1246 1310 1280 in
1341 1246 1466 1281 malint
1494 1252 1530 1281 et
1559 1247 1628 1281 hoc

974 1433 1199 1467 Chaucorum
1213 1445 1321 1478 qens:
1348 1435 1442 1468 inter
1455 1435 1625 1469 Amisiam

907 1486 943 1516 ct
967 1481 1100 1515 Albim.
1139 1482 1297 1516 Maiores
1323 1482 1404 1516 data
1431 1485 1624 1518 occasione

908 1531 1052 1564 vocavit
1078 1529 1124 1563 XI
1154 1531 1208 1565 19.
1268 1529 1320 1564 Ob
1348 1531 1420 1565 alia
1448 1531 1493 1565 de
1506 1531 1628 1566 Chau-

907 1580 959 1613 cis
984 1590 1005 1612 a
1030 1579 1151 1612 Tacito
1188 1578 1316 1612 tradita
1353 1590 1388 1613 v.
1430 1579 1504 1613 tud.
1542 1580 1625 1614 hist.

905 1627 1006 1660 Adde
1043 1627 1239 1661 Ptolemaei
1274 1626 1304 1660 11
1343 1629 1383 1661 11
1416 1629 1482 1661 ll:
1527 1623 1623 1676 μετὰ

907 1675 948 1711 δὲ
977 1676 1135 1714 τούτους
1159 1677 1260 1719 (post
1277 1675 1470 1710 Bructeros
1491 1680 1527 1710 et
1553 1676 1623 1711 flu-

907 1734 988 1757 men
1013 1724 1204 1769 Amisiam)
1246 1725 1399 1770 Καῦχοι
1427 1726 1466 1775 οῤ
1488 1729 1625 1773 μικροὶ

905 1774 1018 1820 μέχρι
1046 1773 1114 1807 τοῦ
1143 1771 1401 1818 Ουίσούργιος
1428 1776 1622 1821 ποταμοῦ,

908 1821 987 1856 εἶτα
1028 1820 1182 1865 Καῦχοι
1230 1821 1269 1854 οἱ
1315 1823 1468 1869 μείζους
1506 1825 1625 1869 μέχρι

906 1872 973 1904 τοῦ
990 1868 1141 1916 Ἀλβιος
1166 1870 1357 1916 ποταμοῦ.
1387 1868 1523 1903 Plinius
1538 1870 1619 1904 XVI

910 1920 950 1952 1:
977 1923 1057 1951 sunt
1080 1928 1164 1951 vero
1191 1918 1233 1950 in
1256 1918 1493 1963 septentrione
1525 1919 1623 1953 visae

906 1966 1005 1999 nobis
1047 1966 1270 2000 Chaucorum
1313 1968 1521 2012 (gentes),
1566 1969 1625 2011 qui

906 2015 1060 2048 maiores
1106 2017 1327 2059 minoresque
1382 2014 1620 2060 appellantur.

914 2063 1018 2097 Vasco
1043 2063 1094 2096 ibi
1119 2068 1234 2096 meatu
1263 2063 1313 2096 bis
1340 2062 1475 2096 dierum
1503 2064 1624 2097 nocti-

906 2122 1029 2156 umque
1055 2110 1275 2156 sinqularum
1306 2111 1504 2145 intervallis
1532 2113 1624 2158 effu-

907 2172 964 2194 sus
987 2161 1026 2193 in
1057 2161 1260 2193 immensum
1294 2160 1413 2204 aqimu-
1450 2159 1625 2193 Oceanus.

909 2230 955 2236 —-
982 2207 1064 2242 Illic
1088 2210 1218 2241 misera
1242 2219 1328 2253 qens
1354 2207 1500 2241 tumulos
1528 2207 1623 2241 olm·-

908 2262 965 2290 net
1014 2255 1104 2290 altos
1151 2262 1211 2289 anet
1256 2255 1451 2288 tribunalia
1491 2261 1626 2289 structa

907 2304 1066 2337 manibus
1105 2304 1153 2336 aa
1188 2304 1427 2348 experimenta
1466 2302 1628 2336 altissimi

909 2358 1047 2391 aestus,
1095 2352 1187 2384 casis
1233 2351 1286 2384 ita
1323 2351 1493 2396 impositis
1554 2356 1623 2385 cet.

913 2401 1008 2435 ldem
1037 2399 1200 2433 Chaucos
1228 2403 1393 2433 recenset
1419 2398 1468 2432 lv
1495 2399 1553 2434 29.

975 2471 1143 2505 lateribus
1169 2470 1386 2504 obtenditur:
1413 2470 1463 2503 ita
1489 2470 1622 2503 obten-

911 2520 1016 2561 ditur,
1042 2525 1080 2553 ut
1107 2521 1143 2553 in
1170 2519 1283 2552 latere
1310 2518 1510 2552 occidentis
1529 2529 1625 2564 gen-

911 2573 963 2602 tes
990 2567 1088 2610 illae,
1117 2569 1153 2601 in
1182 2567 1322 2601 oriente
1350 2566 1485 2600 Chauci
1517 2565 1621 2599 habi-

910 2621 999 2651 tent.
1075 2618 1113 2650 in
1141 2616 1284 2650 Chattos
1310 2626 1414 2659 usque
1440 2615 1616 2647 sinuetur.-

912 2666 1061 2700 extremi
1103 2664 1327 2698 Chaucorum
1373 2662 1416 2695 ad
1459 2661 1626 2703 Chattos,

911 2714 970 2748 ubi
1002 2714 1113 2747 Verra
1141 2712 1287 2753 fluvius,
1323 2722 1341 2743 a
1374 2710 1628 2753 septentrione

911 2761 953 2795 ad
981 2761 1167 2795 meridiem
1196 2762 1417 2804 procurrunt.

984 2833 1106 2875 quique
1134 2851 1178 2857 --
1204 2829 1303 2864 malit
1334 2829 1471 2863 iustitia
1506 2828 1626 2862 tueri:

912 2880 1061 2914 eandem
1113 2879 1204 2912 hanc
1248 2878 1466 2923 aequitatem
1521 2878 1628 2910 etiam

912 2927 1019 2963 hodic
1064 2931 1190 2963 tenent
1232 2927 1335 2974 regui
1373 2925 1627 2960 Haunovcrani
