1768 3216
12 156 93 229 ΑΔ
123 210 127 215 ·
160 141 461 227 affluam
495 165 614 221 ὅμως)
658 151 706 207 ,ὦ
748 153 933 198 Ἄρη-..ι

150 251 173 277 ι
197 239 237 277 G.
265 240 326 278 69.
659 240 796 277 LIBER
822 241 859 286 L,
903 240 989 276 Cn.

25 267 521 368 wstwssx'ssiff
768 282 972 331 :mgna

147 359 325 414 imper1o
357 359 455 401 laeti
486 371 562 414 per
592 359 734 401 turbas
777 363 817 400 et
858 364 997 414 raptus
1037 360 1203 403 facilius
1253 361 1305 403 ad
1345 362 1470 404 civile
1508 361 1662 404 bellum

149 419 490 489 ἰιῐῖῑῖὲῖἷὲτθηῐιιη
529 434 651 476 simul
682 438 879 488 reputans
911 447 995 476 non
1025 448 1152 489 posse
1181 437 1460 491 principatum
1498 437 1662 479 scelere

149 510 382 564 quaesitum
419 509 556 551 subita
597 509 802 551 modestia
847 514 887 552 et
932 510 1073 564 prisca
1103 512 1313 566 gravitate
1341 512 1539 565 retineri,
1585 511 1662 554 sed

148 583 392 626 discrimine
430 584 546 626 urbis
593 589 634 625 et
675 585 863 638 periculo
912 589 1082 627 senatus
1132 587 1305 639 anxius,
1348 591 1560 643 postremo
1604 587 1661 629 ita

149 659 362 701 disseruit.
411 656 570 713 ‘Neque
600 664 645 700 ut
676 660 866 702 adfectus
898 665 1064 702 vestros
1097 660 1138 702 in
1171 674 1357 703 amorem
1390 662 1471 703 mei
1503 673 1694 704 accen-s

149 734 308 787 derem,
340 734 663 787 commilitones,
696 747 832 789 neque
863 739 907 776 ut
937 736 1119 778 animum
1150 737 1201 779 ad
1234 737 1427 779 virtutem
1460 737 1663 779 cohorta-

147 822 218 852 rer
247 813 444 863 (utraque
475 809 586 851 enim
618 810 793 864 egregie
833 815 1103 863 supersunt),
1142 811 1217 852 sed
1248 812 1346 852 veni
1377 811 1660 865 postulaturus

147 897 172 927 a
193 884 314 926 vobis
335 888 703 938 temperamentum
734 889 900 926 vestrae
931 884 1187 931 fortitudinis
1220 890 1260 927 et
1283 898 1384 940 erga
1405 899 1470 928 mc
1494 886 1663 944 modum
1738 882 1765 927 ἵν

147 959 347 1002 caritatis.
407 959 620 1001 Tumultus
658 960 838 1013 proximi
880 960 1041 1002 initium
1081 972 1166 1002 non
1207 961 1403 1015 cupidine
1446 961 1511 1002 vel
1545 960 1660 1014 odio,

152 1046 259 1088 quae
290 1034 442 1076 multos
475 1034 685 1076 exercitus
718 1035 759 1075 in
793 1034 1048 1077 discordiam
1087 1048 1240 1091 egere,
1285 1048 1333 1078 ac
1365 1048 1418 1076 ne
1449 1035 1663 1078 detrecta-
1676 1049 1716 1078 ιο

147 1110 261 1150 tione
293 1109 459 1163 quidem
491 1113 560 1151 aut
590 1109 814 1151 formidine
845 1110 1152 1164 periculorum:
1194 1111 1320 1152 nimia
1351 1111 1486 1165 pietas
1518 1115 1658 1153 vestra

147 1184 286 1227 acrius
317 1196 439 1245 quam
471 1185 738 1226 considerate
770 1185 984 1227 excitavit.
1044 1185 1148 1228 Nam
1179 1197 1307 1240 saepe
1354 1185 1552 1227 honestas
1583 1197 1659 1227 re-

146 1240 446 1313 rum—'causam
484 1261 526 1301 ni
566 1260 767 1302 iudicium
810 1261 1035 1313 adhibeas,
1069 1261 1299 1315 perniciosi
1333 1262 1469 1303 exitus
1503 1273 1662 1302 conse-

150 1340 342 1390 quuntur.
386 1336 496 1377 lmus
528 1336 580 1378 ad
603 1336 770 1378 bellum.
822 1335 928 1378 Num
962 1348 1109 1378 omncs
1141 1337 1309 1377 nuntios
1339 1336 1475 1391 palam
1508 1335 1659 1388 audiri,

151 1411 289 1453 omnia
321 1382 1014 1465 conffiraesentibus
1057 1411 1227 1453 tractari
1268 1411 1377 1452 ratio
1419 1424 1560 1453 rerum
1592 1415 1715 1454 autis

150 1486 422 1528 occasionum
452 1486 655 1528 velocitas
686 1487 870 1541 patitur?
930 1486 1028 1528 Tam
1069 1487 1237 1529 nescire
1269 1486 1474 1540 quaedam
1507 1486 1660 1528 milites
1688 1474 1768 1549 ζῗἺ

151 1544 635 1616 ιιιιειῐηῗόἰτό””οροι·ῑεῐ.
698 1561 758 1603 Ita
789 1574 837 1603 se
869 1561 1021 1604 ducum
1053 1562 1306 1615 auctoritas,
1348 1563 1411 1603 sic
1443 1563 1562 1617 rigor
1593 1562 1706 1626 ‘¹5³2
1736 1547 1757 1620 ’θ

148 1636 351 1692 sciplinae
385 1637 527 1689 habet,
558 1640 603 1678 ut
633 1636 757 1679 multa
791 1638 915 1678 etiam
956 1637 1225 1679 centuriones
1258 1636 1532 1690 tribunosque
1563 1640 1660 1678 tan-
1680 1625 1705 1633 ‘⁴
1731 1621 1759 1657 ³

1018 241 1177 278 8.2—83
1614 247 1663 280 89

262 1793 293 1826 1.
319 1792 391 1837 inp.
420 1789 487 1826 Ma.

152 1841 208 1876 10.
237 1852 319 1887 cyre
346 1838 410 1874 Ma.

153 1888 192 1924 G.
297 1890 352 1926 13.
380 1895 614 1924 consecuntur
639 1888 706 1924 Ma.

550 1792 584 1826 5.
613 1793 674 1838 aff.
697 1791 755 1826 Or.
807 1792 841 1827 9.
869 1791 1021 1836 cupidite
1047 1790 1113 1833 Ma,
1143 1791 1171 1826 G
1198 1793 1399 1838 cupiditate,
1427 1791 1458 1825 A
1485 1790 1659 1836 cupidine.

493 1841 546 1875 12.
575 1841 797 1875 considerate
823 1840 1048 1874 waltherus:
1080 1841 1282 1874 considerat
1310 1840 1375 1884 Ma,
1404 1839 1661 1875 consideratius

810 1888 866 1924 16.
893 1889 1041 1935 quedam
1065 1888 1132 1923 Ma.

148 2043 184 2075 et
209 2047 294 2072 suos
322 2037 457 2072 milites
495 2047 566 2071 non
608 2038 748 2072 cadere.
812 2038 867 2072 Ad

147 2097 252 2134 quarn
291 2086 465 2129 formam,
507 2086 550 2120 ad
592 2087 789 2132 cupidinem
823 2098 867 2120 an

937 2038 1092 2085 Reisigii
1119 2036 1388 2071 Praelectiones
1424 2036 1467 2071 de
1506 2036 1658 2070 doctrin.

939 2098 1046 2121 serm.
1079 2086 1197 2120 Latin.
1234 2087 1270 2129 §.
1299 2085 1370 2121 226
1405 2090 1440 2119 et
1468 2085 1589 2119 Haasii
1617 2084 1661 2118 ad

148 2136 382 2181 cupiditatem,
415 2136 566 2169 Medicei
587 2137 761 2180 scriptura
781 2146 867 2180 pro-

149 2187 228 2231 pius
255 2184 416 2227 accedat,
444 2184 594 2218 difficile
623 2185 721 2218 dictu
751 2189 816 2219 est.

219 2234 347 2267 acrius
374 2245 477 2277 quam
507 2234 728 2267 considerate
767 2234 867 2267 exci-

147 2284 232 2318 tavit
246 2293 257 2314 .·
286 2281 539 2315 consuetudini
557 2281 705 2315 Latinae
727 2287 761 2315 et
777 2293 867 2315 con-

148 2333 277 2366 cinnae
302 2335 502 2364 struet-urae
529 2331 644 2374 magis
674 2330 868 2375 respondet

149 2392 252 2425 quam
278 2379 559 2420 consideratius,
600 2379 694 2424 quod
719 2379 868 2423 praebet

147 2429 279 2475 vulgus
306 2426 489 2461 librorum.
543 2426 601 2460 Sic
631 2427 691 2461 XV
717 2429 760 2463 3:
804 2439 867 2461 oc-

148 2478 238 2512 culto
262 2482 464 2522 praecepto,
491 2477 712 2521 compositius
740 2483 867 2511 cuncta

147 2538 250 2571 quam
290 2525 517 2570 festinantius
543 2531 702 2570 agerent.
763 2526 804 2559 H.
834 2526 865 2559 11

146 2576 222 2610 24:
270 2585 485 2619 recuperare
534 2573 687 2619 yloriam
729 2575 867 2608 avidius

77 2633 84 2638 ·
147 2635 250 2669 quam
276 2622 466 2656 consultius
481 2623 710 2667 properabat.
743 2623 781 2657 G.
797 2623 865 2658 36:

146 2672 248 2716 idque
283 2671 470 2704 iucundius
508 2681 610 2714 quam
646 2672 750 2706 tutius
785 2672 864 2717 suit.

148 2719 217 2754 Sed
242 2720 334 2754 hanc
360 2720 472 2763 ipsam
496 2720 775 2754 concinnitatem
796 2720 866 2754 ali-

148 2769 289 2814 quoties
323 2767 519 2801 declinavit
545 2766 711 2810 Tacitus,
751 2768 864 2803 veluti

148 2817 232 2861 Agr.
262 2816 305 2851 4:
354 2816 587 2850 vehementius
628 2828 731 2861 quam
764 2823 866 2851 caute

149 2864 342 2909 appetebat.
396 2863 500 2897 Conf.
533 2869 654 2899 annot.
694 2865 736 2898 ad
765 2865 779 2898 1
806 2866 863 2900 57.

150 2911 355 2947 Waltherus
381 2912 424 2946 ad
452 2912 485 2946 h.
509 2912 518 2945 l
560 2915 762 2947 sententiae
789 2913 865 2947 dis-

150 2962 282 2996 crimen
309 2960 484 3006 quoddam
515 2966 664 3007 utraque
686 2966 863 2996 structura

148 3009 311 3045 denotari
336 3011 571 3053 asseveravit,
600 3020 670 3044 non
691 3020 800 3053 vere3
829 3020 862 3044 v.

939 2136 1041 2170 illum
1068 2135 1092 2169 l.
1123 2140 1245 2169 annot.
1270 2135 1323 2168 Ex
1351 2133 1462 2168 verbo
1493 2134 1662 2168 excitavit

939 2182 1016 2220 ἀπὸ
1053 2186 1186 2220 κοινοῦ
1234 2188 1316 2228 post
1363 2188 1424 2216 aut
1471 2183 1660 2227 formidine

935 2233 1176 2280 periculorum
1201 2231 1481 2278 intelligendum
1521 2232 1660 2266 excita-

940 2289 1010 2317 tum
1041 2287 1100 2315 est.

1012 2331 1236 2364 occasionum
1261 2328 1428 2363 velocitas
1443 2339 1455 2361 .·
1492 2330 1660 2363 occasio..

939 2390 1003 2413 nes
1029 2379 1208 2413 velociter
1235 2377 1478 2422 occupandae.
1515 2378 1661 2422 Thucy-

938 2428 1028 2462 didis
1056 2428 1190 2461 dictum
1217 2426 1320 2461 1142
1347 2431 1530 2470 comparat
1559 2427 1660 2460 Doe-

938 2476 1134 2510 derlinius:
1163 2478 1203 2511 οἱ
1227 2472 1306 2523 γὰρ
1333 2478 1464 2520 καιροὶ
1491 2477 1568 2512 τῶν
1587 2489 1660 2512 πο·

937 2528 1062 2574 λὲμων
1089 2525 1133 2561 οὐ
1156 2528 1322 2573 μενειοί.

1000 2580 1038 2608 ut
1062 2574 1173 2608 multa
1191 2575 1296 2607 etiam
1325 2574 1549 2607 centuriones
1567 2577 1658 2607 cet.:

933 2621 991 2655 ‘ea
1003 2622 1154 2658 Othonis
1176 2633 1277 2656 mens
1303 2626 1358 2655 est
1377 2627 1414 2655 ut
1436 2621 1526 2656 velit
1545 2632 1659 2666 quac-

937 2670 1017 2705 dam
1044 2673 1195 2716 imperia
1223 2670 1494 2705 centurionibus
1523 2674 1659 2703 tantum

937 2720 1162 2765 tribunisque
1190 2719 1363 2760 indicari,
1397 2728 1466 2751 non
1495 2719 1529 2751 in
1560 2718 1658 2751 mili-

938 2773 991 2802 tes
1022 2769 1167 2814 spargi’.
1206 2768 1362 2801 ΙΛΡειιιε.
1425 2766 1577 2799 Fallitur
1604 2767 1660 2799 vir

937 2819 1127 2863 egregius:
1170 2816 1239 2849 hoc
1267 2814 1360 2849 Otho
1387 2814 1500 2856 dicit,
1529 2819 1660 2848 centu-

934 2866 1055 2898 riones
1096 2864 1185 2898 adeo
1226 2863 1461 2907 tribunosque
1499 2862 1611 2897 nmlta
1639 2873 1660 2896 a

935 2913 1026 2946 duce
1054 2912 1170 2946 iuberi
1209 2912 1358 2945 rationis
1385 2912 1550 2956 ignaros,
1588 2922 1658 2945 ne-

935 2961 1016 2994 dum
1042 2959 1217 2994 militibus
1253 2959 1410 2993 omnium
1448 2969 1540 3006 quae
1580 2959 1659 2995 fieri

935 3008 1089 3044 debeant
1120 3018 1227 3044 causa
1264 3012 1300 3043 et
1324 3009 1414 3043 ratio
1445 3010 1658 3054 exponatur-L
