1768 3216
164 251 237 289 234
714 255 718 260 ·
742 239 1055 278 nisromAnvu
1437 250 1470 276 a.
1496 247 1534 274 u.
1560 238 1646 276 822.
1713 224 1716 226 ’

160 368 351 411 cohortes
377 363 606 407 Ariminum
646 359 895 415 praemittit,
935 359 1041 401 alam
1071 357 1179 399 tueri
1209 361 1331 412 terga
1371 357 1512 400 iubet:
1558 356 1649 411 ipse

157 443 270 484 flexit
298 442 338 480 in
369 437 574 480 Umbriam
605 440 728 490 atque
755 435 855 478 inde
884 435 1114 486 Etruriam,
1157 433 1228 475 uhi
1274 433 1446 487 cognito
1481 439 1649 487 pugnae

157 513 447 558 Cremonensis
478 515 629 554 eventu
660 522 746 553 non
774 511 971 566 ignavum
1011 514 1071 562 et,
1112 509 1148 551 si
1187 507 1480 563 provenisset,
1529 510 1650 549 atrox

153 587 368 631 consilium
407 587 519 639 iniit,
569 591 614 627 ut
657 586 833 640 arreptis
879 585 1054 627 navibus
1085 584 1128 625 in
1158 593 1460 638 quamcumque
1490 583 1649 638 partem

119 662 433 707 sNarbonensis
459 661 705 716 provinciae
732 669 931 715 egressus
971 659 1125 702 Gallias
1157 663 1198 700 et
1228 658 1438 700 exercitus
1456 660 1511 698 'et
1538 655 1650 698 Ger-

149 738 311 779 maniae
356 740 506 792 gentes
545 743 782 790 novumque
823 735 978 777 bellum
1019 734 1165 776 cieret.
1224 733 1429 788 Digresso
1473 730 1650 774 Valente
1664 732 1719 773 42

148 812 332 868 trepidos
360 811 428 867 qui
462 811 695 870 Ariminum
727 810 953 871 tenebant,
1001 809 1221 851 Cornelius
1253 809 1437 862 Fuscus,
1479 806 1648 850 admoto

149 887 336 928 exercitu
367 890 408 927 et
437 870 585 927 missis·
602 870 687 940 *per*
709 870 899 939 proxima
929 884 1096 927 litorum
1123 884 1383 936 Liburnicis,
1416 886 1530 924 terra
1556 893 1650 924 ma-

148 963 266 1016 rique
292 962 577 1002 circumvenit.
641 959 908 1014 Occupantur
937 960 1059 1014 plana
1081 959 1276 1002 Umbriae
1307 963 1348 1001 et
1374 970 1454 1013 qua
1473 956 1648 1001 Picenus

99 1047 136 1075 ιο
149 1049 252 1092 ager
284 1037 437 1079 Hadria
469 1036 658 1078 adluitur.
722 1035 949 1089 Omnisque
979 1035 1094 1077 ltalia
1125 1035 1234 1076 inter
1263 1034 1568 1089 Vespasianum
1599 1045 1649 1076 ac

149 1110 353 1154 Vitellium
389 1112 598 1166 Apennini
641 1111 751 1165 iugis
774 1104 1061 1152 dividebatur.
1112 1110 1276 1152 Fabius
1318 1108 1472 1152 Valens
1501 1120 1526 1151 e
1517 1108 1652 1178 ffiu

148 1187 295 1243 Pisano
327 1186 505 1241 segnitia
536 1185 662 1227 maris
702 1189 770 1227 aut
807 1185 1059 1228 adversante
1100 1189 1228 1227 vento
1258 1188 1420 1239 portum
1450 1182 1647 1226 Herculis

146 1261 340 1303 Monoeci
368 1261 598 1316 depellitur.
659 1260 777 1303 Haud
808 1260 956 1317 procul
987 1260 1086 1302 inde
1117 1260 1271 1315 agebat
1291 1259 1446 1302 Marius
1465 1259 1650 1302 Maturus

146 1335 323 1390 Alpium'
346 1336 642 1378 maritimarum
669 1316 943 1390 promor,
983 1335 1088 1377 fidus
1119 1334 1309 1387 Vitellio,
1350 1334 1469 1377 cuius
1501 1346 1652 1377 sacra-

97 1424 134 1454 ¹5
148 1415 327 1453 mentum
360 1412 520 1454 cunctis
551 1412 665 1454 circa
698 1411 917 1453 hostilibus
950 1411 1135 1452 nondum
1178 1413 1363 1452 exuerat.-
1425 1409 1464 1452 Is
1494 1409 1654 1452 Valen-

148 1490 230 1527 tem
261 1486 437 1527 comiter
469 1490 713 1540 exceptum,
747 1498 801 1527 ne
834 1486 1008 1528 Galliam
1042 1485 1361 1528 Narbonensem
1392 1489 1553 1526 temere
1583 1484 1654 1526 in-

145 1561 419 1615 grederetur,
469 1561 679 1603 monendo
721 1562 868 1603 terruit
879 1575 891 1613 3
937 1561 1057 1603 simul
1107 1564 1345 1602 ceterorum
1391 1559 1497 1602 fides
1541 1562 1654 1602 metu

20 1645 90 1699 2:⁴2.
146 1635 335 1694 infracta.
397 1637 583 1690 Namque
615 1637 907 1678 circumiectas
954 1636 1145 1678 civitates
1177 1639 1427 1690 procurator
1455 1634 1648 1677 Valerius

144 1711 351 1766 PaulinuS,
385 1715 579 1753 strenuus
608 1712 779 1754 militiae
813 1716 853 1753 et
879 1711 1140 1766 Vespasiano
1174 1715 1271 1753 ante
1303 1710 1511 1753 fortunam
1543 1709 1652 1753 ami-

280 1861 315 1894 3.
342 1858 468 1893 eventu
492 1858 557 1902 Ma,
585 1858 613 1893 G
638 1864 791 1893 euentus.
887 1859 922 1894 4.
951 1859 1164 1904 quamcu'que
1192 1856 1258 1892 Ma.
1359 1858 1392 1893 5.
1419 1857 1651 1893 ner-bonensis

147 1906 212 1941 Ma.
289 1907 324 1942 8.
349 1908 530 1953 proximas
555 1906 630 1942 Ma:
657 1907 685 1941 G
706 1908 882 1953 proxima.
974 1907 1008 1943 9.
1037 1911 1230 1952 occupatur
1255 1903 1330 1941 Ma:
1363 1905 1391 1940 G
1417 1911 1647 1953 occupantur.

153 1956 207 1990 10.
237 1955 382 1989 alluitur
409 1955 503 1990 GMa.
559 1957 613 1990 11.
641 1956 851 2001 appenninis
878 1954 943 1998 Ma,
971 1956 1133 2001 apeninis
1161 1954 1208 1998 G,
1234 1955 1403 1999 apoenini
1416 1954 1650 1990 Puteolanus.

148 2003 208 2087 ffd
232 2003 375 2085 inv-lacta
400 2003 470 2086 Μῃῗᾶ
491 2005 628 2038 intacta
654 2004 700 2038 G:
731 2005 890 2049 infracta
915 2004 1133 2039 Bodleianus
1164 2007 1199 2036 et
1225 2002 1394 2038 Pichena.
1511 2014 1652 2049 nanque

207 2076 214 2085 .
240 2063 287 2085 ua
304 2063 395 2086 erzos
475 2078 481 2085 .

219 2178 304 2223 Cap.
333 2180 393 2214 42.
439 2190 457 2213 e
482 2179 562 2214 sinu
591 2178 719 2213 Pisano
743 2181 862 2226 seqni-

148 2227 200 2262 tia
236 2229 346 2262 maris
399 2233 461 2262 aut
509 2228 720 2262 adversante
762 2235 863 2263 vento

143 2282 282 2322 portum
320 2276 481 2310 Herculis
511 2277 675 2311 Monoeci
715 2277 864 2324 depelli-

148 2330 229 2358 tur:
257 2337 274 2358 e
298 2326 378 2359 sinu
404 2325 532 2359 Pisano
559 2336 630 2359 non
657 2331 754 2360 arcte
779 2328 863 2360 iun-

147 2373 303 2418 gendum
331 2378 385 2408 est
421 2385 500 2408 cum
528 2375 639 2409 verbo
666 2374 862 2421 depellitur,

120 2465 122 2471 y
147 2421 210 2454 sed
236 2422 328 2455 idem
358 2422 503 2456 denotat
529 2429 635 2469 atque
663 2435 681 2457 e
706 2425 786 2458 sinu
801 2423 861 2457 Pi-

147 2480 234 2503 sano
270 2472 448 2515 profectus
487 2472 546 2506 vel
588 2483 692 2506 cursu
724 2484 741 2505 e
784 2473 863 2506 sinu

148 2517 277 2551 Pisano
314 2524 431 2563 coepto
472 2521 552 2565 (aus
585 2521 647 2553 der
685 2520 862 2566 Richtuny

147 2576 224 2599 vom
261 2565 491 2600 Pisaniscken
532 2568 738 2601 Mem-husen
774 2569 864 2602 wird

159 2613 284 2648 Valens
307 2616 402 2648 nach
428 2615 503 2649 dem
532 2615 650 2661 Hafen
677 2616 737 2650 des
768 2617 862 2650 Her-

148 2662 241 2696 cules
256 2663 446 2697 Monoecus
464 2665 634 2699 seitwcirts
656 2665 861 2710 yetrieben).

149 2710 289 2755 Quippe
333 2712 463 2746 Valens
514 2723 559 2746 ex
606 2713 734 2747 Pisano
783 2714 863 2747 sinu

149 2762 280 2804 apertis
314 2761 441 2804 spatiis
482 2772 547 2806 per
579 2761 734 2796 medium
768 2773 864 2796 mare

150 2808 192 2841 ad
211 2818 307 2842 oram
325 2808 462 2843 Galliae
477 2809 719 2845 Narbonensis
733 2812 864 2855 raptim

149 2861 318 2891 vecturus
353 2863 450 2891 erat:
495 2859 558 2892 sed
601 2860 637 2893 in
675 2869 718 2893 eo
760 2870 864 2893 cursu

151 2906 304 2950 segnitia
318 2907 423 2939 maris
447 2913 507 2940 aut
525 2908 739 2942 adversante
754 2913 864 2942 vento

154 2959 297 2987 coactus
335 2959 413 2997 est,
449 2960 487 2988 ut
524 2958 559 2989 in
593 2956 718 2992 dextro
744 2957 863 3000 litore,

153 3000 212 3034 ubi
248 3001 401 3037 confinia
438 3003 605 3051 Liguriae
644 3011 680 3040 et
719 3005 863 3051 Alpium

932 2179 1201 2222 maritimarum,
1229 2178 1443 2224 appelleret.
1483 2178 1652 2226 Depelle-

933 2234 1032 2262 retur
1068 2233 1188 2272 aptum
1236 2232 1291 2262 est
1335 2228 1438 2263 alteri
1491 2228 1651 2263 membro

935 2278 1145 2311 adversante
1169 2282 1290 2320 vento,
1324 2276 1388 2311 sed
1413 2276 1508 2312 idem
1535 2287 1652 2323 zeug-

933 2326 1036 2361 matis
1065 2336 1133 2370 ope
1159 2325 1265 2360 simul
1294 2336 1373 2360 cum
1401 2326 1554 2371 segnitia
1571 2337 1653 2360 ma-

934 2376 985 2409 ris
1025 2375 1266 2422 coniungitur.
1346 2374 1450 2416 Quod
1486 2375 1523 2408 in
1554 2373 1583 2408 G
1617 2379 1654 2409 et

935 2423 1200 2458 Oxoniensibus
1242 2423 1392 2457 saevitia
1416 2424 1539 2467 maris,
1568 2434 1651 2458 cor-

931 2477 1110 2506 rectorem
1141 2471 1246 2516 sapit.

1005 2520 1102 2553 haud
1122 2519 1249 2565 procul
1285 2519 1367 2553 inde
1401 2520 1546 2565 agebat.-
1584 2531 1652 2566 op·-

933 2568 1054 2612 pidum
1083 2567 1252 2612 Nicaeam
1280 2577 1392 2613 prope
1417 2570 1520 2603 sitam
1553 2569 1652 2604 desi-

934 2627 1044 2662 gnare
1070 2615 1212 2650 Tacitus
1239 2616 1393 2651 videtur.

1001 2671 1217 2710 procurator
1263 2663 1424 2701 Valerius
1462 2665 1653 2702 Paulinus:

932 2718 1142 2757 procurator
1190 2713 1339 2749 Galliam
1384 2713 1652 2750 Narbonensem

935 2763 1133 2797 Secundam
1168 2763 1320 2808 Alpibus
1346 2763 1531 2799 maritimis
1565 2774 1653 2810 pro-

934 2812 1063 2845 ximam
1104 2813 1326 2855 provinciam
1365 2812 1530 2847 tenebat:
1571 2824 1651 2848 nam

935 2860 1063 2893 Forum
1090 2860 1170 2894 Iulii
1213 2861 1317 2894 huius
1351 2862 1560 2905 provinciae
1587 2872 1653 2897 co-

935 2908 1033 2942 lonia
1060 2913 1156 2942 erat:
1183 2920 1218 2944 v.
1244 2908 1275 2942 11
1299 2909 1358 2944 63.

1017 2955 1102 3002 Cap.
1130 2959 1190 2993 43.
1239 2956 1431 2991 volentibus
1465 2958 1556 3003 fuit:
1598 2962 1653 2992 est

936 3004 1070 3041 Graeca
1097 3010 1295 3050 struotura3
1343 3006 1437 3040 conf.
1466 3006 1552 3053 Agr.
1585 3005 1650 3041 18:
