1768 3216
167 219 239 255 182
730 220 792 257 DE
819 219 1104 257 ORATORIBVS

170 338 279 380 enim
313 335 544 378 arbitrabar
573 340 616 377 ut
647 349 670 378 a
697 335 938 378 laudatione
971 346 1114 376 eorum
1153 335 1370 390 digressus
1409 333 1662 377 detrectaret

168 415 313 465 poetas
344 415 465 464 atque
493 410 720 451 carminum
747 410 926 452 studium
948 413 1255 464 prosterneret)
1276 412 1364 450 arte
1388 408 1663 462 quadam‘mi-

169 485 328 539 tigavit,
364 485 639 527 concedendo
673 485 723 526 iis
756 485 824 538 qui
857 497 1004 526 causas
1031 497 1158 539 agere
1190 495 1273 525 non
1290 488 1474 537 possent,
1504 487 1548 524 ut
1563 492 1668 540 ver--¹

169 570 240 600 sus
269 559 469 600 facerent.
546 559 637 614 Ego
679 562 812 600 autem
853 558 960 600 sicut
1002 559 1043 599 in
1090 558 1227 599 causis
1272 557 1448 612 agendis
1493 557 1662 599 efficere

138 633 323 687 ⁵aliquid
356 638 395 674 et
426 634 526 674 eniti
562 633 740 675 fortasse
768 644 953 687 possum,
986 633 1040 675 ita
1072 633 1322 674 recitatione
1352 631 1663 687 tragoediarum

170 712 210 750 et
249 708 414 762 ingredi
456 708 605 750 famam
644 709 878 762 auspicatus
918 720 1032 759 sum,
1082 720 1172 748 cum
1214 707 1380 760 quidem
1417 706 1460 747 in
1497 706 1664 748 Nerone

169 783 398 836 improbam
430 787 470 823 et
499 782 728 824 studiorum
761 794 924 836 quoque
956 794 1076 823 sacra
1107 781 1394 835 profanantem
1411 779 1665 833 Vatinii‘po-

170 857 337 898 tentiam
370 857 503 910 fregi,
549 859 589 896 et
618 856 744 897 hodie
778 856 814 898 si
846 856 940 909 quid
975 856 1015 896 in
1047 856 1169 896 nobis
1198 855 1369 896 notitiae
1402 867 1451 896 ac
1482 853 1664 895 nominis

172 933 246 981 est,
283 930 414 984 magis
447 911 627 971 arbitror
656 930 880 971 carminum
914 942 1034 983 quam
1065 929 1298 970 orationum
1331 928 1465 982 gloria
1491 931 1664 982 partum.

120 1014 158 1043 ιο
170 1005 233 1044 Ac
266 1003 346 1044 iam
376 1016 440 1044 me
470 1003 700 1058 deiungere
719 1017 741 1044 a
763 1003 921 1045 forensi
950 1003 1094 1044 labore
1112 1003 1323 1054 constitui,
1353 1013 1432 1042 nec
1450 1001 1666 1043 comitatus

171 1078 273 1119 istos
319 1081 358 1118 et
401 1089 599 1132 egressus
647 1082 715 1118 aut
756 1077 1026 1131 frequentiam
1066 1076 1356 1118 salutationum
1395 1075 1665 1128 concupisco,

170 1163 254 1193 non
285 1151 417 1206 magis
449 1163 569 1205 quam
601 1164 699 1193 aera
730 1156 770 1193 et
800 1152 1020 1206 imagines,
1054 1163 1160 1205 quae
1193 1151 1315 1191 etiam
1347 1162 1412 1191 me
1439 1149 1608 1191 nolente
1625 1149 1667 1189 in

173 1225 337 1266 domum
369 1237 503 1266 meam
536 1226 791 1279 inruperunt.
853 1226 955 1267 Nam
986 1229 1135 1267 statum
1165 1224 1380 1278 hucusque
1411 1235 1460 1266 ac
1503 1223 1669 1265 securi-

172 1302 296 1340 tatem
327 1298 473 1339 melius
504 1299 746 1340 innocentia
779 1302 897 1339 tueor
930 1310 1050 1352 quam
1090 1298 1355 1352 eloquentia3
1399 1308 1477 1338 nec
1515 1278 1670 1338 uereor

121 1385 226 1417 ¹5ne
254 1373 351 1414 mihi
385 1385 565 1427 unquam
593 1373 722 1415 verba
754 1374 795 1414 in
827 1378 973 1415 senatu
1002 1373 1083 1414 nisi
1113 1384 1188 1426 pro
1222 1372 1391 1414 alterius
1425 1370 1669 1413 discrimine

172 1447 365 1489 facienda
398 1447 490 1488 sint.
550 1447 731 1490 Nemora
759 1459 861 1490 vero
893 1452 933 1490 et
959 1448 1043 1488 luci
1071 1451 1110 1489 et
1140 1450 1347 1488 secretum
1379 1446 1524 1500 ipsum,
1559 1443 1669 1498 quod
1685 1445 1737 1484 12

271 1592 300 1625 1.
328 1590 539 1625 detrectaret
565 1591 617 1625 l’:
642 1592 856 1626 detractaret
883 1590 921 1624 F.
997 1592 1030 1625 2.
1062 1596 1093 1624 et
1119 1589 1314 1624 carminum
1342 1588 1378 1631 P,
1406 1587 1469 1622 sed
1494 1593 1596 1632 atque
1622 1585 1666 1620 ab

174 1638 298 1673 eadem
325 1650 371 1673 m.
399 1642 690 1684 superscriptum,
718 1646 749 1674 et
774 1644 906 1683 puncto
934 1642 1093 1672 notatum
1119 1644 1157 1672 ut
1184 1637 1385 1672 delendum.
1466 1636 1500 1671 6.
1527 1637 1671 1669 nerone*

173 1686 198 1720 P
225 1691 260 1720 et
292 1687 370 1720 Vat.
403 1687 514 1722 1862:
542 1689 683 1723 Nerone
709 1689 746 1722 F.
836 1688 869 1722 7.
893 1687 1177 1733 prophanantem
1204 1686 1366 1720 vaticinii
1389 1684 1467 1718 FP:
1495 1683 1667 1718 emenda-

174 1736 227 1768 vit
252 1735 278 1768 Ι.
303 1734 359 1769 Fr.
380 1735 591 1771 Gronovius.
667 1738 703 1771 8.
737 1743 768 1770 et
794 1740 879 1771 ante
905 1735 1006 1769 hodie
1032 1745 1088 1769 om
1116 1735 1152 1778 P,
1181 1733 1326 1769 exhibet
1352 1732 1378 1767 F
1405 1732 1555 1767 testibus
1580 1731 1669 1766 Nie-

173 1783 302 1817 buhrio
331 1788 366 1817 et
392 1783 622 1830 Schluttigio‚
650 1795 720 1818 non
753 1780 1001 1820 consentiente
1029 1783 1229 1818 Schrautio.
1381 1781 1533 1816 numinis
1560 1781 1615 1824 (in
1645 1778 1670 1812 P

176 1831 331 1865 additum
353 1843 370 1865 o
398 1842 505 1876 super
531 1845 554 1866 u
580 1839 616 1867 et
642 1833 711 1867 hoc
738 1834 983 1877 subnotatum)
1011 1831 1076 1865 FP.
1165 1832 1220 1867 10.
1247 1842 1300 1865 me
1326 1830 1454 1865 abesse
1480 1839 1501 1863 a
1527 1827 1552 1862 P
1577 1827 1669 1862 falso

175 1881 332 1913 narravit
356 1879 471 1914 Tross.
550 1883 605 1916 13.
633 1882 831 1928 irrumpunt
856 1881 901 1914 l':
929 1881 1040 1915 ceteri
1067 1881 1284 1927 irruperunt.
1436 1877 1598 1922 cuiusque
1623 1875 1671 1912 ad

177 1927 252 1960 FP:
281 1928 484 1963 emendavit
508 1928 661 1973 Lipsius.

180 2073 269 2110 eim,
310 2081 363 2102 me
392 2070 477 2103 ordo
504 2070 702 2105 litterarum
741 2074 885 2116 paulum

179 2116 339 2150 turbatus
365 2127 427 2161 pro
459 2119 567 2163 partit
599 2120 667 2154 e‘zm
702 2121 785 2164 quid
821 2134 886 2165 me,

177 2164 272 2198 unde
301 2164 430 2199 litteris
462 2166 638 2201 distractis
658 2168 806 2202 insuam
825 2180 886 2204 se-

177 2211 256 2246 dem
283 2214 460 2247 revocatis
488 2220 522 2247 et
547 2216 658 2260 inquit
676 2226 739 2262 pro
759 2218 889 2262 imquid

176 2261 335 2304 reposito
351 2262 424 2295 exit
447 2269 645 2307 parantem,
670 2265 793 2309 inquit,
819 2277 882 2300 me.

176 2307 374 2343 Pronomen
403 2321 454 2344 me
475 2309 658 2346 luculente
676 2314 711 2346 in
731 2313 822 2347 libro
841 2314 886 2347 P:

177 2355 394 2391 Farnesiano
419 2370 472 2391 me
504 2359 660 2406 denegat
699 2361 887 2396 Bekkerus

176 2408 269 2437 teste
294 2404 507 2450 Niebuhr-io,
539 2409 698 2443 attribuit
722 2410 887 2444 Walthe-

178 2460 249 2485 rus.
303 2451 387 2486 Utut
415 2459 480 2496 est,
508 2457 576 2489 iam
602 2467 706 2490 nemo
736 2458 779 2492 de
810 2460 887 2492 eius

178 2500 331 2534 veritate
355 2501 447 2535 iuste
474 2503 634 2538 dubitare
660 2511 788 2549 potest.

257 2571 296 2604 in
327 2571 491 2606 Nerone:
536 2573 628 2608 hanc
664 2577 886 2620 scripturam,

179 2620 266 2653 item
299 2629 382 2652 mox
425 2619 556 2655 Vatinii
587 2624 673 2657 satis
708 2625 886 2659 vindicavi

180 2668 216 2700 in
239 2667 501 2704 Additamento.

249 2749 337 2782 quae
363 2740 468 2774 etiam
486 2752 539 2775 me
553 2741 691 2776 nolente
707 2742 745 2776 in
759 2742 893 2777 domum

178 2796 290 2819 meam
312 2788 541 2834 inruperunt:
568 2789 746 2824 Maternus
761 2801 892 2825 occur-

179 2843 261 2866 rens
287 2836 339 2868 eis
367 2847 458 2880 quae
484 2838 707 2872 adversarius
739 2850 771 2875 c.
796 2839 820 2874 8
847 2840 891 2874 de

181 2881 416 2927 imaginibus,
464 2885 507 2920 de
542 2886 656 2921 titulis
690 2888 890 2933 statuisque

181 2927 331 2975 dixerat,
359 2940 424 2977 pro
438 2932 511 2968 illis
529 2934 622 2970 idem
635 2944 765 2972 nomen
779 2938 890 2986 (ima-

953 2073 1082 2117 qines),
1109 2082 1172 2116 pro
1188 2071 1243 2105 his
1269 2072 1416 2106 brevius
1431 2082 1520 2105 aera
1535 2071 1667 2115 posuit.

956 2120 1026 2154 Sed
1051 2124 1189 2154 statuae
1217 2130 1296 2153 cum
1322 2129 1395 2153 nou
1422 2120 1608 2153 mittantur
1633 2119 1669 2152 in

956 2169 1095 2203 domum
1111 2167 1276 2211 alicuius,
1288 2168 1352 2202 sed
1365 2169 1401 2202 in
1417 2166 1666 2212 publicatum,

955 2216 1070 2250 veluti
1095 2216 1131 2249 in
1164 2215 1243 2250 foro
1278 2216 1400 2262 aliquo
1440 2220 1502 2250 aut
1537 2216 1576 2249 in
1609 2214 1670 2250 bi-

955 2264 1150 2298 bliothecis
1178 2264 1414 2307 collocentur,
1446 2263 1558 2298 verba
1583 2274 1671 2308 quae

958 2334 1003 2339 --
1032 2313 1243 2357 inruperunt
1273 2313 1415 2346 nonnisi
1442 2312 1486 2346 dc
1501 2313 1671 2357 imagini-

958 2361 1017 2394 bus
1043 2360 1138 2394 dicta
1155 2361 1365 2405 accipienda
1390 2365 1483 2394 sunt.
1539 2360 1669 2394 Verum

958 2411 1012 2442 ius
1038 2410 1235 2454 imaginum
1261 2409 1372 2443 semel
1388 2410 1608 2452 impetratur,
1635 2414 1671 2443 et

958 2457 1068 2502 vulgo
1107 2457 1240 2490 Romae
1268 2456 1525 2500 impetrabatur
1555 2457 1669 2491 curuli

958 2505 1133 2550 dignitate
1158 2504 1277 2549 aliqua
1290 2509 1449 2548 accepta.
1482 2505 1573 2538 Hinc
1593 2504 1671 2538 cla-

957 2563 1033 2586 rum
1073 2553 1275 2598 inrumpunt
1312 2561 1382 2585 non
1417 2556 1537 2596 aptum
1576 2562 1668 2596 esse,

958 2602 1021 2635 sed
1046 2601 1180 2646 requiri
1207 2602 1427 2647 inruperunt.
1479 2599 1518 2634 In
1546 2599 1672 2635 codice

961 2650 1160 2697 ἀρχετύπῳ
1187 2648 1300 2684 fuisse
1328 2654 1411 2693 puto
1437 2653 1606 2695 tra-aunt,
1622 2644 1670 2683 'h.

964 2709 994 2731 e.
1022 2700 1242 2743 inruperunt,
1270 2697 1333 2732 sed
1353 2697 1535 2741 proximus
1555 2697 1672 2732 scriba

961 2746 996 2778 id
1024 2756 1103 2780 esse
1130 2745 1280 2781 credidit
1300 2755 1364 2790 pro
1381 2746 1525 2791 zripnnt
1541 2747 1673 2790 (zin-

960 2798 1158 2840 rumpunt).

1014 2842 1222 2887 nucusque.-
1247 2842 1419 2886 hucusque
1434 2852 1497 2886 pro
1516 2852 1559 2876 eo
1576 2843 1671 2888 quod

959 2890 1074 2923 adhuc
1098 2890 1299 2925 Latinitatis
1340 2895 1393 2924 est
1427 2892 1599 2935 serioris3
1636 2901 1671 2926 v.

957 2938 1086 2975 Raudii
1114 2939 1211 2975 Turs.
1238 2942 1263 2973 t.
1291 2937 1339 2973 111
1367 2949 1402 2984 p.
1434 2939 1514 2976 108.
