1768 3216
179 234 252 270 260
759 225 1070 263 msTomARviu
1456 241 1490 266 a.
1519 240 1555 266 u.
1581 222 1668 269 822.

175 349 375 392 tissimum
407 361 430 389 e
459 344 763 400 praesentibus,
800 340 940 387 arcem
970 345 1162 400 Capitolii
1192 345 1347 388 insedit
1380 347 1509 390 mixto
1538 347 1669 390 milite

173 428 213 466 et
243 420 482 476 quibusdam
513 423 752 461 senatorum
784 421 1072 474 equitumque3
1105 433 1279 475 quorum
1308 421 1478 465 nomina
1498 423 1667 464 tradere

169 497 276 539 haud
320 497 549 548 promptum
591 497 673 547 est,
727 495 922 549 quoniam
969 496 1131 538 victore
1170 494 1429 550 Vespasiano
1468 495 1584 538 multi
1626 496 1669 538 id

103 569 114 602 ’ἲ
167 573 351 613 meritum
394 582 493 626 erga
531 572 670 621 partes
713 570 977 613 simulavere.
1039 570 1263 613 Subierunt
1304 570 1511 613 obsidium
1545 571 1668 614 etiam

28 646 358 700 stqsfeminae,
394 646 501 687 inter
532 657 633 699 quas
664 645 844 687 maxime
875 645 1054 700 insignis
1084 630 1302 687 verulana
1311 635 1499 699 Gratilla,
1525 657 1668 701 neque

163 720 318 763 liberos
348 732 485 774 neque
515 720 771 774 propinquos
801 719 875 762 sed
906 719 1058 762 bellum
1089 724 1246 762 secuta.
1306 720 1552 763 Vitellianus
1583 721 1666 764 mi-

161 795 221 837 les
267 794 437 837 socordi
484 794 675 836 custodia
725 794 892 836 clausos
939 794 1234 847 circumdedit3
1282 806 1416 849 eoque
1461 795 1666 838 concubia

161 874 284 912 nocte
327 882 424 912 suos
465 869 622 911 liberos
666 869 844 912 Sabinus
892 873 932 910 et
971 869 1247 911 Domitianum
1292 869 1433 911 fratris
1453 856 1589 912 'fllium
1622 869 1663 910 in

163 945 403 999 Capitolium
437 944 609 997 accivit,
656 944 785 986 misso
825 957 901 998 per
939 940 1132 999 neglecta
1173 944 1225 986 ad
1265 944 1487 987 Flavianos
1533 945 1662 987 duces

110 1032 147 1061 ιο
160 1021 327 1072 nuntio,
376 1019 444 1073 qui
477 1019 765 1061 circumsideri
796 1019 910 1073 ipsos
943 1023 996 1072 et,
1029 1019 1071 1060 ni
1102 1019 1417 1073 subveniretur,
1451 1022 1562 1062 artas
1592 1031 1662 1062 res

157 1095 374 1136 nuntiaret.
435 1094 606 1136 Noctem
639 1094 744 1136 adeo
779 1094 957 1147 quietam
990 1094 1097 1148 egit,
1140 1098 1184 1135 ut
1215 1093 1382 1149 digredi
1428 1094 1520 1136 sine
1549 1105 1660 1136 noxa

156 1170 352 1223 potuerit:
394 1169 541 1222 quippe
571 1168 689 1210 miles
720 1167 876 1209 Vitellii
907 1167 1109 1210 adversus
1141 1168 1326 1222 pericula
1359 1168 1505 1221 ferox,
1537 1167 1661 1210 labo—

154 1243 267 1285 ribus
299 1247 339 1285 et
367 1243 523 1298 vigiliis
553 1255 696 1297 parum
727 1243 909 1285 intentus
942 1247 1053 1295 erat,
1098 1247 1138 1284 et
1178 1243 1376 1285 hibernus
1417 1242 1550 1286 imber
1586 1255 1661 1286 re—

154 1322 275 1370 pente
316 1318 429 1359 fusus
471 1318 616 1360 oculos
659 1329 865 1371 auresque
896 1317 1161 1371 impediebat.
1222 1317 1335 1358 Luce
1371 1317 1503 1371 prima
1531 1317 1729 1363 Sabi-ro

104 1407 141 1436 15
154 1404 246 1445 nus,
278 1397 496 1446 antequam
529 1393 570 1434 in
599 1393 736 1435 vicem
767 1392 936 1435 hostilia
970 1396 1238 1446 coeptarent,
1273 1391 1510 1434 Cornelium
1541 1391 1659 1435 Mar-

154 1467 292 1509 tialem
322 1480 344 1508 e
375 1468 697 1522 primipilaribus
740 1467 791 1509 ad
831 1467 1038 1509 Vitellium
1079 1467 1191 1508 misit
1232 1479 1322 1509 cum
1367 1467 1573 1510 mandatis
1618 1470 1659 1508 et

153 1546 300 1595 questu
331 1543 439 1596 quod
471 1547 591 1596 pacta
623 1542 900 1586 turbarentur.
948 1542 1262 1584 Simulationem
1280 1554 1454 1596 prorsus
1478 1545 1519 1584 et
1548 1542 1658 1583 ima-

150 1617 288 1671 ginem
321 1617 559 1671 deponendi
591 1617 752 1672 imperii
784 1617 944 1669 fuisse,
978 1616 1030 1659 ad
1064 1616 1336 1671 decipiendos
1369 1620 1430 1658 tot
1459 1615 1654 1658 inlustres

149 1691 278 1733 viros.
340 1691 421 1733 Cur
453 1693 561 1734 enim
596 1705 619 1733 e
648 1692 810 1735 Rostris
843 1692 984 1733 fratris
1018 1691 1211 1744 domum,
1244 1691 1575 1755 imminentem!
1558 1690 1653 1749 foro

98 1769 191 1808 acet
215 1766 433 1821 inritandis
477 1767 694 1825 hominum
728 1767 888 1819 oculis,
941 1778 1062 1820 quam
1102 1766 1353 1808 Aventinum
1396 1769 1436 1807 et
1481 1769 1653 1820 penates

149 1841 293 1882 uxoris
323 1841 526 1894 petisset‘?
583 1842 641 1883 Ita
685 1842 846 1895 privato
893 1846 934 1883 et
979 1853 1144 1882 omnem
1183 1840 1439 1894 principatus
1470 1839 1653 1894 speciem

149 1914 296 1955 vitanti
327 1915 591 1957 convenisse
655 1916 807 1957 Contra
846 1914 1054 1957 Vitellium
1095 1915 1137 1955 in
1177 1914 1403 1967 Palatium,
1446 1914 1488 1955 in
1521 1915 1653 1968 ipsam

1697 1608 1710 1650 i,

290 2068 320 2101 1.
345 2080 439 2113 pres.
467 2067 533 2102 Ma.
635 2071 669 2104 2.
700 2070 843 2103 nomina
871 2075 933 2103 aut
961 2067 1038 2103 Ma·
1065 2068 1093 2102 G
1120 2069 1276 2102 nomina.
1368 2068 1403 2103 4.
1430 2068 1548 2103 subier-
1572 2078 1651 2104 cum

150 2113 213 2149 lin.
243 2114 308 2149 1113.
379 2120 411 2153 5.
439 2117 614 2150 maximae
643 2116 916 2162 Illa.91a11·lia
943 2116 1049 2151 GMss:
1079 2118 1236 2151 correxit
1260 2116 1447 2151 Ernestius
1475 2129 1520 2151 ex
1545 2117 1651 2152 Plinii

149 2163 263 2207 Epist.
291 2165 313 2198 3
344 2167 397 2200 11.
501 2166 533 2199 7.
566 2166 706 2199 socordi
732 2167 890 2200 custodia
913 2165 989 2200 Mat
1021 2167 1179 2200 custodia
1204 2165 1343 2199 socordi
1370 2165 1408 2199 G.
1496 2168 1551 2200 10.
1576 2166 1650 2211 ipso

149 2224 186 2245 se
214 2212 272 2246 Im'
296 2212 360 2256 Μ3,
387 2216 480 2260 ipsos
504 2214 543 2246 ni
570 2214 615 2248 G·
647 2216 801 2248 conexit
827 2215 995 2249 Pichena.
1101 2217 1154 2249 11.
1199 2214 1336 2260 diyredi
1361 2212 1456 2255 Gula,
1483 2223 1555 2247 non
1587 2214 1650 2247 de-

147 2261 258 2304 qrecli.
340 2263 393 2297 13.
422 2262 523 2295 inber
550 2261 613 2296 Ma.
692 2264 746 2298 15.
775 2270 979 2309 caeplarcnl
1005 2261 1205 2297 1113.17.
1235 2268 1377 2307 quaestu
1403 2261 1466 2296 mfl.
1539 2262 1649 2296 simu-

148 2309 278 2342 latione
304 2309 379 2344 Ma:
407 2309 636 2345 simulatione
661 2311 699 2346 G.
801 2311 855 2346 18.
888 2312 939 2347 ill.
969 2312 1026 2346 Or.
1132 2311 1186 2346 19.
1214 2311 1298 2345 inm.
1327 2311 1392 2345 Ma.
1469 2312 1528 2347 22.
1560 2321 1649 2345 eon-

147 2358 276 2391 tenisse
301 2358 375 2392 Ma:
404 2360 606 2393 conuenisse
636 2359 675 2393 G.

146 2495 300 2528 minatur
328 2497 364 2528 in
391 2496 495 2529 titulo
523 2506 578 2540 ap.
603 2496 775 2530 Orellium
799 2496 861 2530 In-
932 2495 1068 2529 admitti
1086 2496 1221 2540 nequit,
1251 2495 1334 2540 quia
1363 2500 1447 2529 ante
1472 2505 1544 2529 non
1566 2506 1646 2530 me-

145 2553 213 2578 ser.
242 2543 317 2577 Lat.
345 2554 379 2578 n.
409 2544 490 2579 567.
930 2545 1057 2577 morati
1077 2549 1158 2577 sunt
1185 2543 1313 2588 quibus
1340 2543 1444 2577 miles
1469 2543 1645 2577 admixtus

216 2593 322 2625 mia-to
347 2592 481 2626 milite:
507 2592 763 2627 vniaelusSabini
791 2594 859 2626 mi-
931 2602 1010 2625 esse
1051 2591 1121 2625 dici
1148 2596 1281 2636 posset.
1344 2591 1398 2626 De
1425 2602 1508 2626 arce
1535 2591 1645 2637 Capi-

144 2639 198 2673 les
228 2645 314 2682 erat,
343 2640 436 2686 quod
462 2641 585 2686 vigiles
603 2646 710 2686 atque
731 2641 860 2675 cohor-
930 2640 1008 2674 tolii
1035 2651 1069 2673 v.
1098 2640 1141 2674 ad
1165 2652 1195 2674 c.
1226 2641 1283 2674 71.

143 2694 192 2721 tes
217 2689 378 2723 urbanae
414 2688 518 2735 (lege
546 2689 672 2734 capitis
698 2690 858 2736 initium)
1027 2689 1206 2723 Verulana
1248 2687 1428 2722 Gratilla.-
1478 2688 1548 2722 alia
1591 2693 1645 2723 est

144 2747 223 2769 eum
250 2738 488 2772 sectabantur.
521 2737 725 2772 Ernestium
752 2738 858 2771 mixto
929 2736 1124 2781 Pomponia
1139 2737 1287 2771 Gratilla
1312 2736 1403 2781 apud
1423 2736 1512 2771 Plin.
1528 2735 1642 2781 Epist.

143 2795 220 2817 cum
241 2786 320 2820 aliis
347 2786 439 2820 male
459 2791 655 2821 tentantem
678 2797 749 2820 non
764 2786 857 2820 bene
928 2784 974 2818 Ill
1005 2787 1059 2828 11,
1088 2786 1115 2818 V
1135 2789 1165 2829 1,
1193 2785 1256 2820 sed
1282 2785 1389 2820 Plinii
1419 2784 1573 2820 Gratilla
1598 2784 1642 2819 ad

142 2833 310 2868 refutavit
346 2834 564 2869 Waltherus.
642 2835 675 2869 ls
711 2836 857 2868 sinistre
927 2834 1137 2878 scripturam
1156 2834 1378 2868 emendatam
1398 2833 1564 2868 tuendam
1582 2834 1642 2866 ni-

141 2880 259 2915 locum
288 2894 332 2916 ex
348 2882 389 2916 H.
412 2883 503 2918 1114
529 2883 667 2917 attulit:
696 2883 745 2917 ibi
762 2884 857 2918 enim
928 2881 1002 2915 hilo
1028 2883 1143 2915 minus
1171 2887 1253 2927 apta
1279 2887 1344 2916 est.
1396 2883 1427 2916 A
1454 2885 1576 2928 gratus
1603 2881 1643 2914 fit

140 2930 255 2963 mixtis
295 2936 349 2965 est
388 2941 450 2975 pro
490 2932 653 2966 admixtis
686 2932 746 2966 vel
787 2933 856 2966 im-
926 2931 1101 2976 ymanus,
1129 2930 1172 2965 ab
1199 2930 1268 2964 hoc
1297 2930 1462 2965 Gratilla.

141 2977 275 3021 mioetis,
313 2990 404 3024 quae
430 2979 646 3025 significatio
673 2979 744 3015 hoc
774 2980 855 3015 loco
996 2985 1034 3014 ut
1058 2979 1196 3025 digredi
1227 2979 1303 3013 sine
1341 2990 1438 3013 noxa
1464 2978 1640 3025 poluerit:
