1768 3216
122 256 193 291 10ss

700 234 1004 282 msromAnvn

1393 252 1425 276 a.
1451 238 1488 277 u.
1513 226 1598 278 822.

118 364 214 415 olim
245 369 496 414 validissima
528 367 634 409 inter
664 376 710 408 se
741 364 892 406 civium
925 375 1038 405 arma
1076 362 1118 403 in
1158 359 1275 403 Italia
1317 357 1503 401 Galliave
1531 356 1602 399 vi-

118 446 229 488 ribus
261 442 495 486 Occidentis
527 442 695 494 cocpta3
727 442 767 481 et
795 433 1004 492 Pompeio,
1039 435 1199 488 Cassio,
1232 434 1373 487 Bruto,
1397 432 1630 486 Antonio,‘

117 528 216 574 quos
249 529 388 559 omnes
420 520 530 557 trans
562 528 674 557 mare
705 517 892 557 secutum
924 515 986 554 est
1017 511 1139 553 civile
1166 510 1332 562 bellum,
1365 507 1474 550 haud
1496 518 1626 562 pro-v

114 594 221 647 speri
262 592 391 634 exitus
434 591 621 641 fuerant3
667 589 877 642 auditique
919 587 1082 641 saepius
1121 586 1163 627 in
1204 584 1324 640 Syria
1366 581 1603 637 Iudaeaque

82 668 310 712 sCaesares
342 677 462 721 quam
491 665 680 720 inspecti.

741 663 858 705 Nulla
889 662 1040 705 seditio
1071 662 1307 717 legionum3
1339 662 1496 700 tantum
1522 657 1604 700 ad-

109 753 252 783 versus
281 741 451 783 Parthos
482 740 632 792 minae,
665 738 782 780 vario
815 740 976 780 eventu.

1038 736 1088 778 Et
1116 736 1310 790 proximo
1344 733 1457 776 civili
1487 731 1600 776 bello
1646 768 1649 769 γ

109 816 278 858 turbatis
320 816 409 858 aliis
450 813 795 856 inconcussa-ibi
825 825 931 867 pax3
981 811 1077 853 dein
1119 811 1222 852 fides
1270 798 1388 865 erg'a'
1413 798 1600 852 Galbam.

110 891 227 943 Mox,
268 894 310 931 ut
345 889 547 933 Othonem
579 902 627 931 ac
656 883 862 929 Vitellium
893 886 1084 928 scelestis
1134 885 1260 927 armis
1291 897 1362 926 res
1392 880 1603 926 Romanas

111 968 268 1019 raptum
299 964 360 1005 ire
389 964 594 1018 vulgatum
627 967 712 1015 est,
755 973 807 1003 ne
846 973 975 1016 penes
1009 960 1174 1003 ceteros
1207 959 1372 1015 imperii
1401 958 1602 1014 praemia,

65 1049 237 1093 iopenes
269 1039 378 1092 ipsos
410 1043 560 1080 tantum
590 1037 748 1080 servitii
778 1036 1007 1079 necessitas
1040 1038 1165 1087 esset,
1200 1035 1381 1077 fremere
1412 1033 1531 1076 miles
1563 1032 1605 1075 et

112 1108 223 1149 vires
263 1119 357 1150 suas
403 1108 738 1163 circumspicere.

800 1107 961 1161 Septem
1002 1105 1193 1161 legiones
1236 1105 1373 1146 statim
1423 1106 1463 1146 et
1510 1110 1603 1145 cum

29 1241 46 1247 v.
115 1183 349 1236 ingentibus
381 1182 542 1224 auxiliis
573 1182 692 1237 Syria
723 1181 983 1235 Iudaeaque3
1016 1179 1113 1223 inde
1150 1180 1347 1223 continua
1386 1179 1603 1234 Aegyptus

11 1248 31 1258 ”
56 1302 64 1318 Α,
115 1256 301 1310 duaeque
344 1257 555 1311 legiones,
600 1257 696 1298 hinc
739 1256 1002 1310 Cappadocia
1041 1256 1277 1310 Pontusque
1320 1258 1360 1296 et
1405 1252 1604 1317 quidquid

114 1334 336 1372 castrorum
359 1332 566 1373 Armeniis
597 1331 889 1386 praetenditur.

950 1330 1051 1372 Asia
1085 1335 1126 1372 et
1156 1335 1324 1372 ceterae
1354 1329 1600 1384 provinciae

5 1416 13 1430 ‘
64 1416 190 1451 nnec
220 1405 400 1451 virorum
432 1407 575 1463 inopes
607 1411 646 1448 et
668 1407 843 1462 pecunia
869 1405 1103 1461 opulentae.
1151 1404 1355 1454 Quantum
1373 1402 1600 1445 Insularum

113 1482 214 1523 mari
246 1482 444 1538 cingitur,
487 1485 526 1522 et
560 1482 743 1537 parando
785 1472 949 1524 interim
979 1481 1090 1523 bello
1121 1479 1353 1523 secundum
1390 1482 1604 1532 tutumque

433 1542 474 1590 st».

253 1632 286 1666 2.
315 1637 437 1677 caepta
461 1631 524 1666 Ma.

612 1632 646 1667 4.
675 1633 825 1676 aditique
855 1630 920 1665 Ma.

1021 1630 1054 1666 9.
1082 1628 1172 1674 woly.
1202 1628 1259 1663 Or.
1353 1639 1494 1674 paones
1521 1638 1607 1662 cae-

112 1685 201 1714 teros
242 1701 274 1706 -
300 1692 428 1725 paenes
444 1679 506 1714 Ma.
560 1681 614 1715 13.
636 1682 785 1726 quicquit
812 1679 877 1714 Ma.
906 1679 999 1713 idem
1028 1679 1069 1713 H.
1097 1680 1120 1713 2
1146 1677 1192 1713 78
1221 1677 1300 1723 quic
1348 1678 1385 1720 it,
1412 1677 1476 1712 sed
1503 1676 1608 1722 quid-

112 1728 192 1774 quid
218 1728 257 1762 H.
284 1731 306 1763 2
330 1729 389 1771 81,
414 1730 436 1764 3
463 1730 509 1764 52
535 1728 569 1762 et
593 1729 640 1764 83
668 1729 702 1763 et
727 1729 793 1773 84,
820 1730 843 1765 4
870 1726 917 1764 24
943 1732 978 1762 et
1002 1726 1074 1770 39,
1103 1723 1290 1771 quidquam
1348 1753 1356 1760 .
1384 1720 1407 1761 3
1434 1721 1492 1768 56,
1524 1726 1546 1761 5
1572 1726 1606 1760 5.

117 1777 170 1811 14.
199 1788 284 1821 asya
313 1776 376 1812 Ma.

116 1824 143 1858 G
169 1823 269 1859 bello.

203 1944 290 1989 Cap.
319 1945 352 1980 6.
404 1947 619 1980 validissima
651 1948 743 1981 inter
784 1960 819 1981 se

119 1993 242 2027 civium
271 2004 397 2026 arma:
429 2006 469 2028 ea
497 1995 582 2028 dicit
606 1995 702 2029 bella
730 1997 823 2029 civi-

118 2041 178 2083 lia,
206 2051 295 2086 quae
322 2043 481 2075 maximis
519 2043 652 2076 viribus
678 2044 826 2087 opibus-

120 2100 188 2134 que
217 2094 317 2134 gesta
344 2096 425 2123 sunt
451 2091 599 2124 ducibus
627 2091 725 2126 Sulla
751 2093 826 2126 Ma-

120 2139 256 2182 rioque,
284 2137 434 2172 Caesare
461 2144 496 2173 et
514 2139 694 2185 Pompeio,
716 2140 826 2174 Bruto

122 2185 314 2230 Cassioque
343 2191 378 2220 et
403 2188 594 2221 triumviris
620 2188 826 2232 Octaviano,

122 2233 266 2277 Lepido,
292 2234 458 2279 Antonio,
485 2241 698 2280 postremum
712 2238 827 2271 Anto-

125 2282 182 2315 nio
211 2286 245 2314 et
273 2282 480 2318 Octaviano.

193 2332 349 2374 proximo
378 2332 471 2366 civili
505 2333 616 2366 bello.-
654 2334 828 2380 intelligit

122 2377 253 2411 bellum
281 2389 298 2411 a
330 2380 478 2415 Vindice
505 2386 539 2415 et
566 2381 674 2416 Galba
700 2383 734 2416 in
754 2382 828 2417 Ne-

123 2435 244 2458 ronem
271 2432 414 2462 motum.

194 2474 284 2506 vires
311 2487 391 2509 suas
424 2478 712 2522 circumspicere:
755 2480 829 2512 cir-

126 2522 335 2566 cumspicere
377 2534 418 2557 eo
453 2525 655 2570 significatu
690 2528 828 2570 posuit,

126 2574 164 2601 ut
190 2570 376 2604 consilium
410 2572 606 2607 rebellandi
645 2574 830 2608 adversum

126 2618 219 2650 vires
248 2617 451 2653 Occidentis
477 2621 712 2666 significaret:
751 2634 830 2656 nam

104 2665 219 2710 *quod
245 2666 377 2712 alioqui
407 2670 486 2702 unis
513 2669 661 2704 ducibus
688 2671 772 2705 licet
799 2677 833 2705 et

128 2716 313 2758 competit,
350 2715 416 2749 hoc
443 2719 510 2750 iam
537 2718 639 2753 miles
664 2719 833 2765 aggredi-

129 2767 194 2794 tur.
249 2763 358 2797 Simul
385 2765 629 2811 δραματικῶς
653 2777 717 2811 per
744 2767 832 2801 haec

130 2809 400 2854 subsequentem
447 2815 626 2857 copiarum
680 2815 835 2850 Orientis

132 2857 404 2901 descriptionem
456 2863 663 2898 introduxit.
738 2864 835 2898 Duas

132 2905 285 2950 Aegypti
314 2907 475 2952 legiones
501 2913 618 2945 statim
646 2922 835 2947 enumeraa

134 2955 185 2984 tas
212 2954 315 2987 etiam
335 2954 464 2989 Tiberii
491 2967 579 2992 aevo
607 2961 641 2993 in
666 2961 833 3008 Aegypto

134 2998 267 3035 locatas
294 3011 372 3036 esse
399 3003 505 3037 tradit
528 3004 575 3039 1v
607 3007 639 3041 5.

455 1778 508 1811 15.
533 1780 685 1824 pecunia
712 1773 845 1813 editor:
874 1774 1017 1811 codices
1050 1776 1235 1823 pecuniae.

1334 1772 1390 1811 16.
1419 1773 1501 1809 betti
1525 1771 1581 1809 Μ’
1598 1784 1608 1821 ς

946 1947 1100 1992 pecunia
1117 1945 1321 1992 opulentae:
1349 1943 1498 2027 vulgata
1516 1944 1609 1978 scri-
1672 1936 1677 1946 '

895 2000 997 2040 ptura
1021 1996 1192 2040 pecuniae
1231 1993 1413 2028 assimilant
1442 1994 1452 2027 i
1489 2002 1611 2027 erroro

896 2048 977 2078 nata
1003 2049 1068 2077 est.
1096 2043 1182 2077 Nam
1200 2042 1342 2078 Tacitus
1368 2041 1522 2088 insignia
1545 2051 1612 2076 va·-

896 2092 1011 2126 riandi
1039 2092 1167 2126 artifex
1208 2097 1288 2136 post
1326 2092 1527 2136 proximum
1555 2091 1612 2124 vi-

897 2152 1016 2174 rorum
1042 2141 1162 2187 inopes
1198 2140 1293 2174 haud
1329 2139 1436 2174 dubie
1461 2140 1634 2186 pecunia'

897 2189 1081 2235 opulentae
1131 2189 1290 2223 scribere
1336 2187 1463 2223 maluit
1509 2197 1614 2233 quam

897 2248 1031 2282 ponere
1047 2238 1188 2272 easdem
1214 2238 1499 2280 terminationes,
1527 2243 1628 2282 quas·

898 2286 1093 2320 litterarum
1123 2286 1318 2320 similitudo
1345 2286 1468 2332 iungi,
1497 2285 1616 2332 signi·-

898 2335 1021 2369 ficatus
1048 2336 1187 2369 secerni
1215 2335 1426 2380 postularet.
1462 2333 1616 2368 Accedit

899 2384 991 2429 quod
1018 2383 1110 2428 apud
1137 2383 1294 2418 Tacitum
1333 2383 1516 2430 genitivus
1542 2391 1612 2416 no-

898 2434 982 2465 mini
1012 2433 1192 2477 opulentus
1221 2432 1308 2466 alibi
1336 2438 1516 2477 nunquam
1545 2430 1612 2464 ad-

899 2481 990 2514 ditus
1019 2486 1083 2523 est,
1111 2481 1174 2515 sed
1201 2491 1244 2515 eo
1267 2479 1445 2515 vocabulo
1465 2481 1526 2513 aut
1545 2478 1613 2513 ab-

899 2529 1017 2562 solute
1053 2529 1116 2563 ille
1151 2539 1236 2563 usus
1264 2533 1339 2572 est,
1377 2532 1415 2561 ut
1441 2527 1482 2561 H.
1509 2526 1541 2560 Π
1566 2527 1614 2563 32

899 2578 981 2622 ipsis
1008 2579 1124 2611 omnia
1150 2578 1326 2622 opulenta,
1353 2580 1414 2610 aut
1440 2586 1519 2610 cum
1546 2575 1613 2624 ab-

899 2625 1034 2668 lativ0‚
1080 2626 1181 2660 velut
1213 2626 1260 2660 111
1294 2626 1342 2661 46
1383 2623 1615 2670 voluptatibus

901 2674 1088 2718 opulentos.
1117 2674 1268 2708 Omnino
1293 2674 1446 2720 genitivi
1473 2672 1615 2706 nonnisi

903 2733 1009 2755 unum
1038 2723 1238 2766 exemplum
1259 2730 1303 2756 ex
1330 2728 1437 2767 poeta
1453 2721 1610 2755 Graecos

902 2771 1062 2804 imitante
1103 2771 1243 2816 (Horat.
1282 2770 1396 2805 Carm.
1433 2770 1448 2803 l
1487 2770 1528 2805 17
1559 2769 1616 2812 16,

903 2818 963 2851 tibi
990 2820 1090 2864 copia
1116 2819 1274 2853 manabit
1308 2838 1352 2844 —
1379 2819 1474 2852 ruris
1501 2818 1616 2852 horto-

902 2877 979 2899 rum
1005 2867 1183 2916 opulenta)
1216 2867 1343 2901 afferre
1378 2866 1494 2910 potuit
1526 2865 1618 2900 For-

904 2914 1087 2948 cellinius:
1122 2926 1203 2949 nam
1240 2916 1276 2948 in
1302 2914 1416 2948 altero
1450 2913 1543 2960 quod
1572 2920 1618 2948 οἱ

902 2961 1004 2996 Livio
1030 2963 1155 2997 XXXV
1179 2964 1195 2997 1
1224 2963 1446 3007 transcripsit
1473 2962 1620 3008 opulen-

904 3011 972 3044 t'mn
994 3011 1151 3056 praedae
1190 3011 1381 3045 exercitum
1413 3010 1618 3045 rescriben-
