<?xml version="1.0" encoding="UTF-8"?>
<!DOCTYPE html PUBLIC "-//W3C//DTD XHTML 1.0 Transitional//EN"
    "http://www.w3.org/TR/xhtml1/DTD/xhtml1-transitional.dtd">
<html xmlns="http://www.w3.org/1999/xhtml" xml:lang="en" lang="en">
 <head>
  <title>
</title>
<meta http-equiv="Content-Type" content="text/html;charset=utf-8" />
  <meta name='ocr-system' content='tesseract 3.04.00' />
  <meta name='ocr-capabilities' content='ocr_page ocr_carea ocr_par ocr_line ocrx_word'/>
</head>
<body>
  <div class='ocr_page' id='page_1' title='image "./operaadcodicesan03taciuoft/operaadcodicesan03taciuoft_0084.png"; bbox 0 0 1768 3216; ppageno 0'>
   <div class='ocr_carea' id='block_1_1' title="bbox 184 215 1660 270">
    <p class='ocr_par' dir='ltr' id='par_1_1' title="bbox 184 215 1660 270">
     <span class='ocr_line' id='line_1_1' title="bbox 184 215 1660 270; baseline -0.011 0"><span class='ocrx_word' id='word_1_1' title='bbox 184 237 232 270; x_wconf 74' lang='lat'><strong>⁸74</strong></span> <span class='ocrx_word' id='word_1_2' title='bbox 766 223 1002 261; x_wconf 85' lang='lat' dir='ltr'>HISTORIAR</span> <span class='ocrx_word' id='word_1_3' title='bbox 1008 223 1071 259; x_wconf 83' lang='lat' dir='ltr'><strong>VM</strong></span> <span class='ocrx_word' id='word_1_4' title='bbox 1452 229 1484 254; x_wconf 82' lang='lat' dir='ltr'><strong>a.</strong></span> <span class='ocrx_word' id='word_1_5' title='bbox 1511 222 1549 254; x_wconf 67' lang='grc' dir='ltr'><strong>Ι.</strong></span> <span class='ocrx_word' id='word_1_6' title='bbox 1574 215 1660 256; x_wconf 70' lang='lat'><strong>822.</strong></span> 
     </span>
    </p>
   </div>
   <div class='ocr_carea' id='block_1_2' title="bbox 125 335 1733 1362">
    <p class='ocr_par' dir='ltr' id='par_1_2' title="bbox 125 335 1733 1362">
     <span class='ocr_line' id='line_1_2' title="bbox 179 335 1660 396; baseline -0.01 -4"><span class='ocrx_word' id='word_1_7' title='bbox 179 349 275 392; x_wconf 91' lang='lat' dir='ltr'><strong>inde</strong></span> <span class='ocrx_word' id='word_1_8' title='bbox 290 349 481 392; x_wconf 84' lang='lat' dir='ltr'>Raeticae</span> <span class='ocrx_word' id='word_1_9' title='bbox 512 347 600 388; x_wconf 88' lang='lat' dir='ltr'><strong>alae</strong></span> <span class='ocrx_word' id='word_1_10' title='bbox 631 345 907 396; x_wconf 83' lang='lat' dir='ltr'>cohortesque</span> <span class='ocrx_word' id='word_1_11' title='bbox 938 345 978 383; x_wconf 83' lang='lat' dir='ltr'><strong>et</strong></span> <span class='ocrx_word' id='word_1_12' title='bbox 1008 342 1190 395; x_wconf 86' lang='lat' dir='ltr'><strong>ipsorum</strong></span> <span class='ocrx_word' id='word_1_13' title='bbox 1206 339 1431 381; x_wconf 82' lang='lat' dir='ltr'><strong>Raetorum</strong></span> <span class='ocrx_word' id='word_1_14' title='bbox 1453 335 1660 389; x_wconf 75' lang='lat' dir='ltr'><strong>iuventus,</strong></span> 
     </span>
     <span class='ocr_line' id='line_1_3' title="bbox 178 409 1663 467; baseline -0.009 -1"><span class='ocrx_word' id='word_1_15' title='bbox 178 429 292 467; x_wconf 85' lang='lat' dir='ltr'><strong>sueta</strong></span> <span class='ocrx_word' id='word_1_16' title='bbox 322 423 443 464; x_wconf 91' lang='lat' dir='ltr'><strong>armis</strong></span> <span class='ocrx_word' id='word_1_17' title='bbox 476 425 516 462; x_wconf 89' lang='lat' dir='ltr'><strong>et</strong></span> <span class='ocrx_word' id='word_1_18' title='bbox 545 432 659 460; x_wconf 90' lang='lat' dir='ltr'><strong>more</strong></span> <span class='ocrx_word' id='word_1_19' title='bbox 689 419 858 460; x_wconf 85' lang='lat' dir='ltr'><strong>militiae</strong></span> <span class='ocrx_word' id='word_1_20' title='bbox 889 417 1088 460; x_wconf 89' lang='lat' dir='ltr'><strong>exercita.</strong></span> <span class='ocrx_word' id='word_1_21' title='bbox 1149 414 1338 467; x_wconf 84' lang='lat' dir='ltr'><strong>Undique</strong></span> <span class='ocrx_word' id='word_1_22' title='bbox 1377 409 1590 466; x_wconf 83' lang='lat' dir='ltr'><strong>populatio</strong></span> <span class='ocrx_word' id='word_1_23' title='bbox 1621 412 1663 453; x_wconf 89' lang='lat' dir='ltr'><strong>et</strong></span> 
     </span>
     <span class='ocr_line' id='line_1_4' title="bbox 178 484 1662 548; baseline -0.009 -9"><span class='ocrx_word' id='word_1_24' title='bbox 178 498 339 539; x_wconf 74' lang='lat' dir='ltr'><strong>caedes,</strong></span> <span class='ocrx_word' id='word_1_25' title='bbox 398 495 477 548; x_wconf 91' lang='lat' dir='ltr'><strong>Ipsi</strong></span> <span class='ocrx_word' id='word_1_26' title='bbox 507 494 643 535; x_wconf 88' lang='lat' dir='ltr'><strong>medio</strong></span> <span class='ocrx_word' id='word_1_27' title='bbox 674 493 786 548; x_wconf 80' lang='lat' dir='ltr'><strong>vagi,</strong></span> <span class='ocrx_word' id='word_1_28' title='bbox 819 492 990 534; x_wconf 86' lang='lat' dir='ltr'><strong>abiectis</strong></span> <span class='ocrx_word' id='word_1_29' title='bbox 1023 491 1171 541; x_wconf 81' lang='lat' dir='ltr'><strong>armis,</strong></span> <span class='ocrx_word' id='word_1_30' title='bbox 1219 499 1368 543; x_wconf 85' lang='lat' dir='ltr'><strong>magna</strong></span> <span class='ocrx_word' id='word_1_31' title='bbox 1398 497 1497 540; x_wconf 87' lang='lat' dir='ltr'><strong>pars</strong></span> <span class='ocrx_word' id='word_1_32' title='bbox 1526 484 1662 528; x_wconf 76' lang='lat' dir='ltr'><strong>saucii</strong></span> 
     </span>
     <span class='ocr_line' id='line_1_5' title="bbox 175 556 1733 623; baseline -0.007 -12"><span class='ocrx_word' id='word_1_33' title='bbox 175 575 242 612; x_wconf 89' lang='lat' dir='ltr'><strong>aut</strong></span> <span class='ocrx_word' id='word_1_34' title='bbox 269 569 464 623; x_wconf 85' lang='lat' dir='ltr'><strong>palantes,</strong></span> <span class='ocrx_word' id='word_1_35' title='bbox 496 569 538 609; x_wconf 92' lang='lat' dir='ltr'><strong>in</strong></span> <span class='ocrx_word' id='word_1_36' title='bbox 568 572 745 609; x_wconf 83' lang='lat' dir='ltr'><strong>montem</strong></span> <span class='ocrx_word' id='word_1_37' title='bbox 775 567 989 608; x_wconf 86' lang='lat' dir='ltr'>Vocetium</span> <span class='ocrx_word' id='word_1_38' title='bbox 1019 564 1255 620; x_wconf 81' lang='lat' dir='ltr'><strong>perfugere.</strong></span> <span class='ocrx_word' id='word_1_39' title='bbox 1316 562 1380 603; x_wconf 90' lang='lat' dir='ltr'><strong>Ac</strong></span> <span class='ocrx_word' id='word_1_40' title='bbox 1410 560 1549 603; x_wconf 83' lang='lat' dir='ltr'><strong>statim</strong></span> <span class='ocrx_word' id='word_1_41' title='bbox 1579 559 1663 601; x_wconf 83' lang='lat' dir='ltr'><strong>im-</strong></span> <span class='ocrx_word' id='word_1_42' title='bbox 1724 556 1733 564; x_wconf 87' lang='lat'><em>&#39;</em></span> 
     </span>
     <span class='ocr_line' id='line_1_6' title="bbox 143 633 1661 694; baseline -0.006 -10"><span class='ocrx_word' id='word_1_43' title='bbox 143 644 295 686; x_wconf 69' lang='lat' dir='ltr'><strong>smissa</strong></span> <span class='ocrx_word' id='word_1_44' title='bbox 327 642 498 684; x_wconf 84' lang='lat' dir='ltr'>cohorte</span> <span class='ocrx_word' id='word_1_45' title='bbox 528 642 728 683; x_wconf 89' lang='lat' dir='ltr'><strong>Thracum</strong></span> <span class='ocrx_word' id='word_1_46' title='bbox 761 640 941 694; x_wconf 84' lang='lat' dir='ltr'><strong>depulsi,</strong></span> <span class='ocrx_word' id='word_1_47' title='bbox 989 644 1028 681; x_wconf 91' lang='lat' dir='ltr'><strong>et</strong></span> <span class='ocrx_word' id='word_1_48' title='bbox 1072 636 1410 680; x_wconf 89' lang='lat' dir='ltr'><strong>consectantibus</strong></span> <span class='ocrx_word' id='word_1_49' title='bbox 1442 633 1661 677; x_wconf 79' lang='lat' dir='ltr'><strong>Germanls</strong></span> 
     </span>
     <span class='ocr_line' id='line_1_7' title="bbox 171 706 1662 770; baseline -0.006 -12"><span class='ocrx_word' id='word_1_50' title='bbox 171 717 388 770; x_wconf 81' lang='lat' dir='ltr'><strong>Raetisque</strong></span> <span class='ocrx_word' id='word_1_51' title='bbox 417 728 490 769; x_wconf 88' lang='lat' dir='ltr'><strong>per</strong></span> <span class='ocrx_word' id='word_1_52' title='bbox 519 716 643 758; x_wconf 89' lang='lat' dir='ltr'><strong>silvas</strong></span> <span class='ocrx_word' id='word_1_53' title='bbox 674 719 795 768; x_wconf 88' lang='lat' dir='ltr'><strong>atque</strong></span> <span class='ocrx_word' id='word_1_54' title='bbox 833 715 875 754; x_wconf 93' lang='lat' dir='ltr'><strong>in</strong></span> <span class='ocrx_word' id='word_1_55' title='bbox 914 714 1013 767; x_wconf 89' lang='lat' dir='ltr'><strong>ipsis</strong></span> <span class='ocrx_word' id='word_1_56' title='bbox 1054 713 1224 755; x_wconf 86' lang='lat' dir='ltr'><strong>latebris</strong></span> <span class='ocrx_word' id='word_1_57' title='bbox 1263 709 1473 752; x_wconf 86' lang='lat' dir='ltr'><strong>trucidati.</strong></span> <span class='ocrx_word' id='word_1_58' title='bbox 1533 706 1662 750; x_wconf 75' lang='lat' dir='ltr'><strong>Multa</strong></span> 
     </span>
     <span class='ocr_line' id='line_1_8' title="bbox 171 783 1662 841; baseline -0.004 -10"><span class='ocrx_word' id='word_1_59' title='bbox 171 791 376 832; x_wconf 89' lang='lat' dir='ltr'><strong>hominum</strong></span> <span class='ocrx_word' id='word_1_60' title='bbox 407 790 516 831; x_wconf 89' lang='lat' dir='ltr'><strong>milia</strong></span> <span class='ocrx_word' id='word_1_61' title='bbox 547 802 684 841; x_wconf 89' lang='lat' dir='ltr'><strong>caesa,</strong></span> <span class='ocrx_word' id='word_1_62' title='bbox 717 789 839 830; x_wconf 89' lang='lat' dir='ltr'><strong>multa</strong></span> <span class='ocrx_word' id='word_1_63' title='bbox 870 788 944 830; x_wconf 91' lang='lat' dir='ltr'><strong>sub</strong></span> <span class='ocrx_word' id='word_1_64' title='bbox 976 798 1134 828; x_wconf 90' lang='lat' dir='ltr'><strong>corona</strong></span> <span class='ocrx_word' id='word_1_65' title='bbox 1165 786 1414 828; x_wconf 89' lang='lat' dir='ltr'><strong>venundata.</strong></span> <span class='ocrx_word' id='word_1_66' title='bbox 1476 783 1662 837; x_wconf 79' lang='lat' dir='ltr'><strong>Cumque</strong></span> 
     </span>
     <span class='ocr_line' id='line_1_9' title="bbox 174 859 1662 916; baseline -0.004 -11"><span class='ocrx_word' id='word_1_67' title='bbox 174 864 316 905; x_wconf 86' lang='lat' dir='ltr'><strong>dirutis</strong></span> <span class='ocrx_word' id='word_1_68' title='bbox 347 863 531 904; x_wconf 88' lang='lat' dir='ltr'><strong>omnibus</strong></span> <span class='ocrx_word' id='word_1_69' title='bbox 562 863 804 904; x_wconf 87' lang='lat' dir='ltr'><strong>Aventicum</strong></span> <span class='ocrx_word' id='word_1_70' title='bbox 835 862 970 916; x_wconf 85' lang='lat' dir='ltr'><strong>gentis</strong></span> <span class='ocrx_word' id='word_1_71' title='bbox 1002 866 1122 914; x_wconf 88' lang='lat' dir='ltr'><strong>caput</strong></span> <span class='ocrx_word' id='word_1_72' title='bbox 1152 861 1260 902; x_wconf 91' lang='lat' dir='ltr'><strong>iusto</strong></span> <span class='ocrx_word' id='word_1_73' title='bbox 1293 859 1460 914; x_wconf 82' lang='lat' dir='ltr'><strong>agmine</strong></span> <span class='ocrx_word' id='word_1_74' title='bbox 1488 860 1662 912; x_wconf 75' lang='lat' dir='ltr'><strong>petere-</strong></span> 
     </span>
     <span class='ocr_line' id='line_1_10' title="bbox 173 931 1661 990; baseline -0.004 -12"><span class='ocrx_word' id='word_1_75' title='bbox 173 941 252 989; x_wconf 84' lang='lat' dir='ltr'><strong>tur,</strong></span> <span class='ocrx_word' id='word_1_76' title='bbox 290 937 403 978; x_wconf 89' lang='lat' dir='ltr'><strong>missi</strong></span> <span class='ocrx_word' id='word_1_77' title='bbox 442 938 509 990; x_wconf 88' lang='lat' dir='ltr'><strong>qui</strong></span> <span class='ocrx_word' id='word_1_78' title='bbox 550 937 748 979; x_wconf 82' lang='lat' dir='ltr'><strong>dederent</strong></span> <span class='ocrx_word' id='word_1_79' title='bbox 786 937 1017 986; x_wconf 84' lang='lat' dir='ltr'><strong>civitatem3</strong></span> <span class='ocrx_word' id='word_1_80' title='bbox 1070 939 1110 976; x_wconf 88' lang='lat' dir='ltr'><strong>et</strong></span> <span class='ocrx_word' id='word_1_81' title='bbox 1159 934 1316 976; x_wconf 86' lang='lat' dir='ltr'><strong>deditio</strong></span> <span class='ocrx_word' id='word_1_82' title='bbox 1363 935 1560 988; x_wconf 64' lang='lat' dir='ltr'><strong>accepta.&gt;</strong></span> <span class='ocrx_word' id='word_1_83' title='bbox 1613 931 1661 973; x_wconf 90' lang='lat' dir='ltr'><strong>In</strong></span> 
     </span>
     <span class='ocr_line' id='line_1_11' title="bbox 125 1006 1661 1064; baseline -0.001 -14"><span class='ocrx_word' id='word_1_84' title='bbox 125 1010 318 1051; x_wconf 70' lang='lat' dir='ltr'><strong>nolulium</strong></span> <span class='ocrx_word' id='word_1_85' title='bbox 348 1010 538 1064; x_wconf 90' lang='lat' dir='ltr'><strong>Alpinum</strong></span> <span class='ocrx_word' id='word_1_86' title='bbox 569 1024 591 1052; x_wconf 90' lang='lat' dir='ltr'><strong>e</strong></span> <span class='ocrx_word' id='word_1_87' title='bbox 621 1011 888 1064; x_wconf 79' lang='lat' dir='ltr'><strong>principibus,</strong></span> <span class='ocrx_word' id='word_1_88' title='bbox 928 1014 972 1050; x_wconf 88' lang='lat' dir='ltr'><strong>ut</strong></span> <span class='ocrx_word' id='word_1_89' title='bbox 1013 1009 1271 1051; x_wconf 89' lang='lat' dir='ltr'><strong>concitorem</strong></span> <span class='ocrx_word' id='word_1_90' title='bbox 1308 1007 1432 1061; x_wconf 88' lang='lat' dir='ltr'><strong>belli,</strong></span> <span class='ocrx_word' id='word_1_91' title='bbox 1477 1006 1661 1050; x_wconf 69' lang='lat' dir='ltr'><strong>Caecina</strong></span> 
     </span>
     <span class='ocr_line' id='line_1_12' title="bbox 174 1081 1658 1136; baseline -0.001 -11"><span class='ocrx_word' id='word_1_92' title='bbox 174 1084 477 1125; x_wconf 88' lang='lat' dir='ltr'><strong>animadvertit:</strong></span> <span class='ocrx_word' id='word_1_93' title='bbox 527 1089 688 1126; x_wconf 88' lang='lat' dir='ltr'><strong>ceteros</strong></span> <span class='ocrx_word' id='word_1_94' title='bbox 735 1084 881 1125; x_wconf 87' lang='lat' dir='ltr'><strong>veniae</strong></span> <span class='ocrx_word' id='word_1_95' title='bbox 926 1084 991 1124; x_wconf 93' lang='lat' dir='ltr'><strong>vel</strong></span> <span class='ocrx_word' id='word_1_96' title='bbox 1034 1083 1237 1125; x_wconf 87' lang='lat' dir='ltr'><strong>saevitiae</strong></span> <span class='ocrx_word' id='word_1_97' title='bbox 1282 1082 1437 1125; x_wconf 86' lang='lat' dir='ltr'><strong>Vitellii</strong></span> <span class='ocrx_word' id='word_1_98' title='bbox 1477 1081 1658 1136; x_wconf 82' lang='lat' dir='ltr'><strong>reliquit.</strong></span> 
     </span>
     <span class='ocr_line' id='line_1_13' title="bbox 171 1155 1731 1212; baseline -0.001 -13"><span class='ocrx_word' id='word_1_99' title='bbox 171 1158 286 1199; x_wconf 83' lang='lat' dir='ltr'><strong>Haud</strong></span> <span class='ocrx_word' id='word_1_100' title='bbox 318 1158 437 1199; x_wconf 85' lang='lat' dir='ltr'><strong>facile</strong></span> <span class='ocrx_word' id='word_1_101' title='bbox 478 1158 588 1198; x_wconf 84' lang='lat' dir='ltr'><strong>dictu</strong></span> <span class='ocrx_word' id='word_1_102' title='bbox 635 1162 718 1210; x_wconf 86' lang='lat' dir='ltr'><strong>est,</strong></span> <span class='ocrx_word' id='word_1_103' title='bbox 758 1158 883 1212; x_wconf 84' lang='lat' dir='ltr'><strong>legati</strong></span> <span class='ocrx_word' id='word_1_104' title='bbox 914 1157 1195 1199; x_wconf 86' lang='lat' dir='ltr'><strong>Helvetiorum</strong></span> <span class='ocrx_word' id='word_1_105' title='bbox 1240 1158 1375 1199; x_wconf 89' lang='lat' dir='ltr'><strong>minus</strong></span> <span class='ocrx_word' id='word_1_106' title='bbox 1404 1155 1655 1211; x_wconf 82' lang='lat' dir='ltr'><strong>placabilem</strong></span> <span class='ocrx_word' id='word_1_107' title='bbox 1671 1167 1731 1207; x_wconf 73' lang='grc'><strong>69</strong></span> 
     </span>
     <span class='ocr_line' id='line_1_14' title="bbox 170 1230 1661 1286; baseline 0.001 -13"><span class='ocrx_word' id='word_1_108' title='bbox 170 1232 453 1286; x_wconf 83' lang='lat' dir='ltr'><strong>imperatorem</strong></span> <span class='ocrx_word' id='word_1_109' title='bbox 497 1244 549 1273; x_wconf 89' lang='lat' dir='ltr'><strong>an</strong></span> <span class='ocrx_word' id='word_1_110' title='bbox 591 1232 755 1274; x_wconf 87' lang='lat' dir='ltr'><strong>militem</strong></span> <span class='ocrx_word' id='word_1_111' title='bbox 802 1233 1048 1274; x_wconf 83' lang='lat' dir='ltr'><strong>invenerint.</strong></span> <span class='ocrx_word' id='word_1_112' title='bbox 1110 1232 1297 1274; x_wconf 86' lang='lat' dir='ltr'><strong>Civitatis</strong></span> <span class='ocrx_word' id='word_1_113' title='bbox 1338 1230 1549 1274; x_wconf 85' lang='lat' dir='ltr'><strong>excidium</strong></span> <span class='ocrx_word' id='word_1_114' title='bbox 1576 1241 1661 1286; x_wconf 60' lang='lat' dir='ltr'><strong>po-</strong></span> 
     </span>
     <span class='ocr_line' id='line_1_15' title="bbox 171 1304 1659 1362; baseline 0.001 -15"><span class='ocrx_word' id='word_1_115' title='bbox 171 1309 301 1357; x_wconf 87' lang='lat' dir='ltr'><strong>scunt,</strong></span> <span class='ocrx_word' id='word_1_116' title='bbox 332 1305 410 1347; x_wconf 89' lang='lat' dir='ltr'><strong>tela</strong></span> <span class='ocrx_word' id='word_1_117' title='bbox 441 1318 490 1347; x_wconf 90' lang='lat' dir='ltr'><strong>ac</strong></span> <span class='ocrx_word' id='word_1_118' title='bbox 521 1318 663 1348; x_wconf 90' lang='lat' dir='ltr'><strong>manus</strong></span> <span class='ocrx_word' id='word_1_119' title='bbox 694 1306 735 1347; x_wconf 93' lang='lat' dir='ltr'><strong>in</strong></span> <span class='ocrx_word' id='word_1_120' title='bbox 767 1318 839 1348; x_wconf 84' lang='lat' dir='ltr'><strong>ora</strong></span> <span class='ocrx_word' id='word_1_121' title='bbox 870 1306 1102 1362; x_wconf 87' lang='lat' dir='ltr'><strong>legatorum</strong></span> <span class='ocrx_word' id='word_1_122' title='bbox 1121 1307 1338 1348; x_wconf 89' lang='lat' dir='ltr'><strong>intentant.</strong></span> <span class='ocrx_word' id='word_1_123' title='bbox 1389 1305 1452 1348; x_wconf 91' lang='lat' dir='ltr'><strong>Ne</strong></span> <span class='ocrx_word' id='word_1_124' title='bbox 1469 1304 1659 1348; x_wconf 76' lang='lat' dir='ltr'><strong>Vitellius</strong></span> 
     </span>
    </p>
   </div>
   <div class='ocr_carea' id='block_1_3' title="bbox 168 1441 1663 1862">
    <p class='ocr_par' dir='ltr' id='par_1_3' title="bbox 168 1441 1663 1862">
     <span class='ocr_line' id='line_1_16' title="bbox 307 1441 1658 1488; baseline 0.001 -13"><span class='ocrx_word' id='word_1_125' title='bbox 307 1443 336 1475; x_wconf 86' lang='lat'><strong>1.</strong></span> <span class='ocrx_word' id='word_1_126' title='bbox 364 1443 492 1476; x_wconf 78' lang='lat' dir='ltr'><strong>reticae</strong></span> <span class='ocrx_word' id='word_1_127' title='bbox 516 1442 578 1476; x_wconf 53' lang='lat' dir='ltr'><strong>Ma·</strong></span> <span class='ocrx_word' id='word_1_128' title='bbox 629 1442 805 1476; x_wconf 81' lang='lat' dir='ltr'><strong>rethorum</strong></span> <span class='ocrx_word' id='word_1_129' title='bbox 831 1442 896 1478; x_wconf 71' lang='lat' dir='ltr'><strong>Ma.</strong></span> <span class='ocrx_word' id='word_1_130' title='bbox 961 1446 995 1487; x_wconf 80' lang='lat'><strong>2,</strong></span> <span class='ocrx_word' id='word_1_131' title='bbox 1021 1443 1179 1488; x_wconf 78' lang='lat' dir='ltr'><strong>undeque</strong></span> <span class='ocrx_word' id='word_1_132' title='bbox 1197 1442 1263 1478; x_wconf 67' lang='lat' dir='ltr'><strong>Ma.</strong></span> <span class='ocrx_word' id='word_1_133' title='bbox 1314 1444 1350 1479; x_wconf 88' lang='grc'><strong>3.</strong></span> <span class='ocrx_word' id='word_1_134' title='bbox 1377 1442 1416 1477; x_wconf 72' lang='grc' dir='ltr'><strong>ίη</strong></span> <span class='ocrx_word' id='word_1_135' title='bbox 1440 1441 1554 1477; x_wconf 64' lang='lat' dir='ltr'><strong>modio</strong></span> <span class='ocrx_word' id='word_1_136' title='bbox 1581 1441 1658 1476; x_wconf 79' lang='lat' dir='ltr'><strong>Pu-</strong></span> 
     </span>
     <span class='ocr_line' id='line_1_17' title="bbox 170 1488 1648 1536; baseline 0.001 -14"><span class='ocrx_word' id='word_1_137' title='bbox 170 1489 344 1524; x_wconf 88' lang='lat' dir='ltr'><strong>teolanus.</strong></span> <span class='ocrx_word' id='word_1_138' title='bbox 399 1492 484 1536; x_wconf 73' lang='lat' dir='ltr'><strong>naqi</strong></span> <span class='ocrx_word' id='word_1_139' title='bbox 509 1491 574 1525; x_wconf 84' lang='lat' dir='ltr'><strong>litt.</strong></span> <span class='ocrx_word' id='word_1_140' title='bbox 601 1502 624 1523; x_wconf 82' lang='lat' dir='ltr'><em>n</em></span> <span class='ocrx_word' id='word_1_141' title='bbox 648 1501 824 1535; x_wconf 84' lang='lat' dir='ltr'><strong>superscr.</strong></span> <span class='ocrx_word' id='word_1_142' title='bbox 851 1504 870 1526; x_wconf 82' lang='lat' dir='ltr'><strong><em>v</em></strong></span> <span class='ocrx_word' id='word_1_143' title='bbox 897 1490 961 1526; x_wconf 63' lang='lat' dir='ltr'><strong>Ma.</strong></span> <span class='ocrx_word' id='word_1_144' title='bbox 1028 1495 1062 1527; x_wconf 82' lang='lat'><strong>4.</strong></span> <span class='ocrx_word' id='word_1_145' title='bbox 1099 1491 1274 1527; x_wconf 82' lang='lat' dir='ltr'><strong>Vocetium</strong></span> <span class='ocrx_word' id='word_1_146' title='bbox 1301 1490 1366 1534; x_wconf 63' lang='lat' dir='ltr'><strong>Ma,</strong></span> <span class='ocrx_word' id='word_1_147' title='bbox 1395 1490 1578 1525; x_wconf 73' lang='lat' dir='ltr'><strong>uoceet‘um</strong></span> <span class='ocrx_word' id='word_1_148' title='bbox 1606 1488 1648 1525; x_wconf 86' lang='lat' dir='ltr'><strong>G.</strong></span> 
     </span>
     <span class='ocr_line' id='line_1_18' title="bbox 170 1537 1658 1586; baseline 0.001 -15"><span class='ocrx_word' id='word_1_149' title='bbox 170 1539 251 1572; x_wconf 77' lang='lat' dir='ltr'><strong>inm.</strong></span> <span class='ocrx_word' id='word_1_150' title='bbox 276 1537 339 1571; x_wconf 69' lang='lat' dir='ltr'><strong>Ma.</strong></span> <span class='ocrx_word' id='word_1_151' title='bbox 423 1539 457 1574; x_wconf 88' lang='lat'><strong>6.</strong></span> <span class='ocrx_word' id='word_1_152' title='bbox 486 1540 632 1583; x_wconf 72' lang='lat' dir='ltr'><strong>rotisque</strong></span> <span class='ocrx_word' id='word_1_153' title='bbox 659 1538 723 1573; x_wconf 73' lang='lat' dir='ltr'><strong>Ma.</strong></span> <span class='ocrx_word' id='word_1_154' title='bbox 807 1540 842 1575; x_wconf 89' lang='lat'><strong>8.</strong></span> <span class='ocrx_word' id='word_1_155' title='bbox 871 1540 987 1586; x_wconf 81' lang='lat' dir='ltr'><strong>capud</strong></span> <span class='ocrx_word' id='word_1_156' title='bbox 1009 1539 1075 1574; x_wconf 67' lang='lat' dir='ltr'><strong>Ma.</strong></span> <span class='ocrx_word' id='word_1_157' title='bbox 1154 1541 1188 1576; x_wconf 85' lang='lat'><strong>9.</strong></span> <span class='ocrx_word' id='word_1_158' title='bbox 1218 1540 1326 1574; x_wconf 77' lang='lat' dir='ltr'><strong>deder</strong></span> <span class='ocrx_word' id='word_1_159' title='bbox 1351 1548 1432 1573; x_wconf 89' lang='lat' dir='ltr'><strong>cum</strong></span> <span class='ocrx_word' id='word_1_160' title='bbox 1458 1538 1530 1574; x_wconf 85' lang='lat' dir='ltr'><strong>lin.-</strong></span> <span class='ocrx_word' id='word_1_161' title='bbox 1548 1547 1658 1583; x_wconf 79' lang='lat' dir='ltr'><strong>super</strong></span> 
     </span>
     <span class='ocr_line' id='line_1_19' title="bbox 170 1585 1657 1625; baseline 0.001 -6"><span class='ocrx_word' id='word_1_162' title='bbox 170 1586 237 1619; x_wconf 87' lang='lat' dir='ltr'><strong>litt.</strong></span> <span class='ocrx_word' id='word_1_163' title='bbox 265 1597 284 1619; x_wconf 83' lang='grc' dir='ltr'><em>ν</em></span> <span class='ocrx_word' id='word_1_164' title='bbox 310 1585 372 1620; x_wconf 70' lang='lat' dir='ltr'><strong>Ma.</strong></span> <span class='ocrx_word' id='word_1_165' title='bbox 449 1588 501 1620; x_wconf 85' lang='lat'><strong>11.</strong></span> <span class='ocrx_word' id='word_1_166' title='bbox 530 1588 648 1621; x_wconf 69' lang='lat' dir='ltr'><strong>anima</strong></span> <span class='ocrx_word' id='word_1_167' title='bbox 673 1588 823 1622; x_wconf 82' lang='lat' dir='ltr'><strong>advertit</strong></span> <span class='ocrx_word' id='word_1_168' title='bbox 847 1587 912 1622; x_wconf 73' lang='lat' dir='ltr'><strong>Ma.</strong></span> <span class='ocrx_word' id='word_1_169' title='bbox 986 1590 1086 1623; x_wconf 81' lang='lat' dir='ltr'><strong>seuit.</strong></span> <span class='ocrx_word' id='word_1_170' title='bbox 1117 1588 1182 1623; x_wconf 62' lang='lat' dir='ltr'><strong>Ma.</strong></span> <span class='ocrx_word' id='word_1_171' title='bbox 1261 1590 1318 1625; x_wconf 76' lang='lat'><strong>12,</strong></span> <span class='ocrx_word' id='word_1_172' title='bbox 1352 1587 1454 1622; x_wconf 73' lang='lat' dir='ltr'><strong>bilem</strong></span> <span class='ocrx_word' id='word_1_173' title='bbox 1480 1607 1526 1614; x_wconf 90' lang='lat'><strong>--</strong></span> <span class='ocrx_word' id='word_1_174' title='bbox 1554 1599 1585 1621; x_wconf 88' lang='lat' dir='ltr'><strong>c.</strong></span> <span class='ocrx_word' id='word_1_175' title='bbox 1612 1587 1657 1622; x_wconf 84' lang='lat'><strong>75</strong></span> 
     </span>
     <span class='ocr_line' id='line_1_20' title="bbox 169 1634 1658 1682; baseline 0.003 -16"><span class='ocrx_word' id='word_1_176' title='bbox 169 1634 336 1667; x_wconf 78' lang='lat' dir='ltr'><strong>incertum</strong></span> <span class='ocrx_word' id='word_1_177' title='bbox 363 1635 489 1668; x_wconf 79' lang='lat' dir='ltr'><strong>desunt</strong></span> <span class='ocrx_word' id='word_1_178' title='bbox 514 1635 584 1678; x_wconf 68' lang='lat' dir='ltr'><strong>Ma,</strong></span> <span class='ocrx_word' id='word_1_179' title='bbox 621 1637 722 1670; x_wconf 87' lang='lat' dir='ltr'><strong>cuius</strong></span> <span class='ocrx_word' id='word_1_180' title='bbox 757 1637 792 1670; x_wconf 93' lang='lat' dir='ltr'><strong>in</strong></span> <span class='ocrx_word' id='word_1_181' title='bbox 830 1638 991 1682; x_wconf 84' lang='lat' dir='ltr'><strong>margine</strong></span> <span class='ocrx_word' id='word_1_182' title='bbox 1029 1637 1101 1671; x_wconf 88' lang='lat' dir='ltr'><strong>alia</strong></span> <span class='ocrx_word' id='word_1_183' title='bbox 1126 1647 1250 1672; x_wconf 87' lang='lat' dir='ltr'><strong>manus</strong></span> <span class='ocrx_word' id='word_1_184' title='bbox 1272 1637 1388 1671; x_wconf 80' lang='lat' dir='ltr'><strong>‘deest</strong></span> <span class='ocrx_word' id='word_1_185' title='bbox 1415 1634 1561 1670; x_wconf 81' lang='lat' dir='ltr'><strong>charta’.</strong></span> <span class='ocrx_word' id='word_1_186' title='bbox 1613 1635 1658 1670; x_wconf 82' lang='lat' dir='ltr'><strong>ad</strong></span> 
     </span>
     <span class='ocr_line' id='line_1_21' title="bbox 170 1681 1658 1730; baseline 0.002 -15"><span class='ocrx_word' id='word_1_187' title='bbox 170 1681 285 1716; x_wconf 90' lang='lat' dir='ltr'><strong>locum</strong></span> <span class='ocrx_word' id='word_1_188' title='bbox 311 1682 402 1716; x_wconf 87' lang='lat' dir='ltr'><strong>hunc</strong></span> <span class='ocrx_word' id='word_1_189' title='bbox 427 1683 495 1717; x_wconf 89' lang='lat' dir='ltr'><strong>iam</strong></span> <span class='ocrx_word' id='word_1_190' title='bbox 522 1689 603 1717; x_wconf 85' lang='lat' dir='ltr'><strong>ante</strong></span> <span class='ocrx_word' id='word_1_191' title='bbox 632 1685 803 1730; x_wconf 83' lang='lat' dir='ltr'><strong>Poggium</strong></span> <span class='ocrx_word' id='word_1_192' title='bbox 827 1690 862 1719; x_wconf 88' lang='lat' dir='ltr'><strong>et</strong></span> <span class='ocrx_word' id='word_1_193' title='bbox 895 1686 1091 1719; x_wconf 84' lang='lat' dir='ltr'><strong>Victorium</strong></span> <span class='ocrx_word' id='word_1_194' title='bbox 1122 1685 1348 1721; x_wconf 84' lang='lat' dir='ltr'><strong>deficientem</strong></span> <span class='ocrx_word' id='word_1_195' title='bbox 1374 1684 1541 1720; x_wconf 81' lang='lat' dir='ltr'><strong>Baiterus</strong></span> <span class='ocrx_word' id='word_1_196' title='bbox 1566 1693 1658 1719; x_wconf 82' lang='lat' dir='ltr'><strong>con-</strong></span> 
     </span>
     <span class='ocr_line' id='line_1_22' title="bbox 168 1729 1657 1780; baseline 0.003 -18"><span class='ocrx_word' id='word_1_197' title='bbox 168 1729 248 1763; x_wconf 85' lang='lat' dir='ltr'><strong>tulit</strong></span> <span class='ocrx_word' id='word_1_198' title='bbox 274 1729 360 1763; x_wconf 89' lang='lat' dir='ltr'><strong>duos</strong></span> <span class='ocrx_word' id='word_1_199' title='bbox 387 1731 474 1765; x_wconf 87' lang='lat' dir='ltr'><strong>alios</strong></span> <span class='ocrx_word' id='word_1_200' title='bbox 500 1733 641 1766; x_wconf 88' lang='lat' dir='ltr'><strong>codices</strong></span> <span class='ocrx_word' id='word_1_201' title='bbox 667 1733 893 1767; x_wconf 85' lang='lat' dir='ltr'><strong>Florentinos</strong></span> <span class='ocrx_word' id='word_1_202' title='bbox 922 1733 1083 1780; x_wconf 85' lang='lat' dir='ltr'><strong>(signavi</strong></span> <span class='ocrx_word' id='word_1_203' title='bbox 1119 1745 1199 1768; x_wconf 91' lang='lat' dir='ltr'><strong>cum</strong></span> <span class='ocrx_word' id='word_1_204' title='bbox 1243 1733 1379 1768; x_wconf 83' lang='lat' dir='ltr'><strong>Orellio</strong></span> <span class='ocrx_word' id='word_1_205' title='bbox 1406 1737 1493 1780; x_wconf 67' lang='lat' dir='ltr'><strong>ab)</strong></span> <span class='ocrx_word' id='word_1_206' title='bbox 1529 1743 1575 1768; x_wconf 85' lang='lat' dir='ltr'><strong>ex</strong></span> <span class='ocrx_word' id='word_1_207' title='bbox 1605 1729 1657 1767; x_wconf 69' lang='lat' dir='ltr'><strong>Ma</strong></span> 
     </span>
     <span class='ocr_line' id='line_1_23' title="bbox 169 1777 1663 1827; baseline 0.004 -17"><span class='ocrx_word' id='word_1_208' title='bbox 169 1777 375 1822; x_wconf 84' lang='lat' dir='ltr'><strong>descriptos,</strong></span> <span class='ocrx_word' id='word_1_209' title='bbox 402 1785 587 1827; x_wconf 88' lang='lat' dir='ltr'><strong>antequam</strong></span> <span class='ocrx_word' id='word_1_210' title='bbox 614 1781 734 1815; x_wconf 84' lang='lat' dir='ltr'><strong>charta</strong></span> <span class='ocrx_word' id='word_1_211' title='bbox 759 1781 822 1815; x_wconf 90' lang='lat' dir='ltr'><strong>illa</strong></span> <span class='ocrx_word' id='word_1_212' title='bbox 846 1782 1030 1826; x_wconf 84' lang='lat' dir='ltr'><strong>deperdita</strong></span> <span class='ocrx_word' id='word_1_213' title='bbox 1058 1787 1165 1817; x_wconf 84' lang='lat' dir='ltr'><strong>esset.</strong></span> <span class='ocrx_word' id='word_1_214' title='bbox 1245 1783 1300 1818; x_wconf 89' lang='lat'><strong>13.</strong></span> <span class='ocrx_word' id='word_1_215' title='bbox 1323 1782 1490 1816; x_wconf 66' lang='lat' dir='ltr'><strong>novitatit</strong></span> <span class='ocrx_word' id='word_1_216' title='bbox 1512 1785 1601 1820; x_wconf 69' lang='lat' dir='ltr'><strong>ab:</strong></span> <span class='ocrx_word' id='word_1_217' title='bbox 1628 1779 1663 1816; x_wconf 71' lang='grc' dir='ltr'><strong>(ἶ</strong></span> 
     </span>
     <span class='ocr_line' id='line_1_24' title="bbox 170 1826 328 1862; baseline 0.006 -1"><span class='ocrx_word' id='word_1_218' title='bbox 170 1826 328 1862; x_wconf 77' lang='lat' dir='ltr'><strong>civitatis.</strong></span> 
     </span>
    </p>
   </div>
   <div class='ocr_carea' id='block_1_4' title="bbox 171 1956 876 3003">
    <p class='ocr_par' dir='ltr' id='par_1_4' title="bbox 171 1956 873 2289">
     <span class='ocr_line' id='line_1_25' title="bbox 171 1956 871 2001; baseline -0.001 -11"><span class='ocrx_word' id='word_1_219' title='bbox 171 1964 290 1990; x_wconf 81' lang='lat' dir='ltr'><strong>secum</strong></span> <span class='ocrx_word' id='word_1_220' title='bbox 316 1956 469 2001; x_wconf 84' lang='lat' dir='ltr'><strong>agitata3</strong></span> <span class='ocrx_word' id='word_1_221' title='bbox 496 1958 649 1991; x_wconf 83' lang='lat' dir='ltr'><strong>narratio</strong></span> <span class='ocrx_word' id='word_1_222' title='bbox 674 1958 765 1992; x_wconf 86' lang='lat' dir='ltr'><strong>redit</strong></span> <span class='ocrx_word' id='word_1_223' title='bbox 786 1970 871 1994; x_wconf 87' lang='lat' dir='ltr'><strong>ver..</strong></span> 
     </span>
     <span class='ocr_line' id='line_1_26' title="bbox 171 2003 872 2052; baseline 0.007 -16"><span class='ocrx_word' id='word_1_224' title='bbox 171 2003 225 2037; x_wconf 87' lang='lat' dir='ltr'><strong>bis</strong></span> <span class='ocrx_word' id='word_1_225' title='bbox 269 2004 349 2036; x_wconf 79' lang='lat' dir='ltr'><strong>hinc</strong></span> <span class='ocrx_word' id='word_1_226' title='bbox 387 2004 552 2038; x_wconf 78' lang='lat' dir='ltr'><strong>Caecina.</strong></span> <span class='ocrx_word' id='word_1_227' title='bbox 720 2008 872 2052; x_wconf 82' lang='lat' dir='ltr'><strong>ipsorum</strong></span> 
     </span>
     <span class='ocr_line' id='line_1_27' title="bbox 171 2051 871 2089; baseline 0.006 -4"><span class='ocrx_word' id='word_1_228' title='bbox 171 2051 359 2085; x_wconf 76' lang='lat' dir='ltr'><strong>Raetorum</strong></span> <span class='ocrx_word' id='word_1_229' title='bbox 383 2053 561 2086; x_wconf 82' lang='lat' dir='ltr'><strong>iuventus.-</strong></span> <span class='ocrx_word' id='word_1_230' title='bbox 600 2054 635 2087; x_wconf 90' lang='lat' dir='ltr'><strong>hi</strong></span> <span class='ocrx_word' id='word_1_231' title='bbox 665 2059 745 2087; x_wconf 86' lang='lat' dir='ltr'><strong>sunt</strong></span> <span class='ocrx_word' id='word_1_232' title='bbox 771 2055 871 2089; x_wconf 87' lang='lat' dir='ltr'><strong>Raeti</strong></span> 
     </span>
     <span class='ocr_line' id='line_1_28' title="bbox 171 2098 871 2145; baseline 0.01 -14"><span class='ocrx_word' id='word_1_233' title='bbox 171 2098 325 2132; x_wconf 88' lang='lat' dir='ltr'><strong>nondum</strong></span> <span class='ocrx_word' id='word_1_234' title='bbox 354 2099 417 2132; x_wconf 84' lang='lat' dir='ltr'><strong>sub</strong></span> <span class='ocrx_word' id='word_1_235' title='bbox 444 2101 567 2145; x_wconf 86' lang='lat' dir='ltr'><strong>signis,</strong></span> <span class='ocrx_word' id='word_1_236' title='bbox 595 2101 628 2134; x_wconf 85' lang='lat' dir='ltr'><strong>h.</strong></span> <span class='ocrx_word' id='word_1_237' title='bbox 647 2113 677 2136; x_wconf 89' lang='lat' dir='ltr'><strong>e.</strong></span> <span class='ocrx_word' id='word_1_238' title='bbox 707 2113 775 2136; x_wconf 90' lang='lat' dir='ltr'><strong>non</strong></span> <span class='ocrx_word' id='word_1_239' title='bbox 803 2105 871 2138; x_wconf 90' lang='lat' dir='ltr'><strong>iam</strong></span> 
     </span>
     <span class='ocr_line' id='line_1_29' title="bbox 172 2146 873 2195; baseline 0.01 -17"><span class='ocrx_word' id='word_1_240' title='bbox 172 2147 209 2179; x_wconf 90' lang='lat' dir='ltr'><strong>in</strong></span> <span class='ocrx_word' id='word_1_241' title='bbox 249 2146 410 2181; x_wconf 78' lang='lat' dir='ltr'><strong>cohortes</strong></span> <span class='ocrx_word' id='word_1_242' title='bbox 447 2148 567 2182; x_wconf 87' lang='lat' dir='ltr'><strong>alasve</strong></span> <span class='ocrx_word' id='word_1_243' title='bbox 606 2149 799 2195; x_wconf 78' lang='lat' dir='ltr'><strong>descripti,</strong></span> <span class='ocrx_word' id='word_1_244' title='bbox 834 2158 873 2185; x_wconf 91' lang='lat' dir='ltr'><strong>ut</strong></span> 
     </span>
     <span class='ocr_line' id='line_1_30' title="bbox 172 2193 870 2247; baseline 0.01 -20"><span class='ocrx_word' id='word_1_245' title='bbox 172 2193 226 2227; x_wconf 92' lang='lat' dir='ltr'><strong>illi</strong></span> <span class='ocrx_word' id='word_1_246' title='bbox 253 2195 429 2240; x_wconf 74' lang='lat' dir='ltr'><strong>quinyenti</strong></span> <span class='ocrx_word' id='word_1_247' title='bbox 454 2195 628 2231; x_wconf 77' lang='lat' dir='ltr'><strong>Pannonii</strong></span> <span class='ocrx_word' id='word_1_248' title='bbox 659 2199 719 2243; x_wconf 84' lang='lat' dir='ltr'><strong>(H.</strong></span> <span class='ocrx_word' id='word_1_249' title='bbox 747 2200 778 2233; x_wconf 88' lang='lat' dir='ltr'><strong>ll</strong></span> <span class='ocrx_word' id='word_1_250' title='bbox 808 2200 870 2247; x_wconf 83' lang='lat'><strong>14)</strong></span> 
     </span>
     <span class='ocr_line' id='line_1_31' title="bbox 172 2242 551 2289; baseline 0.008 -14"><span class='ocrx_word' id='word_1_251' title='bbox 172 2242 320 2276; x_wconf 80' lang='lat' dir='ltr'><strong>nondum</strong></span> <span class='ocrx_word' id='word_1_252' title='bbox 348 2244 406 2277; x_wconf 82' lang='lat' dir='ltr'><strong>sub</strong></span> <span class='ocrx_word' id='word_1_253' title='bbox 432 2245 551 2289; x_wconf 69' lang='lat' dir='ltr'><strong>signis.</strong></span> 
     </span>
    </p>

    <p class='ocr_par' dir='ltr' id='par_1_5' title="bbox 172 2291 872 2528">
     <span class='ocr_line' id='line_1_32' title="bbox 241 2291 870 2340; baseline 0.008 -17"><span class='ocrx_word' id='word_1_254' title='bbox 241 2291 278 2324; x_wconf 79' lang='lat' dir='ltr'><strong>in</strong></span> <span class='ocrx_word' id='word_1_255' title='bbox 303 2297 448 2325; x_wconf 81' lang='lat' dir='ltr'><strong>montem</strong></span> <span class='ocrx_word' id='word_1_256' title='bbox 470 2292 642 2327; x_wconf 77' lang='lat' dir='ltr'><strong>Vocetium</strong></span> <span class='ocrx_word' id='word_1_257' title='bbox 662 2297 870 2340; x_wconf 65' lang='lat' dir='ltr'><strong>perfugere:</strong></span> 
     </span>
     <span class='ocr_line' id='line_1_33' title="bbox 173 2338 869 2386; baseline 0.009 -15"><span class='ocrx_word' id='word_1_258' title='bbox 173 2338 342 2372; x_wconf 83' lang='lat' dir='ltr'><strong>Vocetius</strong></span> <span class='ocrx_word' id='word_1_259' title='bbox 377 2344 429 2373; x_wconf 87' lang='lat' dir='ltr'><strong>est</strong></span> <span class='ocrx_word' id='word_1_260' title='bbox 471 2351 550 2384; x_wconf 87' lang='lat' dir='ltr'><strong>pars</strong></span> <span class='ocrx_word' id='word_1_261' title='bbox 583 2343 712 2375; x_wconf 89' lang='lat' dir='ltr'><strong>montis</strong></span> <span class='ocrx_word' id='word_1_262' title='bbox 749 2343 869 2386; x_wconf 86' lang='lat' dir='ltr'><strong>lurae,</strong></span> 
     </span>
     <span class='ocr_line' id='line_1_34' title="bbox 172 2386 871 2429; baseline 0.01 -11"><span class='ocrx_word' id='word_1_263' title='bbox 172 2386 264 2419; x_wconf 85' lang='lat' dir='ltr'><strong>inter</strong></span> <span class='ocrx_word' id='word_1_264' title='bbox 290 2397 397 2429; x_wconf 80' lang='lat' dir='ltr'><strong>aquas</strong></span> <span class='ocrx_word' id='word_1_265' title='bbox 424 2387 618 2423; x_wconf 79' lang='lat' dir='ltr'><strong>Helveticas</strong></span> <span class='ocrx_word' id='word_1_266' title='bbox 650 2394 685 2423; x_wconf 86' lang='lat' dir='ltr'><strong>et</strong></span> <span class='ocrx_word' id='word_1_267' title='bbox 718 2391 871 2424; x_wconf 86' lang='lat' dir='ltr'><strong>Aventi-</strong></span> 
     </span>
     <span class='ocr_line' id='line_1_35' title="bbox 174 2433 872 2484; baseline 0.01 -19"><span class='ocrx_word' id='word_1_268' title='bbox 174 2442 251 2466; x_wconf 91' lang='lat' dir='ltr'><strong>cum</strong></span> <span class='ocrx_word' id='word_1_269' title='bbox 276 2433 349 2467; x_wconf 82' lang='lat' dir='ltr'><strong>fere</strong></span> <span class='ocrx_word' id='word_1_270' title='bbox 376 2434 510 2469; x_wconf 86' lang='lat' dir='ltr'><strong>medius</strong></span> <span class='ocrx_word' id='word_1_271' title='bbox 542 2437 773 2481; x_wconf 85' lang='lat' dir='ltr'><strong>interiectus,</strong></span> <span class='ocrx_word' id='word_1_272' title='bbox 812 2439 872 2484; x_wconf 92' lang='lat' dir='ltr'><strong>qui</strong></span> 
     </span>
     <span class='ocr_line' id='line_1_36' title="bbox 175 2479 709 2528; baseline 0.011 -15"><span class='ocrx_word' id='word_1_273' title='bbox 175 2479 281 2514; x_wconf 86' lang='lat' dir='ltr'><strong>hodie</strong></span> <span class='ocrx_word' id='word_1_274' title='bbox 306 2482 474 2527; x_wconf 68' lang='lat' dir='ltr'><strong>Boezbery</strong></span> <span class='ocrx_word' id='word_1_275' title='bbox 500 2484 709 2528; x_wconf 86' lang='lat' dir='ltr'><strong>appellatur.</strong></span> 
     </span>
    </p>

    <p class='ocr_par' dir='ltr' id='par_1_6' title="bbox 171 2527 876 3003">
     <span class='ocr_line' id='line_1_37' title="bbox 250 2527 874 2567; baseline 0.01 -6"><span class='ocrx_word' id='word_1_276' title='bbox 250 2527 450 2563; x_wconf 77' lang='lat' dir='ltr'><strong>Aventicum</strong></span> <span class='ocrx_word' id='word_1_277' title='bbox 466 2541 476 2562; x_wconf 91' lang='lat'><strong>.·</strong></span> <span class='ocrx_word' id='word_1_278' title='bbox 503 2531 705 2566; x_wconf 83' lang='lat' dir='ltr'><strong>Ammianus</strong></span> <span class='ocrx_word' id='word_1_279' title='bbox 722 2533 874 2567; x_wconf 86' lang='lat' dir='ltr'><strong>Marcel-</strong></span> 
     </span>
     <span class='ocr_line' id='line_1_38' title="bbox 176 2575 876 2625; baseline 0.009 -16"><span class='ocrx_word' id='word_1_280' title='bbox 176 2575 268 2609; x_wconf 84' lang='lat' dir='ltr'><strong>linus</strong></span> <span class='ocrx_word' id='word_1_281' title='bbox 294 2576 356 2609; x_wconf 90' lang='lat' dir='ltr'><strong>XV</strong></span> <span class='ocrx_word' id='word_1_282' title='bbox 386 2578 425 2611; x_wconf 88' lang='grc'><strong>11</strong></span> <span class='ocrx_word' id='word_1_283' title='bbox 457 2580 520 2614; x_wconf 75' lang='lat'><strong>122</strong></span> <span class='ocrx_word' id='word_1_284' title='bbox 558 2579 662 2625; x_wconf 80' lang='lat' dir='ltr'><strong>Alpes</strong></span> <span class='ocrx_word' id='word_1_285' title='bbox 688 2581 818 2615; x_wconf 71' lang='lat' dir='ltr'><strong>Graiae</strong></span> <span class='ocrx_word' id='word_1_286' title='bbox 845 2588 876 2616; x_wconf 85' lang='lat' dir='ltr'><strong>et</strong></span> 
     </span>
     <span class='ocr_line' id='line_1_39' title="bbox 174 2622 874 2673; baseline 0.011 -17"><span class='ocrx_word' id='word_1_287' title='bbox 174 2622 351 2657; x_wconf 77' lang='lat' dir='ltr'><strong>Poeninae</strong></span> <span class='ocrx_word' id='word_1_288' title='bbox 376 2645 421 2651; x_wconf 90' lang='lat'>—</span> <span class='ocrx_word' id='word_1_289' title='bbox 447 2624 571 2660; x_wconf 78' lang='lat' dir='ltr'><strong>habent</strong></span> <span class='ocrx_word' id='word_1_290' title='bbox 605 2633 637 2661; x_wconf 87' lang='lat' dir='ltr'><strong>et</strong></span> <span class='ocrx_word' id='word_1_291' title='bbox 658 2627 874 2673; x_wconf 76' lang='lat' dir='ltr'><strong>Aventicum,</strong></span> 
     </span>
     <span class='ocr_line' id='line_1_40' title="bbox 173 2670 875 2716; baseline 0.01 -12"><span class='ocrx_word' id='word_1_292' title='bbox 173 2670 344 2705; x_wconf 79' lang='lat' dir='ltr'><strong>desertam</strong></span> <span class='ocrx_word' id='word_1_293' title='bbox 369 2672 502 2716; x_wconf 77' lang='lat' dir='ltr'><strong>quidem</strong></span> <span class='ocrx_word' id='word_1_294' title='bbox 526 2675 698 2710; x_wconf 68' lang='lat' dir='ltr'><strong>civitatem</strong></span> <span class='ocrx_word' id='word_1_295' title='bbox 721 2676 780 2710; x_wconf 81' lang='lat' dir='ltr'><strong>sed</strong></span> <span class='ocrx_word' id='word_1_296' title='bbox 804 2688 875 2711; x_wconf 76' lang='lat' dir='ltr'><strong>non</strong></span> 
     </span>
     <span class='ocr_line' id='line_1_41' title="bbox 171 2719 876 2768; baseline 0.011 -17"><span class='ocrx_word' id='word_1_297' title='bbox 171 2719 356 2763; x_wconf 73' lang='lat' dir='ltr'><strong>iynobilem</strong></span> <span class='ocrx_word' id='word_1_298' title='bbox 396 2722 589 2765; x_wconf 76' lang='lat' dir='ltr'><strong>quondam3</strong></span> <span class='ocrx_word' id='word_1_299' title='bbox 638 2729 676 2757; x_wconf 82' lang='lat' dir='ltr'><strong>ut</strong></span> <span class='ocrx_word' id='word_1_300' title='bbox 714 2724 876 2768; x_wconf 74' lang='lat' dir='ltr'><strong>aedificia</strong></span> 
     </span>
     <span class='ocr_line' id='line_1_42' title="bbox 171 2767 870 2814; baseline 0.013 -16"><span class='ocrx_word' id='word_1_301' title='bbox 171 2767 336 2800; x_wconf 80' lang='lat' dir='ltr'><strong>semiruta</strong></span> <span class='ocrx_word' id='word_1_302' title='bbox 360 2778 452 2802; x_wconf 82' lang='lat' dir='ltr'><strong>nunc</strong></span> <span class='ocrx_word' id='word_1_303' title='bbox 477 2780 605 2814; x_wconf 84' lang='lat' dir='ltr'><strong>quoque</strong></span> <span class='ocrx_word' id='word_1_304' title='bbox 625 2771 870 2807; x_wconf 79' lang='lat' dir='ltr'><strong>demonstrant.</strong></span> 
     </span>
     <span class='ocr_line' id='line_1_43' title="bbox 171 2813 872 2859; baseline 0.013 -13"><span class='ocrx_word' id='word_1_305' title='bbox 171 2813 362 2859; x_wconf 75' lang='lat' dir='ltr'><strong>Antiquam</strong></span> <span class='ocrx_word' id='word_1_306' title='bbox 389 2825 515 2851; x_wconf 90' lang='lat' dir='ltr'><strong>nomen</strong></span> <span class='ocrx_word' id='word_1_307' title='bbox 541 2818 672 2853; x_wconf 81' lang='lat' dir='ltr'><strong>retinet</strong></span> <span class='ocrx_word' id='word_1_308' title='bbox 694 2820 872 2855; x_wconf 66' lang='lat' dir='ltr'><strong>Avenches</strong></span> 
     </span>
     <span class='ocr_line' id='line_1_44' title="bbox 171 2862 872 2915; baseline 0.013 -21"><span class='ocrx_word' id='word_1_309' title='bbox 171 2862 207 2895; x_wconf 88' lang='lat' dir='ltr'><strong>in</strong></span> <span class='ocrx_word' id='word_1_310' title='bbox 237 2863 404 2897; x_wconf 83' lang='lat' dir='ltr'><strong>comitatu</strong></span> <span class='ocrx_word' id='word_1_311' title='bbox 421 2862 782 2915; x_wconf 84' lang='lat' dir='ltr'><strong>Veldensi(Waadt);</strong></span> <span class='ocrx_word' id='word_1_312' title='bbox 810 2878 872 2903; x_wconf 87' lang='lat' dir='ltr'><strong>ca-</strong></span> 
     </span>
     <span class='ocr_line' id='line_1_45' title="bbox 171 2909 872 2959; baseline 0.013 -16"><span class='ocrx_word' id='word_1_313' title='bbox 171 2909 313 2944; x_wconf 83' lang='lat' dir='ltr'><strong>stellum</strong></span> <span class='ocrx_word' id='word_1_314' title='bbox 359 2911 548 2959; x_wconf 66' lang='lat' dir='ltr'><strong>Wiptisbury</strong></span> <span class='ocrx_word' id='word_1_315' title='bbox 577 2916 612 2948; x_wconf 89' lang='lat' dir='ltr'><strong>in</strong></span> <span class='ocrx_word' id='word_1_316' title='bbox 647 2915 772 2951; x_wconf 84' lang='lat' dir='ltr'><strong>eodem</strong></span> <span class='ocrx_word' id='word_1_317' title='bbox 806 2927 872 2951; x_wconf 91' lang='lat' dir='ltr'><strong>co-</strong></span> 
     </span>
     <span class='ocr_line' id='line_1_46' title="bbox 171 2958 871 3003; baseline 0.011 -12"><span class='ocrx_word' id='word_1_318' title='bbox 171 2958 296 2992; x_wconf 83' lang='lat' dir='ltr'><strong>mitatu</strong></span> <span class='ocrx_word' id='word_1_319' title='bbox 321 2959 533 3003; x_wconf 78' lang='lat' dir='ltr'><strong>pertinuisse</strong></span> <span class='ocrx_word' id='word_1_320' title='bbox 560 2961 602 2996; x_wconf 78' lang='lat' dir='ltr'><strong>ad</strong></span> <span class='ocrx_word' id='word_1_321' title='bbox 628 2961 717 2998; x_wconf 84' lang='lat' dir='ltr'><strong>hane</strong></span> <span class='ocrx_word' id='word_1_322' title='bbox 743 2965 871 2999; x_wconf 82' lang='lat' dir='ltr'><strong>civita-</strong></span> 
     </span>
    </p>
   </div>
   <div class='ocr_carea' id='block_1_5' title="bbox 939 1956 1658 3005">
    <p class='ocr_par' dir='ltr' id='par_1_7' title="bbox 939 1956 1658 2098">
     <span class='ocr_line' id='line_1_47' title="bbox 940 1956 1658 2002; baseline -0.003 -9"><span class='ocrx_word' id='word_1_323' title='bbox 940 1965 1012 1994; x_wconf 88' lang='lat' dir='ltr'><strong>tem</strong></span> <span class='ocrx_word' id='word_1_324' title='bbox 1039 1959 1220 2002; x_wconf 81' lang='lat' dir='ltr'><strong>creditur3</strong></span> <span class='ocrx_word' id='word_1_325' title='bbox 1247 1969 1281 1993; x_wconf 88' lang='lat' dir='ltr'><strong>v.</strong></span> <span class='ocrx_word' id='word_1_326' title='bbox 1308 1956 1506 1993; x_wconf 76' lang='lat' dir='ltr'><strong>D’Anvittii</strong></span> <span class='ocrx_word' id='word_1_327' title='bbox 1526 1956 1658 1992; x_wconf 70' lang='lat' dir='ltr'><strong>Notio·</strong></span> 
     </span>
     <span class='ocr_line' id='line_1_48' title="bbox 940 2003 1656 2053; baseline -0.003 -11"><span class='ocrx_word' id='word_1_328' title='bbox 940 2008 983 2042; x_wconf 89' lang='lat' dir='ltr'><strong>de</strong></span> <span class='ocrx_word' id='word_1_329' title='bbox 1010 2007 1094 2042; x_wconf 91' lang='lat' dir='ltr'><strong>l&#39;an.</strong></span> <span class='ocrx_word' id='word_1_330' title='bbox 1123 2007 1236 2042; x_wconf 87' lang='lat' dir='ltr'><strong>Gaule</strong></span> <span class='ocrx_word' id='word_1_331' title='bbox 1262 2017 1295 2051; x_wconf 84' lang='lat' dir='ltr'><strong>p.</strong></span> <span class='ocrx_word' id='word_1_332' title='bbox 1318 2006 1387 2042; x_wconf 81' lang='lat'><strong>1¹4</strong></span> <span class='ocrx_word' id='word_1_333' title='bbox 1411 2016 1488 2053; x_wconf 78' lang='lat' dir='ltr'><strong>sqq.</strong></span> <span class='ocrx_word' id='word_1_334' title='bbox 1526 2003 1656 2042; x_wconf 72' lang='lat' dir='ltr'><strong>nmini</strong></span> 
     </span>
     <span class='ocr_line' id='line_1_49' title="bbox 939 2055 1515 2098; baseline 0 -8"><span class='ocrx_word' id='word_1_335' title='bbox 939 2056 1048 2090; x_wconf 87' lang='lat' dir='ltr'><strong>lnscr.</strong></span> <span class='ocrx_word' id='word_1_336' title='bbox 1080 2056 1154 2090; x_wconf 87' lang='lat' dir='ltr'><strong>Lat.</strong></span> <span class='ocrx_word' id='word_1_337' title='bbox 1184 2066 1218 2089; x_wconf 89' lang='lat' dir='ltr'><strong>n.</strong></span> <span class='ocrx_word' id='word_1_338' title='bbox 1245 2055 1452 2091; x_wconf 64' lang='lat'><strong>360-372.</strong></span> <span class='ocrx_word' id='word_1_339' title='bbox 1510 2094 1515 2098; x_wconf 58' lang='grc'><strong>,</strong></span> 
     </span>
    </p>

    <p class='ocr_par' dir='ltr' id='par_1_8' title="bbox 939 2101 1658 2629">
     <span class='ocr_line' id='line_1_50' title="bbox 1008 2101 1656 2149; baseline -0.005 -11"><span class='ocrx_word' id='word_1_340' title='bbox 1008 2105 1047 2138; x_wconf 80' lang='lat' dir='ltr'><strong>in</strong></span> <span class='ocrx_word' id='word_1_341' title='bbox 1076 2104 1203 2138; x_wconf 74' lang='lat' dir='ltr'><strong>Iulium</strong></span> <span class='ocrx_word' id='word_1_342' title='bbox 1221 2102 1387 2149; x_wconf 80' lang='lat' dir='ltr'><strong>Alpinum</strong></span> <span class='ocrx_word' id='word_1_343' title='bbox 1415 2123 1461 2130; x_wconf 94' lang='lat'><em>-</em></span> <span class='ocrx_word' id='word_1_344' title='bbox 1487 2101 1656 2136; x_wconf 63' lang='lat' dir='ltr'><strong>animl-</strong></span> 
     </span>
     <span class='ocr_line' id='line_1_51' title="bbox 939 2149 1656 2186; baseline -0.003 0"><span class='ocrx_word' id='word_1_345' title='bbox 939 2154 1060 2186; x_wconf 80' lang='lat' dir='ltr'><strong>vertit:</strong></span> <span class='ocrx_word' id='word_1_346' title='bbox 1095 2153 1210 2186; x_wconf 80' lang='lat' dir='ltr'><strong>forma</strong></span> <span class='ocrx_word' id='word_1_347' title='bbox 1245 2152 1345 2186; x_wconf 84' lang='lat' dir='ltr'><strong>verbi</strong></span> <span class='ocrx_word' id='word_1_348' title='bbox 1373 2149 1656 2186; x_wconf 62' lang='lat' dir='ltr'><strong>autumaveris„</strong></span> 
     </span>
     <span class='ocr_line' id='line_1_52' title="bbox 939 2196 1656 2245; baseline -0.004 -11"><span class='ocrx_word' id='word_1_349' title='bbox 939 2210 1024 2234; x_wconf 90' lang='lat' dir='ltr'><strong>usus</strong></span> <span class='ocrx_word' id='word_1_350' title='bbox 1043 2205 1097 2234; x_wconf 88' lang='lat' dir='ltr'><strong>est</strong></span> <span class='ocrx_word' id='word_1_351' title='bbox 1111 2200 1155 2234; x_wconf 82' lang='lat' dir='ltr'><strong>ad</strong></span> <span class='ocrx_word' id='word_1_352' title='bbox 1178 2200 1395 2245; x_wconf 86' lang='lat' dir='ltr'><strong>supplicium</strong></span> <span class='ocrx_word' id='word_1_353' title='bbox 1414 2196 1656 2234; x_wconf 73' lang='lat' dir='ltr'><strong>denotandum</strong></span> 
     </span>
     <span class='ocr_line' id='line_1_53' title="bbox 940 2245 1656 2295; baseline -0.003 -14"><span class='ocrx_word' id='word_1_354' title='bbox 940 2249 976 2281; x_wconf 90' lang='lat' dir='ltr'><strong>in</strong></span> <span class='ocrx_word' id='word_1_355' title='bbox 1005 2248 1171 2283; x_wconf 86' lang='lat' dir='ltr'><strong>Historiis</strong></span> <span class='ocrx_word' id='word_1_356' title='bbox 1209 2250 1242 2294; x_wconf 89' lang='lat'><strong>(1</strong></span> <span class='ocrx_word' id='word_1_357' title='bbox 1266 2249 1334 2291; x_wconf 73' lang='lat'><strong>46,</strong></span> <span class='ocrx_word' id='word_1_358' title='bbox 1371 2246 1421 2283; x_wconf 85' lang='lat' dir='ltr'><strong>lv</strong></span> <span class='ocrx_word' id='word_1_359' title='bbox 1447 2245 1537 2295; x_wconf 75' lang='lat'><strong>49),</strong></span> <span class='ocrx_word' id='word_1_360' title='bbox 1568 2246 1656 2280; x_wconf 81' lang='lat' dir='ltr'><strong>item</strong></span> 
     </span>
     <span class='ocr_line' id='line_1_54' title="bbox 940 2294 1657 2342; baseline -0.001 -13"><span class='ocrx_word' id='word_1_361' title='bbox 940 2297 977 2329; x_wconf 89' lang='lat' dir='ltr'><strong>in</strong></span> <span class='ocrx_word' id='word_1_362' title='bbox 997 2296 1184 2332; x_wconf 86' lang='lat' dir='ltr'><strong>Germania</strong></span> <span class='ocrx_word' id='word_1_363' title='bbox 1209 2297 1315 2331; x_wconf 87' lang='lat' dir='ltr'><strong>simul</strong></span> <span class='ocrx_word' id='word_1_364' title='bbox 1341 2296 1438 2331; x_wconf 85' lang='lat' dir='ltr'><strong>edita</strong></span> <span class='ocrx_word' id='word_1_365' title='bbox 1465 2298 1520 2342; x_wconf 79' lang='lat' dir='ltr'><strong>(c.</strong></span> <span class='ocrx_word' id='word_1_366' title='bbox 1536 2295 1592 2342; x_wconf 76' lang='lat'><strong>⁷),</strong></span> <span class='ocrx_word' id='word_1_367' title='bbox 1619 2294 1657 2328; x_wconf 81' lang='lat' dir='ltr'><strong>ln</strong></span> 
     </span>
     <span class='ocr_line' id='line_1_55' title="bbox 941 2341 1657 2379; baseline -0.001 -2"><span class='ocrx_word' id='word_1_368' title='bbox 941 2345 1138 2379; x_wconf 86' lang='lat' dir='ltr'><strong>Annalibus</strong></span> <span class='ocrx_word' id='word_1_369' title='bbox 1162 2345 1308 2379; x_wconf 79' lang='lat' dir='ltr'><strong>brevius</strong></span> <span class='ocrx_word' id='word_1_370' title='bbox 1335 2345 1521 2379; x_wconf 70' lang='lat' dir='ltr'><strong>advertere</strong></span> <span class='ocrx_word' id='word_1_371' title='bbox 1541 2343 1581 2376; x_wconf 63' lang='lat' dir='ltr'><strong>in</strong></span> <span class='ocrx_word' id='word_1_372' title='bbox 1597 2341 1657 2376; x_wconf 73' lang='lat' dir='ltr'><strong>dt-</strong></span> 
     </span>
     <span class='ocr_line' id='line_1_56' title="bbox 942 2393 1658 2440; baseline 0 -15"><span class='ocrx_word' id='word_1_373' title='bbox 942 2394 993 2425; x_wconf 78' lang='lat' dir='ltr'><strong>xit</strong></span> <span class='ocrx_word' id='word_1_374' title='bbox 1022 2393 1073 2437; x_wconf 88' lang='lat' dir='ltr'><strong>(ll</strong></span> <span class='ocrx_word' id='word_1_375' title='bbox 1097 2396 1157 2436; x_wconf 84' lang='lat'><strong>32,</strong></span> <span class='ocrx_word' id='word_1_376' title='bbox 1187 2393 1215 2427; x_wconf 90' lang='lat' dir='ltr'>V</span> <span class='ocrx_word' id='word_1_377' title='bbox 1236 2393 1278 2440; x_wconf 83' lang='lat'><strong>9)</strong></span> <span class='ocrx_word' id='word_1_378' title='bbox 1309 2393 1354 2427; x_wconf 85' lang='lat' dir='ltr'><strong>de</strong></span> <span class='ocrx_word' id='word_1_379' title='bbox 1381 2397 1542 2427; x_wconf 76' lang='lat' dir='ltr'><strong>extremo</strong></span> <span class='ocrx_word' id='word_1_380' title='bbox 1566 2398 1608 2425; x_wconf 80' lang='lat' dir='ltr'><strong>su</strong></span> <span class='ocrx_word' id='word_1_381' title='bbox 1636 2410 1658 2421; x_wconf 88' lang='lat'>-</span> 
     </span>
     <span class='ocr_line' id='line_1_57' title="bbox 942 2439 1656 2487; baseline -0.001 -13"><span class='ocrx_word' id='word_1_382' title='bbox 942 2440 1064 2484; x_wconf 88' lang='lat' dir='ltr'><strong>plicio‚</strong></span> <span class='ocrx_word' id='word_1_383' title='bbox 1090 2442 1272 2476; x_wconf 71' lang='lat' dir='ltr'><strong>advertere</strong></span> <span class='ocrx_word' id='word_1_384' title='bbox 1298 2440 1435 2487; x_wconf 85' lang='lat' dir='ltr'><strong>aliquid</strong></span> <span class='ocrx_word' id='word_1_385' title='bbox 1460 2439 1507 2474; x_wconf 74' lang='lat' dir='ltr'><strong>de</strong></span> <span class='ocrx_word' id='word_1_386' title='bbox 1531 2447 1610 2487; x_wconf 70' lang='lat' dir='ltr'><strong>reo</strong></span> <span class='ocrx_word' id='word_1_387' title='bbox 1635 2457 1656 2468; x_wconf 89' lang='lat'>-</span> 
     </span>
     <span class='ocr_line' id='line_1_58' title="bbox 947 2486 1656 2533; baseline -0.003 -11"><span class='ocrx_word' id='word_1_388' title='bbox 947 2495 1087 2523; x_wconf 86' lang='lat' dir='ltr'><strong>servata</strong></span> <span class='ocrx_word' id='word_1_389' title='bbox 1121 2494 1157 2523; x_wconf 86' lang='lat' dir='ltr'><strong>et</strong></span> <span class='ocrx_word' id='word_1_390' title='bbox 1189 2499 1260 2523; x_wconf 87' lang='lat' dir='ltr'><strong>non</strong></span> <span class='ocrx_word' id='word_1_391' title='bbox 1295 2489 1548 2533; x_wconf 69' lang='lat' dir='ltr'><strong>praetermissa</strong></span> <span class='ocrx_word' id='word_1_392' title='bbox 1577 2486 1656 2521; x_wconf 75' lang='lat' dir='ltr'><strong>sine</strong></span> 
     </span>
     <span class='ocr_line' id='line_1_59' title="bbox 943 2532 1656 2583; baseline -0.003 -13"><span class='ocrx_word' id='word_1_393' title='bbox 943 2546 1058 2580; x_wconf 83' lang='lat' dir='ltr'><strong>poena</strong></span> <span class='ocrx_word' id='word_1_394' title='bbox 1085 2537 1152 2583; x_wconf 87' lang='grc' dir='ltr'>(ΙΙΙ</span> <span class='ocrx_word' id='word_1_395' title='bbox 1181 2538 1248 2581; x_wconf 83' lang='lat'><strong>52,</strong></span> <span class='ocrx_word' id='word_1_396' title='bbox 1290 2537 1338 2572; x_wconf 78' lang='lat' dir='ltr'><strong>lv</strong></span> <span class='ocrx_word' id='word_1_397' title='bbox 1364 2537 1412 2573; x_wconf 78' lang='lat'><strong>35</strong></span> <span class='ocrx_word' id='word_1_398' title='bbox 1449 2541 1487 2570; x_wconf 81' lang='lat' dir='ltr'><strong>et</strong></span> <span class='ocrx_word' id='word_1_399' title='bbox 1510 2535 1579 2577; x_wconf 67' lang='lat'><strong>64,</strong></span> <span class='ocrx_word' id='word_1_400' title='bbox 1609 2532 1656 2568; x_wconf 76' lang='lat' dir='ltr'><strong>Vl</strong></span> 
     </span>
     <span class='ocr_line' id='line_1_60' title="bbox 942 2585 1181 2629; baseline 0 -10"><span class='ocrx_word' id='word_1_401' title='bbox 942 2586 1001 2627; x_wconf 81' lang='lat'><strong>40,</strong></span> <span class='ocrx_word' id='word_1_402' title='bbox 1029 2585 1089 2619; x_wconf 85' lang='grc' dir='ltr'><strong>ΧΠ</strong></span> <span class='ocrx_word' id='word_1_403' title='bbox 1105 2586 1181 2629; x_wconf 88' lang='lat'>51).</span> 
     </span>
    </p>

    <p class='ocr_par' dir='ltr' id='par_1_9' title="bbox 940 2629 1657 3005">
     <span class='ocr_line' id='line_1_61' title="bbox 1015 2629 1657 2678; baseline -0.005 -11"><span class='ocrx_word' id='word_1_404' title='bbox 1015 2633 1100 2678; x_wconf 83' lang='lat' dir='ltr'><strong>Cap.</strong></span> <span class='ocrx_word' id='word_1_405' title='bbox 1127 2633 1187 2669; x_wconf 85' lang='lat'><strong>69.</strong></span> <span class='ocrx_word' id='word_1_406' title='bbox 1253 2643 1297 2667; x_wconf 85' lang='lat' dir='ltr'><strong>m·</strong></span> <span class='ocrx_word' id='word_1_407' title='bbox 1331 2631 1490 2668; x_wconf 62' lang='lat' dir='ltr'><strong>rusum</strong></span> <span class='ocrx_word' id='word_1_408' title='bbox 1515 2629 1657 2677; x_wconf 60' lang='lat' dir='ltr'><strong>quidem</strong></span> 
     </span>
     <span class='ocr_line' id='line_1_62' title="bbox 942 2679 1655 2727; baseline -0.003 -13"><span class='ocrx_word' id='word_1_409' title='bbox 942 2681 1045 2715; x_wconf 73' lang='lat' dir='ltr'><strong>minis</strong></span> <span class='ocrx_word' id='word_1_410' title='bbox 1082 2693 1126 2718; x_wconf 84' lang='lat' dir='ltr'><strong>ac</strong></span> <span class='ocrx_word' id='word_1_411' title='bbox 1160 2681 1276 2716; x_wconf 76' lang='lat' dir='ltr'><strong>verbis</strong></span> <span class='ocrx_word' id='word_1_412' title='bbox 1303 2679 1540 2727; x_wconf 65' lang='lat' dir='ltr'><strong>temperabat.-</strong></span> <span class='ocrx_word' id='word_1_413' title='bbox 1580 2687 1655 2724; x_wconf 74' lang='lat' dir='ltr'><strong>quo</strong></span> 
     </span>
     <span class='ocr_line' id='line_1_63' title="bbox 943 2728 1654 2774; baseline 0.001 -13"><span class='ocrx_word' id='word_1_414' title='bbox 943 2728 1073 2763; x_wconf 81' lang='lat' dir='ltr'><strong>milites</strong></span> <span class='ocrx_word' id='word_1_415' title='bbox 1099 2731 1233 2774; x_wconf 88' lang='lat' dir='ltr'><strong>impetu</strong></span> <span class='ocrx_word' id='word_1_416' title='bbox 1246 2739 1311 2764; x_wconf 84' lang='lat' dir='ltr'><strong>suo</strong></span> <span class='ocrx_word' id='word_1_417' title='bbox 1333 2730 1582 2774; x_wconf 72' lang='lat' dir='ltr'><strong>proruperant,</strong></span> <span class='ocrx_word' id='word_1_418' title='bbox 1609 2736 1654 2762; x_wconf 85' lang='lat' dir='ltr'><strong>eo</strong></span> 
     </span>
     <span class='ocr_line' id='line_1_64' title="bbox 942 2775 1654 2823; baseline -0.001 -15"><span class='ocrx_word' id='word_1_419' title='bbox 942 2776 1076 2810; x_wconf 82' lang='lat' dir='ltr'><strong>tardum</strong></span> <span class='ocrx_word' id='word_1_420' title='bbox 1105 2783 1139 2812; x_wconf 89' lang='lat' dir='ltr'><strong>et</strong></span> <span class='ocrx_word' id='word_1_421' title='bbox 1166 2778 1344 2812; x_wconf 87' lang='lat' dir='ltr'><strong>abiectum</strong></span> <span class='ocrx_word' id='word_1_422' title='bbox 1371 2776 1556 2823; x_wconf 79' lang='lat' dir='ltr'><strong>ingenium</strong></span> <span class='ocrx_word' id='word_1_423' title='bbox 1587 2775 1654 2809; x_wconf 78' lang='lat' dir='ltr'><strong>vi-</strong></span> 
     </span>
     <span class='ocr_line' id='line_1_65' title="bbox 942 2823 1652 2871; baseline 0.001 -14"><span class='ocrx_word' id='word_1_424' title='bbox 942 2824 1032 2858; x_wconf 83' lang='lat' dir='ltr'><strong>tellii</strong></span> <span class='ocrx_word' id='word_1_425' title='bbox 1058 2831 1256 2871; x_wconf 85' lang='lat' dir='ltr'><strong>promptum</strong></span> <span class='ocrx_word' id='word_1_426' title='bbox 1293 2824 1494 2859; x_wconf 72' lang='lat' dir='ltr'><strong>inclinavit.</strong></span> <span class='ocrx_word' id='word_1_427' title='bbox 1543 2823 1652 2869; x_wconf 81' lang='lat' dir='ltr'><strong>Atqui</strong></span> 
     </span>
     <span class='ocr_line' id='line_1_66' title="bbox 940 2871 1653 2917; baseline 0.001 -12"><span class='ocrx_word' id='word_1_428' title='bbox 940 2871 993 2906; x_wconf 87' lang='lat' dir='ltr'><strong>illi</strong></span> <span class='ocrx_word' id='word_1_429' title='bbox 1021 2883 1090 2907; x_wconf 89' lang='lat' dir='ltr'><strong>non</strong></span> <span class='ocrx_word' id='word_1_430' title='bbox 1115 2875 1229 2909; x_wconf 67' lang='lat' dir='ltr'><strong>verbis</strong></span> <span class='ocrx_word' id='word_1_431' title='bbox 1254 2876 1496 2917; x_wconf 72' lang='lat' dir='ltr'><strong>temperantes</strong></span> <span class='ocrx_word' id='word_1_432' title='bbox 1522 2872 1653 2906; x_wconf 79' lang='lat' dir='ltr'><strong>civita-</strong></span> 
     </span>
     <span class='ocr_line' id='line_1_67' title="bbox 940 2918 1652 2967; baseline 0.007 -14"><span class='ocrx_word' id='word_1_433' title='bbox 940 2920 984 2954; x_wconf 84' lang='lat' dir='ltr'><strong>tis</strong></span> <span class='ocrx_word' id='word_1_434' title='bbox 1012 2922 1188 2957; x_wconf 84' lang='lat' dir='ltr'><strong>excidium</strong></span> <span class='ocrx_word' id='word_1_435' title='bbox 1214 2920 1503 2967; x_wconf 78' lang='lat' dir='ltr'><strong>postulaverant,</strong></span> <span class='ocrx_word' id='word_1_436' title='bbox 1543 2918 1652 2958; x_wconf 72' lang='lat' dir='ltr'><strong>iidem</strong></span> 
     </span>
     <span class='ocr_line' id='line_1_68' title="bbox 940 2967 1652 3005; baseline 0 -3"><span class='ocrx_word' id='word_1_437' title='bbox 940 2969 1042 3003; x_wconf 71' lang='lat' dir='ltr'><strong>minis</strong></span> <span class='ocrx_word' id='word_1_438' title='bbox 1081 2969 1260 3005; x_wconf 73' lang='lat' dir='ltr'><strong>immodici</strong></span> <span class='ocrx_word' id='word_1_439' title='bbox 1296 2967 1370 3003; x_wconf 81' lang='lat' dir='ltr'><strong>tela</strong></span> <span class='ocrx_word' id='word_1_440' title='bbox 1395 2979 1438 3004; x_wconf 79' lang='lat' dir='ltr'><strong>ac</strong></span> <span class='ocrx_word' id='word_1_441' title='bbox 1465 2976 1591 3004; x_wconf 69' lang='lat' dir='ltr'><strong>manus</strong></span> <span class='ocrx_word' id='word_1_442' title='bbox 1613 2967 1652 3003; x_wconf 69' lang='lat' dir='ltr'><strong>in</strong></span> 
     </span>
    </p>
   </div>
  </div>
 </body>
</html>
