1768 3216
767 276 771 279 ,
803 233 891 269 Gn.
917 236 954 270 2.
1607 237 1633 270 ¹7

133 356 231 392 nem
257 348 397 403 gentis
443 348 782 404 conditoresque.
842 351 994 393 Manno
1036 351 1112 393 tris
1155 351 1264 393 filios
1308 350 1556 407 adsignant,
1608 364 1634 394 e

135 432 311 476 qnorum
342 423 580 465 nominibus
610 424 789 477 proximi
820 425 991 467 Oceano
1023 426 1311 480 Ingaevones,
1355 426 1484 468 medii
1521 426 1634 469 Her-

134 497 312 549 miones,
343 497 474 539 ceteri
502 497 747 540 Istaevones
776 504 996 541 vocentur.

270 570 461 622 Quidam,
491 575 535 612 ut
563 572 606 612 in
634 571 805 615 licentia
834 573 1075 625 vetustatis,
1117 574 1246 627 pluris
1277 574 1358 616 deo
1391 578 1507 616 ortos
1536 574 1633 627 plu-

135 645 279 699 risque
306 646 445 700 gentis
478 635 791 700 appellationes,
824 637 998 690 'Marsos
1031 648 1293 690 Gambrivios
1322 649 1483 691 Suevos
1503 650 1633 691 ‹Van-
1651 664 1668 693 ε

134 718 270 761 dalios
304 719 544 772 adfirmant,
594 733 726 775 eaque
765 734 868 763 vera
908 726 949 763 et
989 723 1155 776 antiqua
1195 723 1378 764 nomina.
1439 723 1631 765 Ceterum

135 782 383 835 German-iae
416 794 665 836 vocabulum
695 808 846 838 recens
881 800 922 836 et
952 808 1085 850 nuper
1115 795 1312 849 additum,
1345 797 1540 850 quoniam
1563 797 1634 850 qui

132 867 255 922 primi
283 867 471 911 Rhenum
497 870 751 924 transgressi
783 869 923 912 Gallos
955 870 1216 924 expulerint,
1245 874 1291 911 ut
1319 882 1430 913 nunc
1458 870 1630 926 Tungri,

272 1038 305 1072 1.
337 1038 594 1084 conditorisque
621 1038 646 1072 P
675 1049 755 1073 cum
781 1038 977 1085 plerisque.

131 1087 167 1122 2.
197 1085 394 1121 herminus
417 1097 596 1131 super-scr.
623 1098 648 1120 n
674 1087 718 1121 ab
745 1087 816 1121 alia
841 1098 947 1121 manu
970 1087 1007 1122 P.

789 1135 825 1168 4.
850 1136 964 1181 pluris
989 1157 1035 1162 —
1056 1135 1244 1182 pluresque
1270 1136 1296 1169 P
1325 1146 1404 1170 cum
1432 1135 1626 1181 plerisque.

131 1133 312 1169 desiderat
337 1134 536 1181 Mytholog.
565 1147 601 1180 p.
630 1137 715 1171 320.

131 1183 166 1218 5.
205 1183 388 1228 gabr-'stim
425 1183 567 1219 litterae
598 1196 624 1217 n
648 1194 825 1228 superscr.
850 1197 871 1218 v
910 1184 946 1218 Ρ.

549 1233 586 1267 8.
613 1238 652 1267 ut
676 1231 723 1266 P:
750 1233 861 1267 ceteri
885 1244 941 1268 ac.

130 1229 284 1265 Plinium
318 1231 460 1266 Vindia.

133 1395 171 1426 et
207 1389 328 1426 Tuisco
372 1391 514 1426 demum
553 1402 598 1426 ex
637 1393 841 1427 nominibus

137 1438 283 1474 Tedesco
311 1442 347 1473 et
379 1439 562 1483 Teutsclte,
588 1439 709 1474 Tacito
735 1441 842 1485 plane

131 1487 347 1534 incognitis,
379 1489 494 1533 petita
520 1493 586 1523 est.
644 1490 847 1524 Tuisconem

131 1535 259 1581 probat
271 1535 460 1571 Grimmius
481 1536 682 1583 mytholog.
710 1537 844 1572 Theod.

211 1650 430 1701 Inqaevones
465 1677 507 1683 —
542 1662 734 1694 vocentur.-
770 1657 845 1691 Pli-

132 1703 213 1738 nius
236 1703 278 1749 N.
309 1703 351 1739 fl.
391 1703 442 1738 lv
467 1703 515 1742 28
546 1705 652 1751 (14):
694 1704 845 1739 Germa-

131 1763 259 1786 norum
300 1763 435 1798 genera
475 1752 643 1796 quinque,
695 1753 844 1796 Vindili,

129 1811 275 1846 quorum
310 1812 398 1846 pars
431 1800 720 1845 Burgundiones,
773 1801 845 1836 Va-

129 1849 204 1883 rini
218 1875 229 1891 ,
269 1848 418 1891 Carini,
459 1848 636 1884 Guttones.
687 1848 848 1884 Alterum

128 1907 239 1942 yenus
275 1896 493 1943 Ingaevones
514 1923 524 1940 ‚
576 1909 721 1943 quorum
758 1909 846 1944 pars

131 1943 291 1988 cimbri,
345 1945 487 1979 Teutoni
530 1955 576 1978 ac
621 1945 845 1980 Chaucorum

128 1999 260 2039 gentes.
288 1992 445 2027 Proximi
460 1998 576 2026 autern
592 1994 716 2029 Rheno
728 1994 844 2028 Istae-

129 2052 255 2084 vones,
292 2053 438 2086 quorum
458 2052 546 2087 pars
574 2041 708 2076 cimbri
731 2043 844 2076 medi-

129 2089 300 2125 terranei.
329 2090 548 2131 Hermiones,
568 2101 714 2134 quorum
725 2091 843 2133 Suevi,

129 2136 398 2181 Hermunduri,
462 2137 603 2182 Chatti,
660 2137 841 2173 Cherusci.

131 2187 263 2230 Quinta
298 2197 386 2232 pars
423 2185 592 2229 Peucini,
635 2188 842 2230 Basternae,

127 2234 341 2280 supradictis
370 2234 580 2268 contermini
606 2235 730 2269 Dacis.

210 2304 378 2348 quidam.-
418 2304 487 2337 iam
526 2309 608 2347 post
647 2310 841 2339 memorata

130 2353 286 2386 carmina
326 2351 582 2384 Germanorum
630 2353 674 2385 ad
724 2363 841 2386 rerum

129 2400 324 2444 scriptores
365 2403 402 2433 et
448 2399 671 2444 antiquitatis
707 2402 842 2445 peritos

129 2457 212 2483 seso
225 2446 366 2482 Tacitus
391 2448 583 2490 convertit,
610 2458 732 2482 eorum
755 2459 842 2482 sen-

130 2497 262 2531 tentias
289 2495 536 2541 percensendo
570 2506 683 2541 usque
715 2496 759 2530 ad
793 2497 837 2530 li-

132 2555 214 2580 nem
241 2545 369 2589 capitis
397 2545 505 2578 tertii.

209 2614 348 2650 narsus
370 2615 608 2649 Gambrivios.-
649 2615 693 2648 de
718 2616 842 2649 Marsis

132 2674 165 2697 v.
206 2668 327 2697 annot.
360 2662 403 2696 ad
430 2662 444 2695 l
471 2663 530 2698 50.
593 2663 666 2696 Sub
701 2663 841 2697 initium

131 2712 270 2756 imperii
311 2722 331 2744 a
379 2709 527 2743 Traiano
569 2712 726 2755 suscepti
771 2721 842 2744 non

131 2758 283 2804 amplius
318 2757 485 2792 videntur
518 2759 705 2802 extitisse,
740 2762 778 2792 ut
806 2761 840 2793 in

133 2807 201 2841 hoc
225 2806 317 2841 libro
343 2805 436 2839 infra
469 2807 735 2841 commemorari
767 2818 838 2841 non

132 2859 291 2900 possent.
317 2853 479 2888 Alterum
505 2854 675 2898 populum
705 2858 838 2903 Γαμα-

131 2907 325 2950 βριουίους
350 2902 475 2937 Strabo
504 2907 608 2936 vocat
631 2901 695 2936 Vll
719 2904 731 2936 l
762 2905 797 2945 ὃ.
817 2905 840 2938 3

1051 1039 1247 1085 assignant,
1274 1049 1356 1073 mox
1385 1040 1567 1084 affirmant
1590 1038 1630 1074 P.

1131 1089 1166 1123 3.
1206 1088 1414 1122 Iseaevones
1441 1087 1631 1122 Grimmius

1076 1184 1268 1219 Vandalios
1299 1184 1325 1218 P
1351 1189 1388 1219 et
1411 1184 1487 1219 alii.
1536 1184 1631 1229 apud

986 1393 1200 1428 Germaniae
1234 1392 1440 1426 vocabulum
1481 1403 1629 1427 recens:

913 1442 1032 1488 pergit
1068 1441 1209 1475 Tacitus
1251 1441 1402 1475 aliorum
1438 1441 1628 1485 opiniones

912 1490 1070 1531 referre,
1114 1489 1209 1524 unde
1247 1500 1372 1523 recens
1398 1489 1626 1533 explicatur:

911 1538 1023 1572 Taciti
1057 1537 1277 1582 temporibus
1319 1536 1356 1570 id
1392 1547 1523 1571 nornen
1564 1536 1627 1570 vix

911 1598 1036 1620 recens
1077 1586 1252 1630 appellari
1295 1585 1437 1629 potuit,
1492 1585 1626 1630 quippe

914 1634 1008 1668 haud
1046 1634 1154 1668 dubie
1180 1634 1240 1667 diu
1265 1638 1350 1667 ante
1373 1632 1503 1667 Iulium
1533 1632 1628 1667 Cae-

911 1693 1027 1716 sarem
1052 1683 1121 1716 iam
1148 1682 1367 1726 impositum.

986 1757 1023 1785 ut
1048 1763 1143 1786 nune
1172 1753 1325 1797 Tungri,
1351 1758 1434 1786 tunc
1460 1752 1630 1786 Germani

911 1801 1029 1834 vocati
1052 1801 1146 1834 sint.-
1181 1802 1242 1846 qui
1267 1800 1328 1834 diu
1355 1805 1438 1834 ante
1465 1799 1628 1834 Caesaris

911 1853 1065 1882 aetatem
1092 1848 1255 1882 Rhenum
1290 1848 1507 1894 transgressi
1530 1853 1627 1891 sunt,

911 1898 1058 1930 nomine
1099 1896 1353 1930 Germanorum
1399 1895 1521 1930 Gallos
1559 1907 1626 1931 ex-

911 1945 1102 1988 pulerunt,
1139 1945 1244 1979 sedes
1270 1946 1307 1978 in
1334 1943 1450 1978 Gallia
1476 1944 1629 1990 Belgica

910 1998 1144 2037 pepererunt,
1172 2003 1242 2038 quo
1261 1993 1407 2027 nomine
1425 1992 1521 2036 apud
1542 2002 1627 2026 suos

911 2042 1132 2075 vocabantur
1158 2042 1195 2074 in
1223 2040 1411 2075 Germania
1440 2040 1626 2074 transrhe-

910 2100 1003 2123 nana
1029 2094 1066 2122 et
1093 2090 1236 2134 proprie
1263 2088 1394 2122 dicta?
1439 2088 1627 2130 Condrusi,

911 2137 1092 2181 Paemani,
1120 2137 1318 2178 Eburones,
1351 2136 1532 2178 Caeraesi,
1557 2137 1626 2170 Se-

908 2186 983 2231 gni.
1034 2185 1132 2231 Lege
1173 2184 1337 2219 Caesaris
1378 2184 1418 2218 B.
1446 2184 1485 2218 G.
1524 2184 1625 2218 114:

912 2233 1138 2275 Cominsos,
1179 2233 1387 2274 Eburones,
1416 2231 1625 2273 Caeraesos,

910 2281 1127 2323 Paemanos,
1171 2281 1230 2324 qui
1266 2291 1335 2314 uno
1364 2280 1504 2312 nomine
1533 2280 1621 2313 Ger-

909 2329 1007 2361 mani
1048 2327 1273 2373 appellantur
1292 2353 1301 2369 ‚
1359 2326 1533 2360 arbitrari
1576 2325 1625 2359 ad

913 2376 1153 2420 quadraginta
1183 2373 1283 2408 milia
1312 2373 1541 2420 (polliceri);
1577 2373 1625 2406 vt

909 2424 980 2459 32:
1016 2424 1125 2469 Segni
1153 2422 1393 2466 Condrusique
1411 2446 1422 2463 ,
1455 2433 1499 2456 ea:
1522 2426 1624 2467 qente

910 2477 941 2505 et
966 2482 1110 2506 nuunero
1138 2471 1416 2512 Germanorum,
1453 2470 1511 2514 qm*
1545 2474 1624 2503 sunt

908 2521 1002 2553 inter
1041 2519 1227 2554 Eburones
1270 2518 1505 2561 Trevirosque.
1580 2517 1621 2550 Hi

912 2572 1037 2612 postea
1064 2569 1100 2601 in
1126 2577 1256 2600 nomen
1291 2566 1507 2610 Tunqrorum
1536 2575 1622 2598 coa-

911 2616 1066 2658 luerunt,
1093 2616 1152 2661 qui
1181 2616 1331 2659 primum
1364 2625 1385 2646 a
1411 2611 1527 2646 Plinio
1555 2622 1622 2643 no-

909 2665 1088 2698 minantur
1121 2663 1161 2696 N.
1199 2663 1239 2696 ll.
1277 2661 1321 2695 IV
1358 2662 1430 2701 31,
1474 2660 1615 2692 omissis

911 2713 1070 2757 quinque
1117 2710 1330 2754 populorum
1366 2707 1569 2740 nominibus
1602 2717 1623 2739 a

913 2761 1067 2793 Caesare
1096 2759 1251 2803 positis,
1297 2756 1355 2800 qui
1396 2754 1501 2787 simul
1543 2764 1620 2787 cum

907 2807 1058 2852 Tungris
1075 2815 1251 2850 nunquam
1271 2806 1517 2843 recensentur,
1542 2803 1621 2835 sive

908 2855 1039 2899 Tungri
1073 2855 1141 2887 iam
1168 2855 1203 2886 in
1230 2851 1417 2885 Germania
1457 2850 1558 2884 fuere
1585 2853 1621 2883 et

910 2913 991 2936 mox
1016 2902 1053 2934 in
1074 2901 1259 2946 Belgicam
1286 2898 1499 2944 transgressi
1527 2899 1622 2931 inter

910 2951 1066 2996 quinque
1093 2949 1257 2982 nationes
1272 2947 1525 2982 Germanorum
1549 2954 1619 2980 no-
