1768 3216
151 213 200 247 ¹2³0
766 206 1031 242 GERMANIAE

285 329 398 382 Ergo
433 326 514 367 iam
545 324 692 365 dextro
726 323 894 366 Suevici
926 322 1051 364 maris
1082 322 1204 364 litore
1227 322 1466 367 Aestiorum
1495 327 1644 379 gentes

152 404 389 451 adluuntur3
422 400 568 453 quibus
594 398 696 440 ritus
724 397 969 451 habitusque
1000 397 1255 450 Suevorum,
1301 397 1445 452 lingua
1471 397 1639 442 Britan-

154 477 278 517 nicae·
304 475 487 528 propior.
562 473 733 514 Matrem
773 472 895 514 deum
933 476 1199 514 venerantur.
1285 472 1453 526 Insigne
1494 475 1647 526 super-

152 548 331 591 stitionis
384 548 540 590 formas
584 559 779 600 aprorum
827 550 1015 601 gestant:
1067 546 1107 587 id
1156 558 1232 599 pro
1273 546 1399 589 armis
1451 546 1647 601 omnique

123 623 278 668 stutela
315 635 508 665 securum
552 622 657 663 deae
699 621 899 663 cultorem
951 620 1074 662 etiam
1121 620 1230 661 inter
1275 620 1406 663 hostis
1449 624 1644 675 praestat.

151 698 282 739 Rarus
318 697 433 749 ferri,
467 696 663 750 frequens
695 681 860 739 fustium
890 706 1002 736 usus.
1032 694 1250 736 Frumenta
1283 698 1529 748 ceterosque
1555 694 1647 736 sru-

155 777 245 813 ctus
276 771 497 825 patientius
530 783 649 824 quam
681 782 755 824 pro
787 769 908 811 solita
944 768 1242 810 Germanorum
1278 769 1426 810 inertia
1441 768 1644 811 laborant.

154 846 236 889 Sed
269 849 309 886 et
339 858 452 887 mare
482 849 733 897 scrutantur,
765 857 814 885 ac
842 843 921 885 soli
946 843 1127 884 omnium
1159 843 1390 895 succinum,
1424 842 1534 897 quod
1566 843 1646 896 ipsi

153 921 315 975 glesum
344 924 521 972 vocant,
564 919 673 960 inter
704 919 811 960 vada
842 922 963 972 atque
992 918 1032 959 in
1059 918 1148 972 ipso
1179 917 1301 960 litore
1331 918 1487 972 legunt.

290 1057 319 1090 1.
346 1056 457 1089 seuici
480 1066 657 1100 superscr.
685 1055 848 1098 Sueuici;
877 1055 911 1088 in
939 1065 1011 1100 mg.
1039 1054 1083 1088 ab
1110 1053 1156 1088 al.
1184 1065 1229 1087 m.
1257 1053 1407 1087 suionici
1422 1052 1459 1087 P.

152 1116 250 1139 orum
274 1107 309 1140 Δ
331 1108 366 1138 et
392 1103 475 1138 alii:
501 1104 525 1137 P
552 1106 715 1139 estivi-um
739 1114 916 1148 superscr.
951 1103 994 1136 ab
1025 1102 1071 1136 al.
1099 1113 1144 1136 m.
1182 1103 1257 1147 ellu.

152 1154 177 1187 P
204 1158 239 1187 et
268 1153 459 1186 Vaticanus
487 1152 599 1188 1862:
630 1153 741 1187 ceteri
769 1151 960 1186 adluuntur
985 1151 1044 1185 vel
1070 1150 1261 1184 alluuntur.

633 1202 665 1235 5.
694 1202 775 1235 ostis
810 1200 1051 1245 superscripto
1077 1199 1100 1232 Ιι
1126 1199 1171 1232 P:
1200 1199 1311 1233 ceteri
1339 1197 1463 1233 hostes.

153 1202 312 1246 omnique
335 1201 550 1235 Turicensis.

157 1349 192 1378 ct
219 1344 412 1377 animantia
436 1343 680 1377 sustentanda.
726 1343 767 1376 A.
796 1343 867 1378 33:

155 1403 221 1426 nec
257 1391 447 1438 inylorium
477 1392 585 1436 fuerit
619 1392 658 1425 in
691 1391 764 1437 ipso
793 1397 867 1425 ter-

156 1452 278 1475 rarum
304 1451 348 1474 ac
373 1445 524 1474 naturae
550 1441 620 1484 fine
649 1440 826 1474 cecidisse.

246 1523 328 1558 erqo
354 1512 426 1545 iam
453 1511 574 1545 dextro
601 1533 646 1538 —
673 1511 872 1546 Aestiorum

159 1567 277 1607 qentes
316 1560 533 1594 adluuntur:
574 1559 660 1593 dicit
694 1564 870 1594 extremas

159 1611 263 1656 regni
290 1609 471 1643 Borussici
507 1609 701 1654 regiones,
744 1614 782 1641 ut
827 1620 869 1642 ex

160 1659 306 1692 succino
333 1657 383 1691 ibi
404 1661 487 1691 nato
503 1658 756 1702 cognoscitur:
786 1667 871 1690 suc..

161 1708 279 1741 einum
307 1706 400 1740 enim
434 1706 577 1739 nonnisi
615 1705 657 1739 ad
684 1710 870 1751 utramque

161 1755 321 1789 vistulae
347 1755 384 1788 in
422 1764 519 1787 mare
544 1753 721 1787 Balticum
748 1764 787 1788 se
813 1754 870 1788 ef-

163 1803 345 1837 fundentis
372 1813 468 1836 oram
497 1802 693 1847 colligitur.

231 1873 319 1906 ritus
345 1871 549 1917 habitusque
574 1873 789 1908 saevorum.-
816 1874 870 1907 ri-

160 1922 211 1955 tus
246 1921 372 1964 accipe
406 1920 620 1966 religiosos,
661 1922 869 1955 nominatim

160 1969 299 2002 Erthae
344 1967 404 2002 vel
449 1969 552 2002 Isidis
599 1971 869 2004 venerationem

162 2016 229 2060 (cf.
258 2027 288 2049 c.
315 2015 363 2051 40
383 2021 418 2049 et
432 2016 494 2061 9):
523 2017 660 2050 habitus
676 2018 869 2062 praecipue

162 2063 205 2097 ad
232 2062 400 2107 capillum
431 2064 596 2098 refertur.

232 2140 380 2167 matrem
406 2133 505 2167 deum
531 2140 773 2169 venerantur:
799 2145 870 2169 non

163 2182 268 2216 aliam
295 2192 374 2216 esse
401 2181 503 2215 deam
532 2193 635 2227 quam
667 2194 759 2228 quae
787 2195 816 2217 c.
847 2184 869 2217 9

163 2230 250 2273 Isis,
279 2242 309 2263 c.
337 2230 384 2265 40
409 2229 519 2264 Ertha
543 2230 601 2264 vel
629 2231 734 2265 Terra
759 2237 871 2266 mater

162 2279 343 2312 nominata
368 2282 441 2321 est,
481 2278 566 2312 hinc
599 2279 751 2325 colligas
776 2280 870 2324 quod

162 2327 249 2360 ritus
281 2327 473 2360 Suevorum
506 2328 640 2361 Aestiis
674 2327 780 2361 modo
813 2328 871 2362 di..

163 2375 284 2408 sertim
333 2375 488 2418 ascripta
528 2380 621 2409 sunt.
736 2378 871 2420 formas

164 2433 351 2467 aprorum.-
397 2428 478 2456 sunt
518 2434 650 2467 parvae
695 2425 869 2469 imagines

163 2480 327 2514 aprorum
356 2469 400 2503 ad
429 2470 568 2504 modum
594 2472 770 2505 bullarum
802 2484 869 2518 ge-

163 2519 247 2552 stari
274 2518 415 2552 solitae.

254 2599 319 2634 pro
372 2589 480 2622 armis
532 2590 690 2634 omnique
740 2591 870 2624 tutela:

164 2638 380 2681 omniumque
399 2638 574 2681 scriptura
601 2649 645 2672 ex
673 2645 743 2682 oi'q,·
769 2649 869 2672 com-

163 2685 293 2729 pendio
321 2696 429 2729 prave
453 2685 571 2719 soluto
584 2686 715 2731 (οῖᾶᾳς)
740 2692 799 2720 aut
826 2699 869 2721 ex

163 2733 422 2767 assimilatione
440 2734 481 2767 ad
498 2735 695 2778 proximum
710 2747 870 2770 securum

166 2782 318 2814 emersit.
372 2782 567 2827 Sellingius
594 2794 636 2816 ac
664 2783 868 2818 Waltherus

166 2830 361 2873 genitivum
392 2830 614 2864 vindicantes
641 2832 792 2865 omnium
813 2838 870 2866 tu·

166 2875 269 2910 telum
319 2878 499 2921 explicant
552 2878 693 2913 tutelam
744 2886 870 2915 contra

166 2927 300 2968 omnia,
340 2929 377 2959 et
401 2926 599 2972 genitivum
635 2926 702 2963 hac
727 2928 870 2974 signifi-

1560 917 1647 959 Nec

1529 1052 1648 1086 Aesti-

1395 1103 1430 1136 2.
1458 1099 1649 1135 abluuntur

1370 1149 1405 1185 4.
1433 1150 1571 1195 oiumq3
1597 1148 1623 1183 P
1638 1159 1647 1182 ε

940 1342 1080 1376 catione
1119 1342 1318 1387 praeditum
1354 1341 1558 1377 obieoeivum
1583 1352 1650 1387 ap-

938 1390 1086 1436 pellant.
1139 1390 1209 1425 Sed
1250 1389 1359 1425 tutela
1406 1391 1578 1434 omnium,
1619 1392 1650 1425 si

942 1439 1124 1485 genitivus
1153 1444 1207 1473 est
1233 1438 1455 1482 obiectivus,
1490 1444 1652 1474 nonest

941 1487 1054 1522 tutela
1097 1493 1224 1521 contra
1254 1488 1398 1530 omnia,
1438 1487 1502 1522 sed
1538 1487 1652 1522 tutela

939 1548 1027 1582 quae
1053 1536 1208 1570 omnibus
1235 1541 1450 1582 praestatur,
1478 1535 1651 1582 quemad-

939 1585 1080 1619 modum
1109 1583 1232 1619 eadem
1260 1584 1383 1627 verba,
1411 1585 1442 1618 si
1469 1585 1651 1631 genitivus

937 1644 1001 1678 pro
1028 1633 1230 1667 subiectivo
1269 1633 1463 1677 accipitur,
1502 1633 1651 1668 tutelam

938 1693 1040 1727 quam
1073 1687 1257 1727 praestant
1291 1692 1407 1715 omnes
1447 1681 1650 1728 designant.

938 1728 993 1765 Cf.
1023 1729 1062 1764 Ο.
1092 1730 1134 1764 5:
1170 1731 1267 1764 cuius
1295 1730 1346 1764 vis
1371 1736 1402 1764 el
1427 1729 1562 1765 utilitas
1588 1741 1650 1764 re-

938 1779 998 1813 bus
1044 1789 1213 1824 prospere
1263 1778 1445 1824 [luentibus
1498 1779 1651 1814 aliorum

934 1827 1113 1873 praesidio
1133 1833 1165 1861 et
1183 1826 1291 1861 tutela
1308 1826 1535 1872 intelleqt'tur.
1549 1827 1651 1862 Doe-

939 1875 1111 1909 derlinius
1129 1876 1348 1920 comparavit
1369 1886 1399 1909 c.
1417 1875 1464 1910 46
1491 1877 1652 1920 ferarum

936 1924 1139 1970 suffuyium,
1179 1923 1209 1957 11
1237 1925 1283 1959 22
1313 1924 1452 1958 veniam
1476 1925 1646 1968 omnium,

936 1977 975 2004 ut
991 1972 1135 2006 tutelam
1150 1973 1302 2006 omnium
1323 1972 1530 2018 significare
1544 1982 1651 2018 posse

938 2020 1079 2053 tutelam
1116 2020 1282 2053 adversus
1318 2021 1437 2054 omnia
1469 2021 1649 2064 probaret,

937 2067 1001 2102 sed
1031 2068 1175 2101 nomina
1213 2068 1346 2102 diversi
1373 2070 1517 2114 generis
1547 2079 1650 2103 com-

937 2116 1102 2150 miscuit:
1145 2126 1224 2149 nam
1259 2117 1363 2150 venia
1405 2121 1440 2150 et
1466 2118 1650 2163 suffuqium

938 2176 958 2198 a
1003 2164 1122 2199 verbis
1170 2164 1430 2207 intransitivis‚
1477 2166 1585 2200 tutela
1628 2176 1649 2199 a

937 2213 1123 2247 transitivo
1152 2213 1411 2247 conformatum
1439 2218 1505 2248 est.

1009 2284 1187 2326 frumenta
1216 2290 1414 2329 ceterosque
1439 2286 1575 2329 fructus
1602 2305 1646 2311 —-

937 2330 1129 2366 laborant:
1188 2333 1368 2366 nominum
1422 2332 1647 2367 accusativos

938 2379 1054 2412 iunxit
1083 2389 1162 2412 cum
1188 2381 1300 2414 verbo
1329 2380 1517 2423 laborare,
1544 2390 1647 2415 usum

937 2432 1121 2470 poetarum
1140 2433 1296 2471 secutus,
1323 2434 1359 2462 ut
1375 2429 1512 2463 Horatii
1530 2428 1645 2473 Epod.

937 2477 958 2509 5
985 2475 1044 2510 60.
1083 2474 1135 2508 cf.
1164 2474 1370 2510 Forcellinii
1398 2477 1542 2511 lexicon
1558 2488 1587 2512 s.
1610 2487 1644 2512 V.

937 2522 1057 2555 laboro
1109 2526 1197 2557 extr.
1261 2524 1461 2558 Elaborant
1510 2534 1646 2568 ponere

937 2571 1063 2612 noluit,
1090 2570 1185 2616 quod
1211 2572 1306 2606 inest
1331 2574 1430 2607 notio
1447 2573 1646 2617 perfectio-

937 2620 991 2652 nis
1018 2618 1076 2653 vel
1106 2620 1202 2653 artis.

1002 2692 1193 2732 succinum,
1222 2690 1311 2735 quod
1335 2691 1403 2736 ipsi
1427 2691 1558 2736 glesum
1581 2703 1645 2725 vo-

938 2744 1039 2772 cant:
1078 2738 1213 2772 Plinius
1250 2738 1411 2772 XXXVII
1451 2741 1492 2775 11
1527 2741 1564 2782 §.
1599 2742 1644 2775 2:

938 2792 1069 2820 certum
1095 2793 1145 2820 est
1169 2787 1268 2832 qigyni
1292 2788 1330 2821 in
1355 2787 1481 2821 insulis
1505 2793 1645 2832 septen-

938 2834 1101 2869 trionalis
1150 2834 1285 2869 Oceani
1324 2840 1356 2868 et
1395 2846 1419 2868 a
1461 2835 1646 2869 Germanis

938 2882 1114 2928 appellari
1130 2882 1302 2928 ylessum3
1327 2883 1443 2927 itaque
1471 2888 1502 2917 et
1528 2894 1552 2917 a
1576 2894 1645 2917 no-

936 2931 1019 2966 stris
1051 2941 1159 2966 rmam
1184 2929 1380 2966 insularum
1405 2929 1446 2966 ol·
1477 2930 1515 2965 id
1543 2930 1644 2968 aloa-
