1768 3216
103 1396 163 1437 39

768 227 857 265 Gn.
885 229 1042 266 37-39,

166 344 242 387 'etti
269 342 490 399 pignorum
521 356 706 399 suorum,
738 347 905 401 saepius
946 347 1165 389 concitari.

1596 227 1670 262 143

1226 346 1419 400 Satisque
1457 344 1674 397 constabat

169 418 359 462 s'aevisse
375 420 578 474 quosdam
599 421 642 463 in
659 421 861 477 coniuges
877 434 928 463 ac
946 421 1118 474 liberos,
1135 426 1341 475 tamquam
1361 420 1671 463 misererentur.

174 492 393 538 Proximus
423 495 515 537 dies
546 496 699 539 faciem
731 497 937 538 victoriae
966 497 1087 539 latius
1116 496 1300 550 aperuit:
1330 498 1492 538 vastum
1518 494 1673 549 ubique

175 567 402 623 silentium,
433 571 589 613 secreti
616 571 768 624 colica,
803 571 1002 614 fumantia
1030 570 1176 625 procul
1207 574 1337 624 tecta,
1369 582 1493 614 nemo
1524 569 1675 624 explo-

163 643 388 686 ratoribus
428 644 590 687 obvius.
673 645 830 696 Quibus
872 646 916 687 in
957 657 1121 688 omnem
1159 649 1319 699 partem
1351 646 1556 698 dimissis,
1601 645 1706 687 nbis

165 717 338 770 incerta
365 719 492 774 fugae
518 720 699 774 vestigia
728 733 865 775 neque
893 720 1346 775 usquamconglobari
1376 720 1520 762 hostes
1553 732 1673 762 com-

168 796 365 847 pertum,
411 798 452 836 et
489 798 640 837 exacta
675 796 758 837 iam
798 799 955 838 aestate
985 796 1128 850 spargi
1169 796 1322 838 bellum
1362 795 1582 850 nequibat,
1632 794 1675 835 in

170 866 278 910 fines
305 867 577 911 Borestorum
612 870 845 912 exereitum
877 870 1059 912 deducit.

169 941 386 996 praefecto
418 942 567 985 classis
600 944 858 987 circumvehi
886 944 1140 988 Britanniam
1169 945 1397 999 praecepit.

170 1014 216 1057 id
239 1015 358 1059 'vires
374 1048 387 1070 ,
430 1021 472 1058 et
496 1023 787 1071 praecesserat
814 1012 966 1060 terror.

1119 871 1180 912 lbi
1220 870 1404 925 acceptis
1443 869 1673 922 obsidibus,

1456 944 1589 986 Datae
1619 943 1672 985 ad

1027 1018 1120 1072 Ipse
1149 1018 1331 1072 peditem
1362 1023 1484 1072 atque
1513 1017 1673 1072 equites
1687 1030 1726 1061 ιο

174 1088 291 1132 lento
322 1091 486 1145 itinere,
520 1104 602 1146 quo
631 1105 834 1135 novarum
854 1093 1040 1148 gentium
1061 1093 1187 1134 animi
1216 1093 1307 1146 ipsa
1335 1092 1532 1134 transitus
1556 1103 1675 1133 mora

172 1168 453 1219 terrerentur,
492 1167 536 1208 in
580 1167 769 1209 hibernis
809 1167 978 1209 locavit.

1046 1167 1097 1208 Et
1137 1167 1259 1209 simul
1300 1167 1450 1209 classis
1489 1166 1675 1208 secunda

174 1243 420 1294 tempestate
450 1253 501 1283 ac
526 1241 636 1284 sama
664 1242 951 1284 Trutulensem
980 1245 1145 1295 portum
1178 1242 1323 1293 tenuit,
1355 1241 1466 1283 unde
1482 1241 1672 1295 proximo

173 1313 415 1358 Britanniae
443 1315 576 1357 latere
604 1316 715 1359 lecto
746 1317 860 1358 omni
890 1316 1088 1359 redierat.
1435 1324 1438 1326 ’

308 1388 427 1431 Hunc
456 1403 597 1433 rerum
629 1403 810 1444 cursum,
844 1402 1088 1445 quamquam
1115 1389 1225 1431 nulla
1255 1388 1480 1430 verborum
1509 1388 1724 1432 iactan-is

174 1462 233 1506 tia
261 1464 448 1518 epistulis
477 1465 707 1520 Agricolae
725 1469 902 1518 auctum,
934 1469 977 1506 ut-
994 1464 1231 1506 Domitiano
1250 1464 1378 1505 moris
1399 1467 1502 1516 erat,
1534 1463 1673 1505 fronte

270 1568 306 1603 2.
330 1568 536 1603 misererem
558 1571 604 1605 A.

174 1614 210 1650 9.
231 1617 411 1662 praecipit
435 1619 480 1652 A.

172 1759 290 1807 nulla]
321 1761 360 1795 in
382 1761 449 1795 itta
474 1765 518 1799 Δ.

684 1569 719 1604 8.
747 1569 970 1604 Borestorum
995 1570 1044 1604 F:
1073 1567 1298 1602 Borestorum
1323 1570 1358 1604 A
1381 1571 1416 1601 et
1442 1566 1670 1601 Puteolanus.

583 1619 639 1653 12.
666 1623 845 1652 terrentur
868 1620 914 1653 A.

173 1673 247 1708 mg.
275 1665 316 1706 Γ,
344 1664 515 1700 tratulens
539 1671 588 1700 est
616 1668 660 1709 A,
688 1666 912 1700 trutulensem
936 1664 1163 1699 Puteolanus.

174 1717 249 1746 tere
273 1713 355 1748 I'A:
381 1713 494 1748 latere
518 1714 731 1749 Britanniae
755 1713 984 1749 Puteolanus.

1021 1617 1077 1651 13.
1110 1616 1371 1651 Trucculensem
1398 1618 1436 1657 Γ,
1469 1615 1587 1649 Trum.
1611 1614 1670 1649 At.

1297 1665 1352 1700 14.
1379 1664 1589 1698 Britanniae
1613 1662 1672 1697 Ia-

1092 1713 1271 1759 praelecto
1296 1713 1352 1748 Ar
1378 1723 1450 1758 mg.
1478 1713 1512 1747 Γ.
1614 1712 1671 1746 15.

660 1763 715 1798 16.
743 1770 860 1798 aetum
885 1766 918 1798 Γ
915 1766 950 1799 A
984 1767 1020 1796 et
1050 1761 1292 1796 Puteolanus:
1328 1761 1484 1795 correxit
1516 1759 1671 1804 Lipsius.

174 1807 379 1844 Domitiano
403 1812 511 1846 moris
535 1816 613 1846 erat
637 1814 688 1848 I':
725 1812 780 1847 Δί’
811 1818 889 1846 erat
914 1811 1117 1845 Domitiano
1142 1812 1249 1845 moris
1274 1821 1345 1856 mg.
1371 1811 1422 1852 Γ,
1449 1809 1672 1843 Domitianus

174 1863 254 1892 erat
280 1860 323 1893 A.

175 1949 241 1985 quo
275 1950 448 1975 novarum
482 1943 637 1988 flentium
670 1943 784 1978 animi
815 1943 893 1989 ipsa

175 1989 345 2024 transitus
370 2001 472 2024 mora
496 1997 737 2035 terrerentur,
768 1993 807 2026 in
832 1992 891 2025 1ιί-

175 2036 293 2072 bernis
325 2038 479 2074 locavit:
520 2035 599 2084 nain
635 2052 748 2075 novae
773 2046 892 2086 gentes

176 2085 264 2120 ittae
289 2091 371 2120 sunt
397 2089 576 2132 civitates,
603 2100 691 2135 quas
707 2095 803 2124 trans
817 2089 891 2122 Bo-

174 2133 325 2185 dotriam
350 2141 453 2170 sexto
480 2138 592 2172 officii
630 2148 723 2172 anno
750 2137 891 2184 legatus

174 2182 355 2217 Romanus
380 2185 566 2229 amplexus
587 2192 662 2221 erat
682 2187 781 2232 (25),
808 2196 889 2219 mox

174 2233 327 2276 septima
352 2234 584 2277 expeditione
608 2235 805 2269 domuerat.

252 2280 357 2314 datae
383 2282 431 2314 ad
459 2282 498 2315 id
529 2284 643 2316 eires.-
681 2284 778 2316 vires
810 2287 892 2316 sunt
919 2302 926 2306 =

176 2327 310 2373 milites
352 2330 431 2363 sive
463 2335 773 2376 propugnatores,
818 2340 889 2363 non

176 2378 333 2422 remiges
367 2382 403 2411 et
430 2388 541 2412 naves
580 2381 681 2422 (nam
720 2377 789 2412 hae
823 2378 889 2411 sub

176 2425 361 2469 praefecto
392 2425 537 2468 classis,
574 2437 691 2472 neque
717 2421 891 2459 dabantur

176 2483 196 2507 a
223 2473 378 2520 legato),
404 2476 559 2520 navigiis
584 2475 740 2520 impositi
763 2473 806 2508 ad
821 2475 890 2508 im-

176 2527 280 2566 petus
298 2522 449 2557 hostiles
474 2523 660 2557 arcendos.
688 2522 742 2557 Cf.
769 2527 890 2556 annot.

176 2569 219 2604 ad
246 2582 276 2604 c.
308 2572 366 2606 25.

239 2618 473 2654 Trutulensem
493 2625 632 2666 portum
653 2620 773 2660 tenuit,
800 2618 893 2651 unde

177 2685 223 2692 —-
249 2667 337 2700 lecte
372 2669 467 2701 omni
506 2668 683 2701 redierat:
712 2666 805 2700 unde
838 2671 892 2699 est

177 2723 240 2758 pro
267 2726 332 2759 quo
357 2716 453 2758 inde,
476 2726 545 2760 quo
574 2716 697 2749 classis
724 2714 891 2757 redierat,

178 2766 362 2807 postquam
402 2763 484 2797 inde
522 2765 720 2808 proximum
747 2762 893 2796 Britan-

176 2811 260 2844 niae
287 2810 379 2845 latus
406 2811 544 2858 legerat
571 2807 689 2846 omne.
744 2810 893 2845 Praese-

179 2863 257 2892 ctus
297 2859 422 2894 elassis
465 2861 625 2904 acceptis
666 2859 803 2894 viribus
849 2870 893 2892 ex

178 2907 319 2951 militia,
345 2920 449 2954 quam
470 2908 643 2954 Agricola
668 2908 712 2942 ad
737 2911 893 2941 montem

179 2954 383 3003 Grampinm
401 2957 563 3002 duxerat,
585 2958 622 2992 in
638 2956 752 2993 latere
767 2957 893 2991 orien-

960 1941 1023 1976 tali
1049 1941 1328 1986 septentrionem
1363 1950 1487 1974 versus
1523 1948 1672 1984 proces-

959 1991 1018 2033 sit,
1046 1996 1131 2024 tunc
1156 1989 1200 2023 ad
1225 1990 1404 2023 sinistram
1432 1993 1469 2023 et
1497 1998 1594 2022 mare
1607 1988 1672 2021 Hi-

960 2039 1144 2072 bernicum
1170 2038 1289 2080 flexit,
1328 2037 1408 2071 dum
1449 2037 1589 2071 veniret
1629 2035 1674 2070 ad

962 2087 1042 2121 loca
1077 2098 1169 2132 quae
1192 2085 1364 2132 Agricola
1398 2087 1521 2131 quinto
1559 2094 1673 2128 expe-

960 2135 1132 2170 ditionum
1165 2145 1257 2168 anno
1298 2134 1436 2171 Clotam
1470 2139 1674 2179 transgres-

960 2195 1019 2218 sus
1047 2186 1131 2230 (24)
1158 2188 1371 2217 accesserat.
1403 2182 1474 2215 Iam
1501 2193 1580 2215 cum
1607 2191 1674 2215 ex-

959 2233 1135 2277 ploratum
1172 2237 1266 2265 esset
1298 2230 1449 2264 insulam
1486 2240 1566 2263 esse
1591 2228 1673 2263 Bri-

959 2281 1136 2322 tanniam,
1178 2280 1301 2312 classis
1338 2277 1443 2311 rediit
1467 2277 1561 2310 unde
1587 2286 1673 2320 pro-

959 2329 1054 2362 fecta
1080 2331 1167 2360 erat.
1195 2326 1294 2359 lianc
1321 2325 1587 2368 expeditionem
1604 2324 1673 2357 Ta-

960 2377 1051 2409 citus
1077 2374 1295 2420 significavit
1322 2384 1352 2406 c.
1379 2373 1436 2407 10:
1465 2372 1559 2406 lianc
1574 2383 1674 2406 oran·

959 2423 1138 2457 novissimi
1170 2423 1279 2456 maris
1314 2427 1396 2455 tunc
1420 2422 1571 2467 primum
1596 2422 1673 2456 Ro-

959 2482 1067 2505 mana
1099 2471 1221 2505 classis
1261 2470 1495 2504 circumvecta
1522 2469 1675 2504 insulam

961 2531 1034 2554 esse
1068 2520 1294 2554 Britanniam
1337 2518 1545 2562 adfirmavit.
1604 2517 1672 2552 Dio

962 2567 1053 2613 apud
1088 2567 1308 2612 xiphilinum
1347 2565 1457 2600 vat
1491 2567 1561 2602 20:
1599 2565 1674 2601 aen'ae

961 2617 1100 2652 τούτου
1137 2617 1181 2661 (ἱ.
1211 2627 1243 2650 e.
1284 2619 1363 2660 post
1388 2614 1605 2648 Britanniam
1628 2613 1672 2647 ab

962 2664 1095 2709 Usipiis
1130 2666 1423 2705 circumvectam3
1463 2663 1509 2695 ci.
1545 2672 1576 2695 c.
1604 2660 1671 2706 28)

961 2717 1024 2749 ami
1057 2713 1190 2749 ἄλλους
1225 2712 1244 2747 ὁ
1278 2710 1500 2757 Ἀγρικόλας
1532 2709 1673 2755 πειρά-

963 2774 1104 2800 σονιας
1146 2757 1213 2796 τὸν
1259 2759 1472 2806 περίπλουν
1515 2758 1673 2805 πέμψας

963 2811 1084 2858 ἔμαθε
1111 2811 1175 2843 καὶ
1200 2811 1288 2854 παρ’
1325 2808 1483 2842 ἐκείνων
1511 2802 1568 2841 ὅτι
1604 2806 1674 2850 νῆ-

963 2858 1031 2898 σός
1056 2859 1173 2894 ἐστιν.

1049 2904 1132 2949 Cap.
1175 2903 1233 2939 39.
1291 2901 1445 2948 epistulis
1483 2900 1674 2947 Agricolae

963 2959 1122 2991 auctum.-
1159 2951 1310 2999 vulgare
1338 2951 1464 2986 vitium
1503 2960 1525 2985 a
1551 2949 1673 2997 Lipsio
