1768 3216
737 252 825 289 Cn.
856 253 941 290 1⁷:-
951 253 1011 290 18.
1570 253 1642 287 185

142 369 291 425 figere
317 368 429 412 enim
459 368 610 411 fortius
639 367 722 411 iam
750 372 792 411 et
821 368 1041 411 audentius
1069 367 1182 420 volo,
1214 366 1251 409 si
1281 367 1381 410 illud
1404 371 1500 410 ante
1514 379 1644 422 prae-

145 444 312 498 dixero,
339 444 495 486 mutari
520 456 612 486 cum
646 444 902 499 temporibus
935 443 1092 486 formas
1122 454 1288 498 quoque
1318 446 1361 485 et
1388 454 1547 498 genera
1574 443 1644 484 di-

147 518 286 562 cendi.
345 519 416 562 Sic
447 519 595 562 Catoni
627 519 720 562 seni
748 523 1009 574 comparatus
1050 518 1177 560 Gaius
1219 517 1433 560 Gracchus
1473 517 1640 572 plenior

144 598 193 637 et
214 593 408 647 uberior3
440 594 503 636 sic
534 593 727 636 Graccho
758 594 928 648 politior
948 598 988 635 et
1004 593 1194 635 ornatior
1213 593 1387 635 Crassus
1399 607 1411 644 3
1442 592 1504 634 sic
1522 596 1644 633 utro-

144 680 227 724 que
256 668 493 711 distinctior
517 673 558 710 et
589 669 791 711 urbanior
821 673 865 711 et
893 668 1016 710 altior
1045 668 1223 721 Cicero,
1267 667 1474 709 Cicerone
1502 666 1675 707 mitiors

145 743 353 786 Corvinus
382 747 424 786 ct
455 743 620 786 dulcior
649 748 690 786 et
710 744 754 784 in
769 743 911 786 verbis
929 743 1065 798 magis
1084 743 1336 785 elaboratus.
1379 741 1467 784 Nec
1487 752 1642 796 quaero

145 819 239 874 quis
268 818 593 861 disertissimus:
633 818 716 859 hoc
744 818 909 860 interim
938 817 1143 872 probasse
1173 821 1393 859 contentus
1421 829 1525 869 sum,
1558 828 1643 858 non

78 903 80 905 ’
145 904 244 936 esse
269 905 398 935 unum
425 893 692 947 eloquentiae
720 893 900 945 vultum,
932 892 1008 934 sed
1042 892 1085 942 in
1116 891 1198 933 illis
1229 903 1394 946 quoque
1426 903 1530 945 quos
1560 903 1642 933 vo-

146 968 251 1011 cutis
276 969 473 1022 antiquos
503 967 644 1021 plures
674 967 840 1021 species
871 966 1129 1020 deprehendi
1139 981 1151 1018 ;
1181 979 1260 1008 nec
1292 966 1429 1008 statim
1460 967 1644 1008 deterius

119 1053 246 1085 -euse
283 1042 397 1097 quod
438 1042 651 1084 diversum
692 1045 776 1093 est3
818 1041 921 1082 vitio
958 1044 1095 1082 autem
1133 1040 1401 1095 malignitatis
1440 1040 1645 1082 humanae
1659 1046 1700 1077 ¹⁰

144 1120 292 1160 vetera
322 1129 488 1171 semper
517 1117 561 1158 in
592 1116 740 1168 laude,
786 1115 1024 1170 praesentia
1066 1115 1108 1156 in
1149 1114 1318 1156 fastidio
1359 1127 1467 1156 csse.
1541 1115 1643 1156 Num

149 1191 383 1233 dubitamus
415 1191 607 1233 inventos
639 1191 709 1244 qui
737 1203 838 1244 prae
880 1189 1037 1231 Catone
1075 1189 1253 1243 Appium
1296 1189 1475 1230 Caecum
1514 1189 1648 1243 magis

149 1266 428 1310 mirarentur?
488 1266 598 1324 Satis
631 1268 797 1307 constat
830 1277 884 1305 ne
914 1264 1112 1306 Ciceroni
1141 1264 1307 1317 quidem
1341 1264 1647 1304 obtrectatores

151 1342 353 1396 defuisse,
386 1341 534 1396 quibus
561 1339 725 1382 inflatus
755 1343 796 1380 et
824 1343 985 1380 tumens
1016 1350 1095 1381 nec
1126 1338 1227 1380 satis
1254 1349 1440 1392 pressus,
1473 1337 1547 1379 sed
1573 1348 1648 1377 su-

252 1485 283 1518 1.
307 1483 402 1519 ist-d
425 1489 509 1518 ante
530 1482 631 1528 pred.
658 1481 695 1516 P.
797 1484 832 1518 3.
862 1481 916 1515 .C'.
943 1480 981 1516 P.

148 1543 215 1580 pro
240 1531 295 1567 FP
310 1545 320 1565 t
348 1533 503 1567 correxit
529 1530 743 1566 Groslotius.

1074 1480 1109 1515 8.
1137 1481 1176 1514 in
1200 1479 1273 1514 iltis
1298 1479 1344 1513 P:
1373 1479 1446 1513 illis
1473 1477 1510 1513 F.
1592 1478 1647 1512 12.

153 1684 308 1727 audiam,
334 1693 408 1717 non
433 1683 520 1717 satis
545 1683 621 1715 scio
647 1681 711 1715 sed
728 1680 865 1715 dubito.

153 1734 280 1768 Mureti
306 1733 442 1766 utinam
464 1743 510 1765 ne
533 1732 572 1763 in
596 1729 661 1764 itta
678 1736 782 1776 parte
795 1740 866 1762 non

154 1782 325 1816 convenit
352 1786 495 1815 ceterae
518 1780 733 1813 sententiae.
780 1777 866 1812 Nam

154 1830 366 1865 Ciceronem
393 1829 571 1863 horridam
610 1832 647 1861 et
678 1827 867 1861 informem

153 1880 377 1924 antiquitatis
413 1877 655 1923 eloquentiam
693 1876 867 1909 imitatum

154 1937 256 1970 esse,
289 1938 337 1962 ne
365 1928 463 1971 Aper
490 1925 633 1971 quidem
661 1934 870 1958 asseverare

154 1976 283 2019 voluit,
309 1977 416 2010 immo
446 1974 659 2009 contrarium
685 1974 872 2018 profitetur

154 2036 186 2059 c.
217 2027 288 2060 22:
327 2024 376 2058 ad
408 2024 614 2058 Ciceronem
637 2023 765 2063 venio,
814 2022 872 2055 eui

155 2073 278 2108 eadem
298 2084 421 2119 pugna
452 2085 529 2106 cum
556 2070 768 2115 ,aequalibus
800 2071 871 2104 suis

152 2123 223 2167 ficit
248 2133 337 2168 quae
367 2121 456 2154 milti
486 2120 662 2154 vobiscum
698 2124 760 2154 est.
812 2118 872 2152 1112·

153 2171 248 2205 enim
271 2170 433 2214 antiquos
444 2169 684 2210 mirabantur,
698 2168 771 2212 ipse
787 2179 872 2201 suo-

152 2231 231 2254 rum
255 2225 447 2265 temporum
472 2217 702 2262 eloquentiam
723 2221 870 2262 antepo-

153 2267 270 2301 nebat.

228 2338 338 2373 Gaius
366 2336 548 2370 Gracchus
571 2336 711 2381 plenior
737 2341 768 2368 et
784 2335 869 2367 ube-

155 2387 251 2421 rior.-
280 2386 437 2420 imitatur
462 2389 643 2418 auctorem
663 2393 777 2424 suum,
807 2381 870 2414 Ci-

156 2445 323 2470 ceronem
356 2435 391 2468 in
418 2432 526 2466 Bruto
556 2431 771 2466 scribentem
802 2430 869 2463 33:

155 2484 219 2518 sed
258 2494 339 2517 ecce
386 2483 424 2515 in
473 2480 632 2515 manibus
678 2501 721 2506 —
764 2478 871 2512 Gaius

159 2531 352 2568 Gracchus.
381 2530 464 2565 Noli
489 2531 580 2564 enim
604 2534 730 2574 putare
752 2538 870 2571 quem-

158 2593 272 2627 quam,
302 2579 420 2622 Brute,
447 2578 645 2624 pleniorem
670 2582 703 2610 et
727 2576 870 2609 uberio-

157 2641 233 2664 rem
262 2628 310 2662 ad
336 2627 519 2661 dicendum
544 2627 665 2671 fuisse.

237 2699 383 2745 politior
422 2703 454 2731 et
492 2697 654 2730 ornatior
696 2695 870 2728 Crassus:

157 2748 301 2795 politior
335 2747 488 2791 pertinet
521 2745 565 2778 nd
598 2749 806 2776 accuratam
839 2747 871 2775 et

158 2799 236 2832 sine
259 2795 418 2830 molestia
434 2793 633 2838 diliqentem
650 2791 873 2836 elegantiam,

161 2857 181 2879 a
196 2844 373 2879 Cicerone
389 2845 425 2877 in
442 2841 570 2876 Crasso
584 2839 760 2874 laudatam
774 2837 874 2872 Brut.

162 2905 193 2928 c.
221 2893 291 2936 38,
328 2893 489 2926 ornatior
522 2889 566 2923 ad
598 2889 811 2934 facetiarum
846 2892 877 2920 et

160 2942 375 2977 urbanitatis
399 2939 594 2974 oratorium
618 2937 768 2983 leporem
794 2936 877 2969 iun-

163 2997 253 3026 ctum
262 3001 338 3025 cum
347 2986 581 3036 qravitate,de
589 2995 660 3032 quo
671 2984 798 3019 Cicero
809 2983 832 3018 l.
845 2994 876 3018 c.

1009 1685 1153 1724 utroque
1188 1678 1384 1713 distinctior
1415 1683 1448 1712 et
1477 1679 1650 1712 urbanior

937 1733 970 1762 et
996 1729 1103 1763 altior
1130 1727 1276 1763 cicero.-
1304 1727 1522 1770 distinctior,
1548 1727 1582 1760 h.
1613 1738 1647 1762 e.

936 1776 1082 1810 floribus
1109 1781 1145 1810 et
1170 1775 1361 1809 luminibus
1381 1777 1553 1810 orationis
1570 1787 1648 1810 ma·

938 1826 993 1870 gis
1011 1825 1211 1867 distinctus,
1238 1824 1331 1858 idem
1350 1825 1427 1859 fere
1453 1824 1548 1870 quod
1566 1829 1649 1859 ante

937 1876 1122 1908 ornacior:
1165 1883 1244 1906 nam
1270 1872 1339 1907 hoc
1363 1875 1478 1918 ipsum
1505 1884 1550 1907 ne
1577 1874 1649 1907 ite-

938 1933 1012 1956 rum
1064 1926 1236 1967 poneret,
1283 1921 1394 1968 elegit
1439 1922 1648 1956 distinctior.

940 1971 1040 2013 Quod
1061 1972 1224 2016 sequitur
1246 1971 1429 2013 urbanior,
1456 1970 1650 2015 respondet

938 2020 1049 2064 priori
1075 2018 1231 2066 politior.
1283 2019 1386 2053 Nova
1412 2021 1448 2052 in
1475 2018 1651 2054 Cicerone

939 2070 1053 2102 virtus
1094 2073 1131 2102 et
1167 2068 1310 2112 propria
1354 2068 1500 2101 nomine
1545 2067 1653 2102 altior

940 2116 1207 2167 (σεμνότερος)
1233 2116 1468 2163 significatur.

1005 2213 1123 2246 mitior
1139 2211 1310 2245 Corvinus
1330 2217 1361 2244 et
1376 2209 1533 2242 dulcior.-
1561 2208 1651 2241 hanc

940 2260 1088 2294 Corvini
1136 2259 1291 2293 indolem
1342 2269 1385 2291 ex
1429 2256 1650 2290 orationibus

940 2310 1052 2352 ipsius
1094 2307 1235 2340 Tacitus
1278 2306 1419 2339 iuvenis
1467 2304 1648 2349 cognovit.

941 2354 1151 2398 Quintiliani
1195 2353 1363 2386 iudiciuin
1417 2352 1463 2397 (X
1503 2355 1517 2384 1
1559 2354 1648 2387 113:

941 2403 1097 2437 Messala
1123 2401 1253 2435 nitidus
1277 2407 1308 2434 et
1328 2401 1497 2434 candidus
1516 2405 1547 2433 et
1564 2411 1651 2444 quo-

940 2450 1120 2486 dammodo
1133 2451 1343 2496 praeferens
1362 2451 1399 2482 in
1418 2449 1563 2482 dicendo
1584 2459 1651 2481 no-

939 2501 1107 2534 bilitatem
1129 2501 1260 2544 suam),
1277 2509 1355 2531 cum
1383 2498 1472 2531 haec
1497 2498 1652 2541 scripsit,

940 2551 973 2582 ei
998 2547 1153 2582 nondum
1181 2547 1216 2580 in
1243 2546 1404 2580 manibus
1430 2551 1514 2579 erat.

1012 2643 1070 2687 qui
1092 2651 1180 2688 prae
1203 2639 1336 2674 Catone
1353 2660 1397 2666 -
1414 2640 1651 2672 niirarentur:

940 2690 1108 2724 librorum
1135 2689 1309 2732 scriptura
1340 2698 1404 2732 pro
1433 2697 1476 2719 ex
1506 2684 1598 2730 sigla
1625 2683 1652 2728 ᾗ

942 2744 1076 2773 mutata
1101 2749 1180 2772 cum
1206 2749 1246 2785 (ρ
1273 2736 1455 2781 provenit:
1482 2744 1548 2778 pro
1578 2732 1652 2765 Ca-

946 2795 1024 2822 tone
1051 2787 1165 2821 teneri
1202 2789 1344 2831 posset,
1382 2784 1410 2815 si
1443 2784 1654 2826 sequeretur

945 2838 1172 2873 mirarentur,
1203 2844 1272 2867 non
1298 2832 1409 2875 mayis
1426 2831 1651 2863 mirarentur.

947 2882 1179 2928 comparandi
1191 2879 1364 2927 particula
1378 2878 1655 2912 convenientem

945 2933 1014 2966 sibi
1053 2932 1353 2976 praepositionem
1397 2937 1484 2971 prae
1527 2925 1655 2969 poscit.

947 2981 1000 3016 De
1024 2980 1141 3026 Appio
1167 2979 1284 3016 Caeco
1310 2987 1345 3011 v.
1373 2975 1447 3011 Cic.
1475 2974 1573 3009 Brut.
1600 2971 1655 3007 16.
