1768 3216
174 267 291 305 XVIII
828 265 1094 302 PRAEFATIO.

178 387 363 429 codicem
396 383 562 437 scripsit
597 383 685 436 ipse
716 383 983 425 concinnavit
1025 387 1094 425 aut
1136 396 1188 425 ex
1227 383 1383 426 veteris
1423 385 1670 440 exemplaris

177 461 363 514 margine
394 457 563 512 recepit.
624 458 714 499 Hoc
745 457 916 499 alterum
945 459 981 500 si
1013 458 1190 512 accidit,
1237 459 1487 513 Pomponius
1518 460 1666 504 Laetus

175 546 256 575 non
290 533 427 574 omnia
455 532 494 573 in
526 532 715 587 margine
748 533 903 574 veteris
934 532 1029 574 libri
1061 537 1202 575 notata
1230 533 1439 587 repetivit.

309 608 504 658 Quartum
537 607 749 661 exemplar
780 621 832 649 ex
862 611 1021 649 vetusto
1054 607 1123 649 illo
1146 608 1226 650 sibi
1242 608 1403 662 paravit
1417 607 1666 650 Franciscus

173 682 432 735 Puteolanus,
466 695 558 724 cum
592 694 700 724 anno
738 681 846 724 1476
877 686 946 724 aut
978 682 1091 724 circa
1124 682 1165 723 id
1193 686 1353 736 tempus
1385 682 1461 734 (cf.
1481 682 1669 725 Prooem.

172 771 211 813 p.
245 757 369 808 LVII)
391 756 780 812 ‘l'acitiAgricolam
814 757 855 797 in
878 757 1091 799 hominum
1123 757 1308 799 notitiam
1343 757 1564 799 adductum
1580 758 1671 800 Me-

173 833 329 874 diolani
360 833 467 888 typis
500 832 734 886 exprimere
766 844 994 887 aggressus
1015 836 1077 874 est
1100 832 1142 873 in
1162 844 1312 886 opere:
1343 831 1466 874 Plinii
1490 831 1670 874 Secundi

170 912 210 949 et
238 907 416 948 aliorum
448 906 702 960 Panegyrici.
777 906 927 948 Accecl.
959 906 1178 960 Aqricolae
1208 906 1296 948 vita
1322 919 1402 960 per
1433 907 1668 949 Cornelium

177 983 380 1035 Tacitum,
424 986 463 1023 et
490 981 672 1022 Petronii
700 980 863 1022 Arbitri
899 982 1073 1032 satyrici
1106 982 1394 1036 fraymentum.
1466 982 1544 1032 Qui
1587 982 1668 1024 hoc

172 1058 402 1112 exemplum
430 1057 627 1110 confecit,
660 1057 758 1099 vitia
789 1061 828 1099 et
855 1057 979 1098 multa
1004 1061 1044 1098 et
1065 1057 1181 1099 varia
1200 1057 1406 1098 commisit
1426 1057 1503 1109 (cf.
1525 1056 1675 1098 Wexii‘

171 1133 461 1176 commentatio
494 1146 531 1187 p.
563 1133 744 1185 8—10),
777 1133 866 1174 sive
895 1132 1017 1173 nimis
1058 1136 1330 1186 properanter
1364 1131 1535 1185 scripsit
1575 1131 1667 1174 sive

169 1208 221 1250 ad
257 1208 411 1250 veteris
442 1207 689 1261 exemplaris
721 1206 867 1248 (luctus
899 1219 983 1247 non
1014 1207 1114 1248 satis
1147 1207 1327 1247 animum
1359 1205 1543 1248 attendit.
1581 1205 1666 1246 Pu-

168 1283 358 1325 teolanus
390 1286 526 1325 tamen
557 1281 754 1324 nonnulla
772 1282 927 1324 rectius
947 1281 1134 1323 exhibuit
1158 1293 1278 1335 quam
1299 1280 1493 1322 codicum
1515 1280 1553 1321 Γ
1568 1284 1609 1322 et
1625 1281 1667 1324 A

166 1358 407 1411 scriptores,
440 1356 567 1398 veluti
597 1369 633 1397 c.
652 1355 678 1398 9
698 1355 885 1410 aqi-eyiae
904 1368 979 1410 pro
1001 1356 1208 1409 corruptis
1227 1354 1423 1410 praeciae
1446 1359 1486 1397 et
1501 1358 1663 1409 pratae,

167 1435 212 1471 ut
242 1436 305 1472 est
335 1431 378 1471 in
412 1432 448 1471 Γ
476 1434 517 1472 et
546 1432 599 1483 A,
633 1443 669 1471 c.
702 1430 752 1472 13
782 1413 1136 1483 Domitaepentes
1167 1441 1243 1483 pro
1279 1429 1484 1471 Domitiae
1513 1428 1659 1484 yemis,

169 1517 206 1551 c.
241 1505 292 1547 18
322 1503 486 1557 patrius
519 1516 593 1557 pro
623 1503 768 1556 prius,
814 1516 848 1544 c.
887 1502 937 1544 19
968 1502 1148 1544 iniuriae
1174 1515 1249 1557 pro
1281 1502 1497 1556 incuriae,
1544 1515 1580 1544 c.
1611 1503 1666 1544 26

167 1578 231 1619 his
260 1583 305 1619 nt
334 1579 475 1619 tulisse
506 1590 581 1632 pro
610 1578 675 1618 his
702 1577 899 1618 intulisse.
961 1577 1120 1619 Eodem
1157 1589 1237 1632 ego
1268 1578 1536 1619 referendum
1567 1581 1664 1632 puto

170 1667 207 1695 e.
240 1653 266 1695 3
294 1652 530 1707 felicitatem
563 1652 727 1705 imperii
751 1664 827 1706 pro
857 1651 1092 1705 felicitatem
1124 1656 1364 1705 temporum.
1396 1651 1509 1694 Haec
1535 1665 1558 1694 a
1586 1651 1669 1692 Pu-

169 1728 337 1770 teolano
369 1741 443 1783 per
474 1728 758 1770 coniecturam
789 1728 978 1769 restituta
1010 1739 1119 1779 esse,
1154 1739 1259 1780 quae
1290 1726 1431 1768 Wexii
1459 1726 1667 1768 sententia

168 1807 232 1845 est
262 1809 323 1856 (p.
358 1804 448 1856 10),
481 1803 580 1844 mihi
612 1803 683 1844 vix
711 1801 928 1856 probabile
954 1802 1133 1854 videtur,
1165 1814 1255 1843 cum
1288 1801 1514 1843 considero
1546 1812 1667 1855 quam

166 1877 380 1919 incuriose
412 1890 460 1918 ac
495 1877 601 1918 malo
632 1888 832 1918 successu
858 1877 900 1917 in
931 1876 1161 1917 minoribus
1196 1876 1327 1918 Taciti
1349 1875 1467 1917 libris
1489 1874 1558 1917 ille
1577 1887 1669 1917 rem

166 1952 369 2005 gesserit,
413 1953 487 1992 sed
521 1951 656 2004 potius
693 1963 767 1993 eos
799 1951 842 1991 in
869 1955 1034 1992 vetusto
1061 1951 1169 1992 libro
1203 1950 1349 1992 ductus
1382 1950 1513 1992 fuisse
1543 1954 1657 2004 puto,

164 2025 233 2078 qui
270 2024 537 2065 Puteolanum
594 2029 663 2066 aut
716 2025 896 2066 scribam
944 2024 1033 2066 eius
1077 2025 1129 2066 ad
1170 2037 1313 2066 verum
1364 2024 1659 2078 perducerent.

169 2098 343 2139 Wexius
374 2099 474 2139 illud
507 2102 688 2141 statuere
719 2103 891 2141 coactus
926 2103 1001 2150 est,
1035 2099 1145 2152 quod
1177 2098 1441 2140 Puteolanum
1476 2098 1567 2152 ipso
1587 2109 1664 2139 co-

167 2173 262 2215 dice
293 2174 331 2214 Γ
353 2185 471 2215 usum
505 2186 598 2216 esse
639 2174 829 2215 credidit.
905 2173 987 2216 Sed
1031 2173 1112 2214 hoe
1154 2185 1277 2215 secus
1320 2185 1415 2215 esse
1454 2172 1536 2214 duo
1574 2171 1659 2214 loci

164 2259 264 2301 prae
301 2248 450 2290 ceteris
482 2248 691 2290 luculente
724 2248 960 2290 ostendunt.
1038 2248 1196 2289 Primus
1245 2251 1308 2289 est
1348 2259 1384 2288 c.
1423 2247 1475 2289 18
1506 2259 1597 2288 cnm
1626 2249 1666 2287 et

164 2321 309 2363 milites
338 2323 450 2364 velut
476 2323 631 2364 omissa
659 2323 919 2376 expeditione
951 2322 1008 2363 ad
1043 2321 1308 2363 securitatem
1351 2325 1389 2361 et
1432 2321 1569 2361 hostes
1609 2319 1666 2361 ad

165 2397 425 2439 occasionem
453 2402 740 2451 verterentur,
789 2397 859 2439 ubi
902 2398 941 2439 Γ
978 2397 1124 2439 falsam
1164 2397 1413 2450 scripturam
1449 2398 1664 2436 uterentur

166 2471 345 2523 exhibet,
378 2472 626 2514 Puteolanus
660 2485 752 2514 curn
785 2472 892 2513 libro
922 2475 966 2514 A
992 2484 1135 2513 veram
1167 2474 1442 2511 verterentur.
1490 2469 1591 2510 Item
1619 2469 1662 2511 in

163 2545 304 2587 verbis
336 2559 371 2586 c.
406 2546 459 2587 35
492 2546 572 2598 (ita
602 2551 646 2586 ut
669 2546 849 2598 primum
880 2558 1023 2599 aymen
1050 2545 1093 2585 in
1123 2555 1282 2597 aequo,
1326 2543 1452 2586 ceteri
1475 2556 1555 2596 per
1584 2555 1662 2585 ac-

165 2620 269 2662 clive
298 2621 435 2675 inyum
467 2620 644 2661 conneoei
675 2622 787 2661 velut
822 2621 1101 2674 insui-yerent)
1141 2632 1286 2661 verum
1328 2623 1369 2660 et
1413 2612 1659 2673 ex'quisitum

164 2695 340 2736 conneoei
379 2695 624 2737 Puteolanus
672 2708 765 2736 cum
805 2698 848 2737 A
886 2695 1099 2747 servavit,
1153 2695 1193 2736 Γ
1235 2693 1412 2735 connexi
1454 2693 1655 2747 praebuit.

164 2769 390 2824 Utrobique
419 2771 579 2812 codicis
603 2771 855 2824 Fscriptura
883 2770 945 2811 sic
975 2774 1211 2824 comparata
1231 2773 1307 2822 est,
1341 2773 1385 2811 ut
1408 2766 1660 2810 emendandi

167 2845 398 2887 necessitas
426 2846 593 2887 nonnisi
637 2859 660 2887 a
704 2845 850 2887 critico
893 2845 1115 2886 admodum
1158 2847 1312 2886 attento
1361 2846 1657 2898 cognoscatur.

163 2919 424 2972 Puteolanus,
459 2921 527 2974 qui
560 2920 686 2962 multo
722 2920 981 2974 corruptiora
1013 2920 1218 2974 patienter
1248 2917 1470 2968 toleravit,
1517 2916 1558 2957 in
1590 2903 1656 2956 liis

164 2992 306 3035 vitium
337 2995 512 3037 subesse
542 2996 612 3038 vix
643 3008 692 3040 ac
727 3008 786 3041 ne„
806 2995 877 3037 vix
907 2994 1073 3049 quidem
1103 2996 1400 3048 perspecturus
1434 2995 1536 3044 erat,
1571 2989 1654 3031 nisi
