1768 3216
0 309 28 366 'a

75 506 133 546 84

147 244 177 268 w
194 232 236 269 G.
261 233 337 273 ω.

254 318 278 334 oe

147 349 293 418 die-Qus
326 351 368 394 id
400 364 566 407 quoque
595 353 792 408 gaudium
825 352 1076 406 accederet,
1119 353 1360 397 exultabant
1389 353 1508 407 srueb

145 423 256 467 niissa
285 427 461 480 partium
493 439 607 479 cura,
637 427 756 469 malis
785 426 962 480 publicis
991 426 1102 469 laeti.

279 500 497 543 Plurimum
530 502 651 543 molis
683 503 724 542 in
765 502 1075 556 oppugnatione
1122 506 1353 567 castrorum
1395 502 1495 555 suit,
1541 485 1698 574 quaes‘?

620 233 755 270 LIBER
780 234 842 272 nt.
896 233 984 272 Gn.
1011 236 1169 274 82—84.
1210 230 1212 233 ’

1570 238 1645 275 276

1212 408 1465 426 Mum-„aw—
1479 407 1485 410 ·
1492 404 1498 410 ⁴

145 577 376 619 acerrimus
408 577 581 631 quisque
611 581 655 618 ut
685 576 955 618 novissimam
999 588 1114 630 spem
1156 564 1405 619 re't‘iiffiBant.
1468 577 1529 619 Eo
1578 577 1649 618 in-

146 652 299 693 tentius
329 652 526 704 victores,
559 652 783 705 praecipuo
814 656 1000 693 veterum
1034 651 1268 713 cohortium
1302 651 1455 703 studio,
1497 656 1678 697 cunctas

847 700 1061 714 ...affl-*⁴-

87 777 92 788 Ι
144 724 494 770 validissimarum
524 725 687 767 urbium
720 726 896 768 excidiis
937 730 1103 779 reperta
1133 713 1533 778 si'm'us'adfnovent,
1583 730 1649 769 te-

1510 358 1645 411 ffllmra
1678 336 1712 435 ἐξ

1694 425 1701 447 ι

1695 448 1699 455 .

147 799 356 843 studinem
388 804 619 852 tormenta,
655 811 838 854 aggeres
868 800 997 843 falces
1028 811 1106 852 ue,
1149 799 1346 853 quidquid
1379 804 1440 841 tot
1475 800 1648 854 proeliis
1679 762 1768 869 Aa}

145 873 303 918 laboris
333 887 383 916 ac
412 874 590 927 periculi
622 874 881 926 hausissent,
917 886 1045 927 opere
1074 874 1145 915 illo
1178 874 1462 916 consummari
1501 874 1649 916 clami-

146 951 296 990 tentes.

357 947 509 990 Urbem
541 949 704 990 senatui
735 961 785 990 ac
803 947 956 1002 populo
977 948 1180 1000 Romano,
1203 947 1353 1001 templa
1376 947 1440 990 dis
1462 946 1647 990 redflita:

144 1022 356 1078 proprium
389 1035 484 1065 esse
513 1022 653 1064 militis
686 1023 816 1064 decus
848 1023 889 1063 in
921 1022 1085 1064 castris.

144 1101 330 1151 penates.
389 1097 440 1138 Ni
473 1097 610 1138 statim
639 1097 923 1158 recipiantur,
966 1100 1131 1138 noctem
1174 1096 1216 1137 in
1261 1097 1387 1138 armis
1427 1097 1647 1152 agendam.

145 1171 299 1214 Contra
330 1172 552 1224 Vitelliani,
587 1182 833 1226 quamquam
859 1156 1038 1212 'numero
1066 1171 1235 1225 fatoque
1257 1171 1459 1225 dispares,
1482 1172 1651 1225 inquie-

146 1251 234 1289 tare
264 1246 498 1300 victoriam,
531 1247 688 1288 morari
719 1259 879 1300 pacem,
915 1246 1064 1288 domos
1084 1257 1263 1299 arasque
1287 1245 1647 1298 cruoresoedare‚

143 1332 336 1376 suprema
367 1322 490 1363 victis
521 1321 670 1364 solatia
691 1320 1058 1374 amplectebantur.
1101 1319 1214 1361 Multi
1237 1320 1504 1362 semianimes
1524 1331 1650 1374 super

222 1379 438 1395 βα

573 1382 587 1386 a
601 1374 914 1385 ῤ,«.-Ν..».,-.-.οκη

1147 1021 1261 1065 Illam
1307 1022 1510 1076 patriam,
1554 1022 1701 1068 illosw

142 1401 278 1440 turres
310 1401 351 1440 et
378 1385 690 1452 propugnacula
713 1397 922 1439 moenium
952 1395 1213 1449 expiravere.
1275 1395 1497 1438 Convulsis
1516 1395 1648 1450 portis
1663 1402 1700 1431 ¹⁵

279 1544 314 1580 3.
344 1544 420 1590 obp.
446 1542 512 1578 ΜΒ.
565 1545 600 1579 5.
624 1555 721 1591 pree.
749 1543 815 1579 ΜΒ.

146 1593 310 1638 quidquid
335 1590 409 1627 ΜΒι
438 1594 602 1637 quicquid
627 1593 666 1627 G.

145 1640 211 1675 ΜΒ.
292 1643 345 1676 11.
375 1653 481 1687 paen.
508 1639 573 1676 Ma.

149 1690 204 1724 ¹5.
233 1689 407 1724 convolsis
433 1690 492 1724 Or.

147 1825 208 1871 (Η.
234 1824 265 1859 11
294 1825 359 1871 93)
389 1829 564 1870 tamquam
594 1826 726 1859 iniuste
763 1830 798 1859 et
825 1825 860 1858 in

146 1884 244 1907 suam
271 1874 435 1907 iniuriam
450 1873 631 1907 subiectas
648 1878 861 1907 contemne-

147 1923 232 1956 bant
257 1922 412 1967 odioque
438 1923 755 1967 persequebantur.

234 1971 440 2005 testudinem
470 1977 666 2014 tormenta,
715 1982 863 2016 ayqeres

144 2018 345 2064 falcesque.-
397 2021 450 2054 sic
484 2018 575 2053 haec
607 2019 862 2066 distinguenda

147 2078 227 2103 esse
258 2069 428 2102 monitum
469 2067 512 2101 ad
541 2067 586 2102 XI
613 2068 647 2103 6.
721 2068 861 2102 Testudo

146 2121 201 2152 est
227 2118 403 2151 arietaria
438 2118 591 2161 (quippe
618 2117 861 2164 admovetur),

147 2176 250 2211 quam
275 2171 382 2200 vocat
396 2165 578 2199 Vitruvius
604 2165 634 2198 X
653 2166 708 2208 19,
734 2177 862 2205 magna

122 2215 255 2265 ¹vinea
281 2213 534 2260 (Schulzdach)
567 2225 647 2247 cum
680 2206 863 2248 arietiad

122 2262 425 2305 tconcutiendum
452 2272 606 2304 murum,
643 2272 713 2295 non
747 2262 864 2307 quatis

148 2310 360 2344 describitur
387 2320 419 2342 c.
445 2310 490 2344 27
519 2315 554 2343 et
572 2310 631 2352 28,
658 2310 753 2344 facta
779 2322 865 2345 scu-

149 2359 195 2391 tis
224 2358 376 2392 militum
408 2368 515 2402 supra
553 2358 721 2392 humeros
761 2359 865 2393 elatis

149 2405 408 2451 (Sclaitddacln).
419 2406 574 2451 A99eres
585 2406 751 2452 intellige
762 2418 867 2442 acer-

151 2465 216 2490 vos
266 2460 382 2489 terrae
420 2456 547 2500 raptim
590 2461 785 2501 congestae
825 2457 866 2490 ad

150 2508 326 2538 tormenta
355 2503 404 2538 ibi
432 2503 653 2538 collocanda.
687 2505 756 2539 Sed
784 2505 868 2550 quid

150 2555 272 2599 faces,
311 2557 349 2586 ut
386 2552 498 2598 vulgo
530 2553 723 2587 scribitur?
777 2554 866 2588 Num

153 2601 361 2635 obsessores
392 2611 456 2634 sua
494 2602 562 2645 ipsi
592 2607 706 2636 castra
740 2603 868 2636 incen-

153 2651 226 2684 snri
255 2649 365 2682 sunt?
402 2649 512 2682 Immo
538 2649 659 2683 sedem
689 2650 756 2683 sibi
783 2661 870 2694 pro-

155 2699 265 2742 priam
290 2707 503 2740 recuperare
530 2697 667 2731 volunt.
695 2698 784 2732 Num
813 2700 870 2732 fa-

156 2745 258 2779 cibus
284 2750 568 2789 propugnatores
603 2745 647 2780 de
683 2746 778 2780 vallo
805 2747 871 2780 de-

156 2793 329 2827 turbaturi
363 2793 474 2826 sunt?
538 2794 584 2827 At
616 2793 670 2827 illi
705 2795 869 2828 inanibus

157 2842 251 2884 telis,
277 2840 401 2886 quales
430 2841 539 2883 faces,
570 2842 715 2876 minime
737 2844 870 2877 cessuri

157 2895 269 2925 erant.
332 2889 443 2923 Faces
476 2890 511 2923 in
548 2900 615 2923 usu
647 2889 871 2925 obsessorum

157 2939 199 2973 ad
219 2948 328 2984 opera
345 2937 583 2972 obsidentium
604 2937 768 2982 delenda,
786 2941 873 2984 ipsis

158 2986 405 3023 obsidentibus
420 2987 579 3030 inutiles,
607 2987 676 3022 nisi
703 2988 733 3023 si
750 2987 873 3022 delere

877 1544 909 1578 7.
936 1542 1115 1589 falcesque
1141 1541 1275 1576 editor:
1302 1540 1445 1576 codices
1470 1543 1647 1587 facesque.

766 1593 801 1626 8.
831 1591 1000 1637 periculis
1028 1590 1103 1625 Ma:
1132 1590 1159 1624 G
1181 1588 1347 1636 periculi.

671 1643 725 1676 13.
749 1642 846 1687 faed.
876 1639 940 1674 ΜΒ.

1448 1592 1650 1626 consumar-i

1033 1641 1086 1673 14.
1113 1639 1244 1685 sufnna
1268 1637 1335 1672 ΜΒ.
1420 1637 1557 1672 solacia
1583 1638 1648 1673 ΜΒ.

931 1823 1099 1857 incendio
1144 1823 1272 1857 volunt
1315 1833 1406 1868 quae
1447 1827 1652 1870 expugnata

931 1877 1025 1907 sunt.
1079 1872 1220 1906 Tacitus
1254 1871 1349 1906 haud
1382 1871 1491 1905 dubie
1525 1872 1650 1917 falces,

932 1921 968 1956 h.
998 1933 1030 1955 e.
1058 1920 1172 1955 falces
1200 1920 1356 1954 murales
1390 1921 1434 1954 ad
1459 1920 1652 1955 destruen-

932 1970 993 2004 das
1020 1969 1146 2014 pinnas
1182 1975 1217 2003 et
1243 1968 1483 2004 detrahendos
1512 1969 1651 2014 lapides

933 2030 976 2052 ex
1002 2019 1111 2052 muris
1138 2020 1233 2052 circa
1261 2023 1376 2052 castra
1402 2017 1537 2061 ductis,
1566 2029 1654 2063 per-

932 2066 1015 2101 inde
1042 2072 1080 2100 ut
1107 2067 1148 2101 H.
1174 2067 1223 2101 111
1254 2067 1323 2109 27,
1348 2067 1486 2111 posuit:
1514 2066 1650 2102 librarii

932 2115 1124 2150 litterulam
1151 2127 1256 2149 unam
1282 2116 1490 2150 omiserunt.

1031 2166 1070 2198 πί
1114 2166 1232 2198 statim
1270 2165 1516 2210 recipiantur:
1562 2164 1652 2200 haec

934 2213 1055 2247 dicunt
1081 2218 1225 2248 veteres
1253 2213 1442 2254 cohortes,
1474 2213 1558 2257 quia
1589 2224 1652 2247 ca-

933 2267 1006 2295 stra
1024 2261 1092 2295 sibi
1113 2263 1237 2306 inique
1255 2265 1378 2304 erepta
1391 2265 1517 2304 putant
1535 2263 1653 2306 (wenn

935 2311 998 2343 (las
1033 2309 1150 2354 La9er
1193 2310 1291 2342 nicht
1331 2308 1486 2354 soyleich
1523 2309 1654 2343 wieder

935 2358 1071 2392 eroberc
1097 2358 1241 2405 werde).

1005 2407 1204 2450 inquietare
1228 2407 1414 2440 victoriam
1440 2428 1486 2433 --
1524 2405 1655 2439 solatia
1712 2414 1715 2418 ·

935 2455 1255 2500 aunpleclebuntur:
1277 2454 1389 2488 verbo
1410 2454 1508 2488 finito
1531 2459 1567 2488 et
1586 2454 1654 2488 ob-

936 2505 1030 2538 iecto
1050 2503 1134 2538 inde
1159 2513 1334 2548 suspenso
1352 2506 1532 2549 (suprema
1555 2503 1656 2537 victis

937 2552 1066 2587 solatia
1101 2552 1415 2598 amplectebantur)
1459 2552 1655 2585 universim

938 2602 1143 2635 enuntiatur
1181 2601 1276 2646 quod
1310 2600 1422 2634 tribus
1460 2600 1654 2633 enuntiatis

939 2661 1017 2684 cum
1054 2649 1234 2683 infinitivo
1270 2650 1400 2682 iunctis
1441 2659 1504 2692 per
1536 2652 1656 2691 partes

938 2709 1144 2743 expressum
1173 2702 1238 2730 est.
1267 2697 1476 2730 Germanice
1500 2706 1656 2730 conver-

941 2751 1014 2780 tas:
1058 2747 1123 2780 Die
1165 2745 1371 2779 Vitellianer
1416 2743 1657 2788 beunruhiyen

940 2795 1006 2828 den
1039 2795 1146 2838 siey,
1185 2797 1374 2838 verz-&qemi
1401 2793 1467 2825 den
1495 2793 1656 2834 Friedeu,

941 2842 1113 2887 befleclten
1148 2840 1285 2874 Paliisle
1320 2840 1393 2874 und
1432 2839 1556 2874 Aluire
1596 2841 1658 2874 mit

942 2890 1044 2931 Blae,
1083 2890 1166 2922 hurz
1205 2900 1240 2922 es
1282 2899 1403 2922 waren
1447 2889 1501 2922 die
1534 2888 1659 2922 lemen

947 2937 1152 2972 'I‘rostmiuel
1196 2937 1259 2970 der
1294 2937 1476 2982 Besieyten
1499 2963 1508 2980 ‚
1564 2936 1659 2971 nacla

941 2986 1096 3021 welchen
1124 2986 1174 3020 sie
1199 2986 1340 3032 qriffen.
1370 2985 1446 3028 Qua
1472 2986 1509 3020 in
1528 2995 1567 3020 re
1589 2985 1659 3021 hoc
