1768 3216
48 634 111 675 37
151 667 154 670 ,

121 707 277 757 tenent,
305 717 433 760 parva
474 717 584 748 nunc
616 706 797 758 civitas,
835 706 910 748 sed
957 706 1093 760 gloria
1134 706 1297 760 ingens.

733 215 821 251 CAr.
848 215 1006 252 35-37.

1563 215 1614 251 6⁷

116 336 263 388 beffiae
291 333 405 376 stulti
434 336 670 375 vocantur:
699 331 856 374 Chattis
875 333 1106 376 victoribus
1124 332 1290 375 fortuna
1309 332 1351 376 in
1372 332 1616 387 sapientiam

118 408 261 452 cessit.

323 408 462 452 Tracti
491 407 611 449 ruina
647 406 953 450 Cheruscorum
988 412 1029 449 et
1052 408 1165 460 Fosi,
1198 406 1459 449 contermina
1487 419 1616 463 gens:

121 482 392 526 adversarum
430 494 571 525 rerum
613 495 666 525 ex
704 494 839 536 aequo
880 483 988 525 socii
1023 487 1147 535 sunt,
1196 495 1288 525 cum
1330 482 1374 524 in
1418 482 1617 525 secundis

122 557 306 606 minores
338 556 530 605 fuissent.

265 631 456 673 Eundem
505 630 757 674 Germaniae
815 632 950 674 sinum
1005 631 1185 686 proximi
1236 630 1408 673 Oceano
1467 629 1654 673 Cimbris

1377 704 1623 758 Veterisque

123 778 259 822 famae
286 779 370 821 lata
398 779 577 835 vestigia
615 783 805 832 manent,
848 783 1024 833 utraque
1064 779 1154 832 ripa
1201 782 1337 820 castra
1381 791 1431 820 ac
1475 778 1621 832 spatia,

120 864 295 907 quorum
329 853 483 895 ambitu
509 865 620 895 nunc
651 865 817 907 quoque
847 854 1032 896 metiaris
1063 852 1214 895 molem
1234 864 1462 907 manusque
1482 852 1621 907 gentis

123 931 168 970 et
190 931 271 969 tam
302 928 444 982 magni
475 928 611 969 exitus
641 927 780 969 fidem.

257 1001 611 1044 sexcentesimum
643 1006 685 1044 et
724 1001 1086 1056 quadragesimum
1134 1013 1285 1042 annum
1328 1001 1429 1042 urbs
1474 1004 1619 1043 nostra
1643 1008 1683 1039 to

119 1075 297 1132 agebat,
341 1087 433 1118 cum
461 1076 636 1132 primum
667 1075 925 1119 Cimbrorum
958 1076 1095 1118 audita
1127 1080 1223 1118 sunt
1256 1088 1395 1130 arma,
1435 1075 1619 1118 Caecilio

254 1242 290 1276 2.
314 1242 403 1285 tacti?
424 1251 502 1275 eum
530 1240 711 1286 plerisque
738 1241 783 1274 P:
814 1241 921 1275 tracti
945 1240 1195 1284 Farnesianus,
1223 1240 1512 1283 Humnielianus,
1540 1239 1621 1274 Μο-

120 1289 298 1324 aucensis.

120 1337 339 1372 aduersart't's
364 1336 402 1372 P.

121 1406 168 1412 —
193 1386 413 1432 cymbranam
436 1385 474 1421 P.

499 1338 588 1371 socii
610 1337 650 1371 δι’
676 1336 713 1371 Ρ.

127 1542 219 1576 Fusa
238 1541 368 1576 fluvius
394 1543 455 1588 qui
483 1552 595 1587 prope
617 1542 738 1577 Cellas
764 1542 831 1576 Al-

122 1590 221 1625 lerae
246 1592 428 1633 miscetur,
456 1595 572 1624 utrum
599 1602 619 1625 a
635 1592 737 1626 Fosis
764 1601 833 1624 no-

122 1650 205 1673 men
252 1640 432 1674 invenerit
470 1650 515 1673 an
559 1640 645 1684 ipsis
695 1639 835 1674 dederit

125 1689 312 1722 incertum.
349 1688 386 1721 ln
410 1688 514 1721 ruina
535 1689 726 1722 trabuntur
747 1698 834 1732 pro-

122 1736 229 1769 xima.
281 1734 383 1770 Conf.
404 1736 444 1769 ll.
472 1735 521 1769 tlt
549 1737 620 1771 29:
649 1736 832 1782 (ballista)

121 1785 254 1829 pinnas
279 1795 325 1818 ac
352 1795 486 1819 summa
510 1784 600 1818 valli
636 1785 743 1818 ruina
770 1795 835 1819 sua

123 1833 245 1867 traxit.
296 1833 350 1867 Ad
379 1832 542 1866 homines
559 1832 766 1867 translatum
787 1832 833 1866 Vl

124 1879 191 1916 26:
212 1881 240 1915 A
243 1882 430 1927 qrippinae
439 1882 616 1926 pernicies
627 1880 836 1915 Plancinam

123 1930 248 1963 traxit.
298 1929 339 1964 ll.
365 1929 381 1963 I
410 1928 482 1964 48:
510 1929 645 1964 Galbae
678 1930 837 1964 amicitia

130 1978 170 2011 in
197 1978 382 2024 abruptum
406 1983 551 2011 tractus.

208 2046 294 2092 Cap.
329 2047 387 2082 37.
437 2047 583 2082 mandem
619 2069 659 2075 -
705 2047 838 2081 Cimbri

124 2101 263 2130 tenent.-
290 2101 426 2141 partem
442 2095 659 2130 Chersonesi
680 2095 837 2130 Cimbri-

125 2154 191 2179 cae
216 2145 348 2179 ceteris
375 2145 588 2179 Germaniae
621 2145 724 2178 terris
750 2154 837 2188 pro-

125 2193 267 2227 ximam.
319 2192 535 2237 Pomponius
586 2193 678 2227 Mela
722 2192 772 2226 111
814 2193 837 2227 3

125 2245 240 2275 exin:
263 2242 302 2275 in
327 2253 367 2274 eo
386 2243 442 2283 (in
467 2242 547 2275 sinu
569 2241 735 2286 Codano)
758 2246 838 2274 sunt

126 2289 261 2322 Cimbri
302 2295 335 2322 et
379 2289 523 2322 Teutoni
529 2301 542 2330 ;
586 2289 682 2322 ultra
726 2288 839 2321 ultimi

130 2337 343 2370 Germaniae
378 2338 582 2370 Hermones.
643 2335 779 2370 Plinius
808 2335 838 2368 ll

124 2384 192 2426 67;
230 2384 515 2430 septentrionalis
550 2395 632 2418 tero
676 2384 838 2417 Oceanus

123 2434 258 2467 maiore
282 2444 326 2466 ez·
348 2439 452 2478 parte
471 2433 658 2478 nariyatus
680 2438 740 2474 est,
768 2443 837 2464 au-

123 2482 243 2527 spiciis
293 2481 366 2515 «tivi
414 2481 564 2527 Auqusti
610 2480 836 2514 Germaniam

125 2529 237 2564 classe
264 2530 498 2563 circumvecta
532 2529 579 2562 ad
618 2529 838 2562 Ca'mbrorum

121 2580 424 2624 promontorium‚·
455 2577 502 2611 lV
523 2579 589 2612 27:
618 2576 836 2622 incipitinde

124 2627 260 2660 clarior
284 2627 421 2671 aperiri
444 2628 545 2670 sama
571 2625 615 2658 ab
640 2630 742 2668 qeute
772 2623 836 2657 In-

122 2685 336 2719 qaevonam,
376 2685 465 2718 quae
503 2678 552 2706 est
598 2674 717 2717 prima
755 2671 837 2705 inde

126 2723 351 2756 Germaniae.
403 2721 492 2754 Set-o
532 2731 631 2753 mons
678 2721 729 2753 ihi
767 2720 836 2753 im-

123 2781 260 2804 mensus
287 2790 332 2795 —
348 2770 533 2802 irnvnanem
555 2768 603 2801 ad
616 2768 835 2801 Cimbrorum

121 2829 227 2862 nsque
258 2818 532 2862 promontorium
576 2817 682 2860 elficit
722 2817 835 2849 sinum

123 2868 180 2911 qm'
205 2865 368 2900 Codanus
396 2871 554 2898 vocatur.
606 2863 732 2897 Strabo
774 2863 835 2898 Vll

122 2918 146 2950 2
174 2917 210 2949 1:
234 2915 474 2969 χερρόνησον
501 2914 692 2950 οἰκοῦντες
710 2925 833 2947 -και

121 2965 195 3001 νῦν
222 2963 357 3009 ἔχουσι
386 2975 425 2997 tw
415 2975 454 3006 γ
478 2960 627 3009 χώοαν,
656 2957 700 3005 ἢν
728 2959 834 3008 εἶχον

398 1290 471 1333 fusi
493 1300 671 1334 superscr.
696 1289 741 1323 ab
767 1289 814 1324 al.
840 1300 885 1323 m.
914 1301 933 1322 o
962 1289 999 1323 P.

812 1337 846 1371 5.
882 1339 950 1371 situi
976 1338 1021 1371 P:
1049 1341 1083 1373 Δ
1107 1342 1143 1372 et
1166 1337 1229 1372 alii
1265 1338 1390 1372 sinum.

554 1387 609 1422 10.
633 1387 890 1420 sescetesimum
915 1385 951 1422 P.

1121 1291 1156 1324 3.
1187 1289 1417 1323 aduersarum
1442 1299 1620 1337 superscr.

1491 1336 1624 1384 cymbrt‘

900 1544 1108 1591 προᾛτερον
1160 1543 1386 1578 Ptolemaeus
1414 1541 1445 1576 11
1473 1542 1514 1576 11
1546 1543 1614 1576 12:

902 1594 1060 1630 πάντων
1087 1593 1126 1629 δὲ
1143 1590 1611 1641 (ἕρκιικαὶιεροιΚίμβροι.

970 1670 1119 1708 atraque
1147 1664 1227 1708 ripa
1253 1668 1372 1696 castra
1400 1672 1446 1695 ae
1469 1661 1610 1707 spatia.

901 1712 936 1744 iu
975 1713 1052 1756 ripa
1085 1711 1240 1746 Danubii
1280 1716 1316 1745 et
1349 1710 1465 1744 Rheni
1500 1709 1612 1743 Taciti

902 1761 1121 1805 temporibus
1147 1760 1304 1805 spatiosa
1334 1763 1450 1792 castra
1475 1762 1614 1804 (castra

901 1820 946 1841 ae
968 1811 1100 1853 spatia)
1137 1807 1442 1849 monstrabantur,
1484 1805 1613 1852 quibus

908 1855 1041 1891 Cimbri
1066 1857 1152 1891 olim
1171 1858 1207 1891 in
1234 1855 1370 1891 celebri
1398 1855 1498 1889 exitu
1524 1864 1615 1889 con-

905 1906 1083 1939 sederant.
1201 1911 1233 1938 et
1261 1911 1332 1938 tam
1358 1905 1479 1949 maqni
1503 1904 1616 1937 exitus

899 1954 1025 1998 fidem:
1050 1964 1181 1987 nomen
1213 1953 1325 1987 emitas
1353 1952 1433 1999 (der
1458 1951 1613 1997 Λυσιας)

904 2007 1074 2036 concreto
1098 2002 1304 2048 significatu
1330 2011 1394 2046 pro
1409 1999 1612 2034 exeuntibus

903 2061 998 2085 nove
1038 2051 1213 2107 posit-um,
1254 2060 1346 2095 quae
1387 2049 1443 2082 vis
1487 2047 1617 2082 additis

906 2105 977 2133 tam
1015 2100 1143 2143 maqni
1176 2098 1352 2139 efficitur,
1394 2102 1430 2131 et
1466 2106 1618 2143 magnus

906 2149 1022 2181 exitus
1065 2158 1149 2192 pro
1166 2146 1396 2180 multitudine
1436 2150 1473 2178 et
1514 2144 1618 2189 copia

906 2197 1125 2230 exeuntium.
1177 2195 1325 2240 Magnus
1364 2195 1456 2227 enim
1500 2193 1617 2226 exitus

905 2245 963 2278 vel
990 2245 1155 2284 migratio
1182 2253 1314 2288 magno
1341 2250 1488 2274 numero
1511 2252 1530 2274 e
1551 2251 1618 2284 pa..

905 2293 973 2325 tria
1026 2291 1227 2325 cedentium
1286 2290 1454 2324 eflicitur.
1506 2287 1618 2332 lipsii

905 2340 1111 2373 coniectura
1139 2339 1312 2372 exercitus
1327 2348 1395 2370 non
1418 2335 1612 2381 probanda.

966 2410 1251 2442 sexcentesimum
1270 2429 1313 2433 —-
1330 2407 1475 2453 ayebat:
1502 2409 1617 2441 utitur

904 2457 1095 2490 occasione
1124 2456 1263 2498 oblata,
1306 2461 1344 2489 ut
1371 2467 1428 2490 res
1468 2456 1615 2490 Germa-

904 2515 1028 2538 norum
1059 2505 1103 2538 ab
1131 2516 1174 2539 eo
1203 2510 1362 2549 tempore
1385 2515 1464 2538 cum
1484 2503 1617 2538 Roma-

905 2555 958 2586 nis
996 2554 1133 2599 cogniti
1171 2558 1273 2595 sunt,
1316 2553 1415 2587 brevi
1454 2551 1616 2597 comple-

907 2606 1033 2636 ctatur.

1000 2672 1156 2706 Caecilio
1201 2670 1340 2706 Metello
1387 2676 1418 2703 et
1474 2669 1616 2714 Papirio

906 2720 1067 2755 Carbone
1106 2719 1324 2754 consulibus:
1368 2716 1533 2751 Metellus
1581 2720 1617 2750 et

906 2769 1021 2802 Carbo
1052 2767 1219 2801 consules
1247 2767 1290 2800 ab
1318 2777 1350 2798 u.
1380 2766 1447 2800 641
1489 2767 1616 2809 (aerae

906 2815 1059 2860 Capitol.
1094 2816 1194 2860 640)
1227 2836 1265 2849 -.—.-
1298 2815 1377 2847 113.
1438 2812 1616 2846 Particula

905 2870 936 2897 et
963 2863 1147 2897 consulum
1175 2861 1378 2894 nominibus
1405 2861 1616 2905 interposita

906 2922 948 2945 eo
975 2913 1090 2945 minus
1117 2909 1285 2952 offendit,
1326 2908 1420 2955 quod
1448 2908 1615 2944 consules

904 2960 1020 2994 obiter
1046 2970 1087 2994 ac
1113 2968 1184 2993 non
1212 2957 1247 2992 in
1276 2957 1414 2994 annalis
1442 2957 1615 2994 historiae
