1768 3216
741 227 828 263 Gn.
855 227 964 263 3—4.
1556 226 1606 261 u

109 343 222 387 mix?
253 349 558 397 consecratam,
592 344 758 386 adiecto
780 344 955 386 Laertae
972 343 1101 397 patris
1122 342 1308 395 nomine,
1338 342 1489 385 eodem
1507 342 1605 385 loeo

108 417 209 466 olim
237 423 471 474 repertam,
509 422 859 472 monumentaque
894 422 935 459 et
972 418 1150 460 tumulos
1190 417 1393 471 quosdam
1433 417 1607 459 Graecis

109 492 260 536 litteris
304 493 530 547 inscriptos
569 493 612 533 in
651 492 833 534 confinio
881 491 1129 533 Germaniae
1170 491 1427 545 Raetiaeque
1470 491 1608 533 adhue

109 571 270 610 extare.
310 567 444 616 »Quae
476 578 615 620 neque
658 566 905 608 confirmare
943 566 1200 620 argumentis
1237 577 1374 619 neque
1409 565 1607 607 refellere

107 640 152 682 in
176 641 321 683 ‘animo
349 645 437 683 est:
467 647 521 683 ex
543 641 716 695 ingenio
745 653 822 682 suo
857 640 1032 693 quisque
1063 640 1203 681 demat
1230 639 1299 681 vel
1317 639 1444 682 addat
1467 639 1638 697 fidemfs

246 715 341 769 lpse
370 723 515 757 eorum
546 715 814 769 opinionibus
843 714 1001 756 accedo
1032 714 1102 767 qui
1142 713 1391 755 Germaniae
1429 712 1606 767 populos

76 817 81 820 -
107 787 232 831 nullis
260 788 434 831 aliarum
463 789 677 831 nationum
707 788 928 835 connubiis
958 788 1139 829 infectos
1163 787 1374 841 propriam
1397 791 1439 830 et
1460 787 1607 829 since-

238 935 277 970 3.
302 933 505 980 τῘιοιίααῙιω
528 934 566 968 P.

106 981 214 1017 nulli-r
240 980 334 1017 aliis.

107 1122 189 1169 des)
218 1132 264 1156 ea
286 1121 414 1157 litteris
445 1122 640 1164 mandare,
676 1134 752 1156 eum
784 1123 823 1156 in

106 1169 252 1216 reliquis
273 1168 351 1216 fere
376 1170 537 1206 rebus—
549 1171 696 1206 Graecis
713 1177 823 1206 utan-

107 1223 166 1254 tur
187 1217 324 1253 lineri-s.
358 1234 362 1240 ⁴

178 1301 269 1335 quae
306 1301 419 1334 neque
450 1290 660 1334 confirmare
698 1310 745 1316 —-
783 1291 823 1324 in

106 1338 230 1372 anino
253 1344 325 1372 ert.
363 1338 487 1372 Livius
512 1339 549 1372 in
574 1338 822 1395 praefatione.

107 1397 152 1421 ea
177 1397 245 1421 nee
268 1387 459 1430 adfirmare
493 1398 561 1420 nee
593 1385 759 1431 refellere
783 1388 822 1421 in

106 1435 224 1479 aniam
250 1440 325 1478 ab·
362 1435 390 1468 V
416 1436 484 1470 21·
475 1459 484 1468 .
512 1435 602 1469 haec
628 1435 676 1468 ad
700 1441 820 1468 osten-

107 1483 276 1517 eatiom
299 1493 429 1523 scenae
450 1484 638 1529 qua-dentis
660 1484 820 1517 miracu-

109 1531 154 1565 tis
186 1532 328 1578 aptiora
363 1543 465 1577 quam
500 1532 547 1566 ad
573 1532 677 1575 fidem
709 1543 820 1576 neque

60 1615 67 1621 ,
106 1579 299 1624 adfirmare
335 1591 447 1624 neque
482 1579 649 1625 refellere
692 1591 819 1626 operae

104 1628 257 1674 pretim
283 1633 344 1662 est.

191 1697 309 1732 «leuat
341 1698 398 1732 vel
422 1699 531 1733 addat
553 1699 685 1743 fidem.-
726 1699 820 1734 hand

106 1745 215 1780 dubie
242 1745 333 1780 haee
358 1747 567 1791 accipienda
591 1752 673 1780 sunt
690 1747 734 1782 de
761 1747 820 1782 le..

108 1794 291 1840 gentibus,
316 1804 387 1828 non
414 1794 460 1829 de
484 1795 531 1829 iis
555 1796 616 1840 qui
642 1800 723 1840 post
750 1795 819 1830 Ta-

107 1843 217 1876 citum
260 1843 298 1877 in
332 1843 481 1877 eandem
522 1854 599 1877 rem
635 1845 821 1889 inquirere

109 1889 261 1934 volent,
293 1895 334 1924 nt
355 1891 482 1936 probat
507 1891 663 1926 additum
689 1905 734 1926 ex
757 1893 820 1926 in-

105 1940 208 1984 yet—‘o
223 1950 286 1973 ειο
309 1941 464 1984 quisque,
491 1940 526 1974 h.
547 1951 579 1974 e.
594 1945 700 1984 prout
716 1942 820 1986 quis-

107 1997 178 2032 que
205 1986 250 2021 ad
275 1987 492 2022 credendum
508 1993 569 2022 aut
586 1989 818 2022 dubitandum

108 2039 144 2068 et
167 2034 605 2081 ambigendumjnclinat.
658 2037 723 2071 Rei
751 2048 819 2070 au-

105 2087 178 2117 tem
203 2087 307 2130 quam
334 2083 483 2118 credunt
507 2084 611 2118 multi
637 2084 725 2118 fides
752 2085 820 2118 ad-

106 2130 224 2174 ditur,
261 2142 354 2176 quae
391 2142 515 2166 rursus
542 2132 695 2167 demitur
720 2132 818 2167 diffi-

106 2177 224 2212 dendo
260 2184 296 2213 et
327 2179 533 2214 dubitando.
585 2181 705 2214 Monni
732 2191 818 2225 pro-

107 2227 185 2271 pter
222 2226 491 2262 Doederlinium
531 2230 590 2272 qui
640 2229 816 2263 diversam

107 2274 384 2319 explicationem
412 2275 650 2319 amplectitur.

180 2343 315 2388 Cap.4.
350 2345 425 2390 ipse
451 2356 570 2379 tortam
598 2347 819 2390 opinionibus

107 2392 260 2484 ἔξῖοᾰὲε
299 2392 390 2428 redit
424 2393 518 2427 unde
548 2394 731 2439 digressus
764 2399 817 2427 est

175 2509 284 2544 nullis
315 2512 470 2546 auarum
508 2512 692 2546 nationum
729 2523 818 2546 con-

105 2557 244 2593 nnlt‘u‘s:
268 2559 413 2594 codices
438 2560 545 2594 nullis
570 2560 663 2594 aliis.
704 2561 818 2595 Adie-

107 2611 202 2641 ctum
227 2607 310 2641 otiis
335 2619 355 2641 e
380 2609 552 2642 'l'acitinis
580 2609 816 2643 amovendum

106 2654 231 2698 Lipsio
263 2658 462 2697 assentior,
507 2657 617 2701 idque
656 2658 736 2691 sive
772 2668 817 2691 ex

107 2703 347 2746 praecedente
386 2703 494 2737 mltis
536 2715 602 2748 per
640 2704 819 2750 dittogra-

107 2750 225 2794 phiam
251 2752 331 2784 aive
365 2762 410 2784 ex
444 2751 687 2797 subsequente
721 2753 818 2787 alia-

106 2810 184 2832 mm
201 2798 347 2833 fortuita
367 2800 586 2844 repetitione
603 2805 723 2834 natum
738 2812 818 2836 esse

108 2847 241 2880 iudico.
292 2847 484 2881 Passovius
510 2853 549 2881 ut
574 2847 665 2882 hanc
691 2859 818 2883 vocem

107 2894 277 2928 defendat
338 2895 492 2930 licenter
544 2898 817 2943 παραφράζει

109 2942 312 2977 Waltherus
350 2943 428 2978 alia
459 2944 614 2980 aliarum
637 2946 819 2980 nationum

640 934 675 969 4.
703 940 826 968 extare
850 933 984 979 ubique
1010 932 1048 967 P.
1100 934 1133 968 7.
1160 932 1269 967 nullis
1294 933 1432 968 editor:
1460 932 1605 968 codices

435 981 638 1018 nationibus
663 986 748 1029 (per
775 985 911 1028 comp.)
939 991 1116 1027 superscr.
1143 983 1192 1015 nit
1214 980 1254 1016 P.

892 1120 1069 1154 connubia
1093 1130 1174 1154 esse
1191 1130 1283 1165 quae
1312 1118 1384 1153 alia
1403 1120 1501 1154 natio
1528 1131 1607 1154 cum

892 1169 965 1203 alia
989 1169 1026 1202 in
1047 1169 1165 1203 vicem
1193 1170 1292 1202 ineat
1313 1168 1510 1202 contendit.
1537 1167 1609 1203 Sed

891 1216 961 1251 hoc
993 1227 1112 1262 neque
1155 1226 1281 1250 verum
1315 1220 1370 1250 est
1409 1216 1604 1262 (eiusmodi

892 1265 1071 1299 connubia
1085 1266 1298 1310 promiscua,
1325 1274 1397 1298 non
1411 1265 1487 1298 alia
1508 1264 1606 1298 alia-

890 1325 968 1347 rum
992 1314 1176 1347 nationum
1200 1311 1459 1359 appellantur),
1485 1323 1606 1358 neque

891 1372 934 1395 ea
959 1362 1140 1395 sententia
1169 1360 1253 1394 huic
1295 1360 1378 1394 loco
1418 1362 1601 1395 convenit.

890 1409 1038 1444 Mirifice
1064 1409 1262 1455 Longolius
1295 1409 1403 1443 nullis
1437 1409 1519 1443 aliis
1546 1409 1607 1442 in-

889 1462 1106 1503 terpretatur
1135 1456 1243 1491 nullis
1272 1468 1420 1503 prorsus
1457 1457 1606 1505 (dureli-

890 1518 954 1540 aus
992 1506 1103 1540 durch
1142 1505 1243 1539 keine
1276 1505 1447 1549 andere),
1501 1507 1603 1550 quasi

890 1554 1031 1588 Tacitus
1047 1554 1224 1589 affirmare
1244 1553 1403 1587 voluerit
1423 1564 1606 1599 nunquam

889 1602 1045 1648 puellam
1059 1602 1242 1636 Baeticam
1263 1601 1324 1635 vel
1337 1602 1510 1636 Gallicam
1533 1612 1604 1635 nu-

888 1652 1004 1695 psisse
1031 1651 1226 1692 Germano,
1265 1654 1326 1683 aut
1366 1650 1491 1696 lingua
1516 1660 1604 1694 per-

888 1701 1004 1733 mittat
1040 1703 1079 1732 ut
1111 1709 1175 1743 pro
1202 1699 1343 1731 omnino
1370 1698 1431 1733 vel
1459 1709 1605 1744 prorsus

889 1748 1150 1782 substituantur
1173 1746 1249 1781 alii.
1277 1745 1387 1780 Immo
1400 1745 1483 1781 aliis
1508 1757 1605 1781 nunc

889 1796 1030 1841 quidem
1069 1795 1176 1840 plane
1216 1795 1370 1828 otiosum
1409 1799 1464 1830 est
1509 1799 1545 1828 et
1583 1806 1604 1829 a

887 1844 1016 1878 Tacitiv
1037 1844 1121 1878 stilo
1157 1847 1193 1876 et
1225 1843 1403 1877 brevitate
1433 1843 1604 1878 alienum.

888 1892 1103 1926 Provocavit
1128 1890 1382 1925 Doederlinius
1418 1891 1462 1925 ad
1497 1889 1539 1926 Ο.
1571 1902 1602 1925 c.

888 1941 958 1977 30:
985 1946 1022 1974 ut
1048 1951 1183 1974 omnem
1209 1940 1360 1973 omnium
1384 1939 1514 1973 artium
1536 1950 1604 1973 ea-

888 1990 1048 2022 rt'etatem
1083 1987 1393 2033 complectentur,-
1431 1988 1496 2023 10:
1533 1984 1604 2021 ari-

889 2037 1119 2083 teponendam
1146 2036 1271 2070 ceteris
1297 2035 1448 2070 aliarum
1473 2036 1604 2070 artium

887 2085 1021 2119 studiis.
1070 2085 1109 2118 ln
1136 2083 1191 2117 his
1218 2083 1376 2118 additum
1406 2095 1540 2118 omnem
1565 2088 1602 2118 et

888 2134 1014 2167 ceteris
1033 2133 1195 2178 vigorem
1225 2133 1398 2166 orationis
1416 2137 1539 2178 auget,
1559 2142 1602 2166 eo

889 2182 983 2226 quod
1010 2186 1199 2225 utrumque
1235 2190 1366 2215 nomen
1401 2181 1602 2214 substanti-

888 2240 970 2262 vum
997 2230 1179 2263 adiectivo
1205 2239 1270 2261 suo
1286 2230 1495 2261 instructum
1516 2238 1602 2272 pro-

888 2277 951 2318 dit,
978 2277 1041 2310 sed
1067 2276 1283 2320 ponenullis
1298 2276 1422 2309 ceteris
1448 2275 1603 2308 aliarum

888 2325 1015 2357 artium
1041 2324 1163 2356 studiis
1180 2349 1188 2364 ,
1230 2333 1324 2366 pone
1363 2325 1469 2356 etiam
1495 2323 1602 2356 nullis

887 2371 969 2404 aliis
996 2371 1150 2404 aliarum
1177 2372 1306 2404 areium
1325 2371 1459 2412 studiis,
1483 2375 1519 2404 et
1534 2370 1601 2404 ha-

887 2419 989 2452 bebis
1023 2429 1186 2464 inaguam
1224 2419 1401 2452 orationis
1435 2420 1599 2452 inertiam

888 2472 924 2500 et
950 2467 1190 2501 insolentiam.
1245 2466 1415 2501 Nimirum
1444 2468 1479 2500 in
1509 2467 1601 2501 Ger-

887 2516 1027 2549 maniae
1048 2515 1168 2548 verbis
1186 2516 1362 2549 connubia
1377 2516 1445 2548 iam
1468 2515 1601 2548 habent

886 2574 989 2597 suum
1020 2563 1228 2597 attributum
1262 2563 1401 2608 (mellis)
1444 2563 1599 2607 ideoque

887 2611 969 2646 aliis
1012 2611 1199 2645 admodum
1244 2612 1386 2656 ingrate
1445 2610 1596 2643 accedit.

887 2659 974 2693 Nam
999 2659 1103 2694 huius
1122 2661 1371 2695 πολυητώτου
1396 2659 1478 2703 (alii
1502 2658 1597 2691 alio-

887 2719 984 2750 mm,
1014 2708 1122 2742 ἄλλοι
1145 2707 1284 2753 ἄλλων)
1312 2717 1354 2740 ea
1380 2711 1434 2739 est
1458 2710 1594 2747 natura,

889 2760 927 2788 ut
954 2766 1017 2799 pro
1043 2766 1083 2788 se
1107 2755 1223 2788 solum
1243 2765 1285 2788 ac
1308 2755 1487 2787 sincerum
1508 2763 1598 2788 con-

887 2805 1000 2837 sistat.
1067 2802 1136 2836 Sed
1184 2802 1461 2835 additamentum
1516 2801 1600 2836 aliis

889 2852 995 2884 etiam
1032 2851 1235 2883 testimonio
1270 2851 1468 2891 evertitur,
1503 2850 1599 2895 quod

888 2900 1044 2931 omnium
1080 2897 1242 2930 codicum
1278 2899 1514 2939 anctoritate,
1560 2903 1599 2932 ut

888 2945 975 2980 mihi
1011 2944 1174 2988 videtur,
1212 2945 1322 2993 longe
1360 2946 1598 2991 praestantius
