1768 3216
720 217 771 252 CA
776 227 806 252 r.
835 215 991 252 35—36.
1534 215 1608 249 238

113 335 232 392 leges
264 334 464 378 adsiduae
495 339 537 376 et
565 334 763 389 populare
794 345 968 385 nomen,
1001 332 1098 374 hinc
1129 330 1349 373 contiones
1382 330 1608 385 magistra-

114 415 227 453 tuum
254 422 389 465 paene
413 410 744 464 pernoctantium
776 409 818 450 in
847 407 1033 459 Rostris,
1074 406 1171 447 hinc
1205 403 1497 447 accusationes
1526 415 1609 458 po-

114 485 288 527 tentium
315 496 483 526 reorum
513 488 554 526 et
583 484 829 545 affiignatae
860 482 983 523 etiam
1013 479 1203 539 domibus
1222 477 1480 537 inimicitiae,
1512 476 1608 521 hinc

113 571 335 614 procerum
367 559 571 601 sactiones
603 562 643 599 et
672 542 847 600 adsidua
879 559 1048 598 senatus
1080 554 1282 595 adversus
1313 536 1474 606 plebem
1506 563 1626 598 cer-,

114 634 282 677 tamina.
342 635 459 685 Quae
489 634 652 689 singula
689 633 768 675 etsi
799 631 1082 674 distrahebant
1106 643 1194 672 rem
1225 629 1445 684 publicam,
1480 637 1640 671 exer-⁵

118 710 271 752 cebant
297 713 435 751 tamen
468 709 631 750 illorum
664 713 894 762 temporum
928 705 1203 760 eloquentiam
1243 709 1284 745 et
1328 704 1489 759 magnis
1535 717 1611 746 cu-

116 783 278 827 mulare
305 783 502 838 praemiis
535 783 795 834 videbantur,
830 781 924 835 quia
956 784 1107 834 quanto
1130 779 1303 833 quisque
1324 778 1414 833 plus
1430 778 1608 821 dicendo

116 862 293 913 poterat,
326 861 440 900 tanto
473 857 637 898 facilius
669 857 852 898 honores
879 855 1214 908 adsequebatur,
1258 857 1370 894 tanto
1404 852 1537 907 magis
1564 852 1606 894 in

117 932 220 988 ipsis
243 931 474 975 honoribus
508 930 695 985 collegas
728 942 827 971 suos
859 929 1053 980 anteibat,
1090 932 1204 969 tanto
1234 926 1325 980 plus
1354 926 1460 980 apud
1492 927 1611 980 prin-

117 1007 233 1062 cipes
262 1007 451 1063 grat-iae,
490 1005 581 1060 plus
614 1004 871 1046 auctoritatis
901 1003 1010 1057 *apud
1042 1005 1204 1055 patres,
1235 1001 1326 1054 plus
1357 1001 1530 1042 notitiae
1558 1013 1608 1042 ac
1629 1009 1691 1053 w⁸

117 1082 299 1125 nominis
328 1081 435 1135 apud
466 1080 628 1134 plebem
659 1079 843 1133 parabat.
906 1077 957 1118 Hi
989 1075 1192 1118 clientelis
1225 1075 1346 1116 etiam
1379 1078 1614 1117 exterarum

118 1157 333 1199 nationum
375 1154 688 1204 redundabant;
737 1153 814 1194 hos
853 1152 949 1193 ituri
988 1152 1030 1192 in
1076 1149 1315 1204 provincias
1350 1149 1615 1203 magistratus

118 1231 434 1284 reverebantur,
466 1230 544 1271 hos
565 1228 727 1270 reversi
759 1226 951 1268 colebant
961 1239 973 1276 3
1015 1225 1091 1267 hos
1120 1228 1160 1266 et
1186 1227 1404 1277 praeturae
1435 1227 1475 1264 et
1509 1234 1617 1265 con-

230 1378 260 1409 Ι.
281 1385 380 1409 conc.
413 1374 449 1408 Ρ.
558 1375 592 1408 2.
617 1383 707 1418 pene
733 1370 769 1405 P.
870 1370 903 1404 5.
936 1380 968 1402 r.
997 1379 1031 1414 p.
1060 1366 1096 1400 1‘.
1207 1367 1262 1403 10.
1289 1365 1490 1399 autoritatis
1517 1365 1551 1407 P,
1579 1369 1617 1399 ut

120 1423 227 1460 solet.
365 1424 420 1457 11.
446 1421 576 1468 pbabm
601 1426 637 1468 (p
665 1419 864 1459 caudatum,
892 1417 928 1450 id
954 1421 1006 1450 est
1029 1414 1212 1462 probabat,
1240 1418 1278 1447 ut
1299 1413 1359 1460 F),
1386 1413 1449 1448 sed
1476 1412 1572 1460 prius
1597 1413 1616 1448 b

123 1477 257 1519 puncto
286 1472 527 1513 subnotatum,
548 1470 589 1503 P:
613 1469 766 1515 parabat
793 1466 963 1500 Pithoeus
989 1476 1030 1499 ac
1058 1464 1209 1509 Lipsius.

122 1602 217 1649 quod
253 1611 297 1635 ex
336 1599 406 1634 tine
445 1599 578 1645 dialogi
610 1597 745 1644 liquide
772 1607 838 1641 ap-

122 1648 434 1696 paretSecundum
461 1658 531 1681 non
560 1658 639 1681 esse
666 1647 836 1681 locutum.

121 1699 208 1734 Nam
236 1698 416 1732 Maternus
442 1701 523 1741 post
542 1696 674 1729 finitam
702 1695 839 1728 oratio-

123 1759 203 1783 nem
232 1756 424 1792 assurgens
447 1746 651 1789 Aprumque
678 1742 839 1786 comple-

122 1807 188 1831 xus
215 1795 293 1829 fore
309 1794 409 1836 dicit,
437 1798 475 1826 ut
500 1795 578 1838 ipse
591 1794 722 1836 Aprum
748 1802 840 1836 poe-

123 1847 197 1887 tis,
251 1842 402 1878 Messala
440 1842 592 1875 eundem
630 1841 840 1886 antiquariis

124 1894 417 1928 criminarentur:
461 1891 525 1924 sed
556 1890 652 1934 Aper
686 1889 727 1922 ad
764 1888 840 1922 Ma-

122 1948 262 1977 ternum
308 1950 349 1973 ac
404 1938 590 1972 Messalam
646 1946 840 1971 conversus

119 1991 215 2037 ‘ego'
228 1989 342 2035 inquit
353 1987 435 2021 ‘vos
459 1986 661 2020 rhetoribus
683 1990 717 2019 et
732 1985 842 2019 scho-

125 2038 263 2081 lasticis
281 2035 560 2082 (criminabor)'.
588 2035 697 2068 Vides
720 2043 843 2067 omnes

123 2088 185 2133 qui
215 2086 326 2120 locuti
344 2089 446 2118 erant
474 2082 755 2123 commemorari,
775 2082 843 2115 Se-

125 2135 276 2171 cundum
318 2138 532 2177 ceterosque
567 2132 628 2176 qui
659 2130 843 2164 audierant

124 2183 271 2218 silentio
294 2182 496 2215 transmitti.
524 2179 631 2213 Aliud
658 2179 769 2212 falsae
797 2178 842 2211 il-

125 2233 196 2267 lius
232 2230 415 2274 opinionis
453 2227 707 2261 adminiculum
741 2226 783 2259 ad
811 2238 841 2259 c.

125 2281 174 2316 40
198 2279 371 2313 subruere
398 2276 532 2320 placet.

174 2350 271 2384 Haec
297 2359 317 2382 a
344 2358 400 2380 me
427 2345 562 2390 pridem
585 2344 747 2387 exposita
775 2353 842 2376 ve-

127 2410 165 2433 ra
206 2408 286 2432 esse
329 2397 398 2429 iam
442 2392 687 2437 comprobavit
729 2391 842 2424 codex

126 2446 384 2482 Perizonianus
418 2442 573 2476 omnium
614 2441 768 2484 optimus
809 2444 843 2471 et

127 2494 405 2540 antiquissimus.
445 2489 627 2524 intercidit
652 2493 770 2522 autem
799 2486 839 2519 fi-

127 2546 182 2578 nis
221 2541 393 2576 orationis
431 2551 451 2573 a
490 2537 638 2572 Messala
680 2536 841 2576 habitae,

129 2599 201 2626 tum
228 2588 451 2635 praeparatio
475 2591 509 2620 et
538 2585 748 2630 principium
764 2593 842 2616 ser-

128 2641 243 2674 monis
268 2649 288 2671 a
316 2637 475 2671 Materno
515 2635 550 2666 in
577 2632 728 2666 medium
758 2641 843 2674 pro-

130 2689 203 2722 lati.
257 2685 381 2720 Omnia
416 2692 500 2715 vero
535 2691 625 2725 quae
666 2680 842 2713 Maternus

129 2735 345 2781 explicavit,
373 2733 467 2765 serio
495 2734 529 2762 ct
554 2739 598 2761 ex
624 2729 730 2761 animi
757 2738 842 2761 seu-

131 2785 242 2819 tentia
269 2782 362 2816 dicta
388 2784 492 2819 sunt,
537 2786 605 2809 non
637 2775 779 2810 ludibrii
807 2780 839 2808 et

131 2831 305 2866 irrisionis
332 2839 437 2863 causa
466 2826 656 2871 proposita.

203 2902 287 2947 cap.
316 2901 374 2936 36.
408 2899 557 2933 materia
583 2916 628 2922 -
656 2894 840 2928 clarescit:

133 2952 359 2998 eloquentem
386 2949 598 2994 promovent
624 2948 659 2978 et
686 2943 840 2978 excitant

906 1599 1020 1628 motus
1047 1594 1202 1627 civitatis
1238 1596 1273 1626 et
1301 1591 1496 1624 animorum
1535 1590 1618 1623 irri-

907 1644 1086 1676 tationes:
1127 1641 1191 1675 sed
1225 1641 1343 1685 imago
1378 1637 1533 1672 incendii
1575 1638 1618 1671 ad

907 1693 1087 1726 civitatem
1116 1689 1319 1723 vehementi
1348 1692 1443 1720 motu
1470 1697 1618 1732 quassa-

906 1746 976 1774 tam
1005 1737 1302 1773 accommodatur.

963 1823 1005 1844 ea
1031 1809 1207 1844 consecuti
1232 1813 1334 1842 sunt:
1361 1818 1401 1841 ea
1423 1805 1509 1839 dicit
1529 1816 1620 1851 quae

890 1859 1137 1904 eloquentiae
1173 1867 1242 1902 ope
1283 1858 1318 1889 in
1356 1856 1503 1889 civitate
1538 1853 1621 1888 effi-

909 1910 1017 1950 ciunt,
1045 1912 1082 1940 ut
1109 1906 1274 1939 innoxios
1300 1903 1515 1945 defendant,
1553 1912 1621 1936 no-

910 1961 1031 1991 centes
1056 1956 1091 1988 in
1120 1954 1288 1988 iudicium
1313 1952 1499 1986 adducant.
1522 1951 1622 1985 Doe-

909 2005 1081 2039 derlinius
1118 2003 1163 2037 de
1195 2003 1363 2046 praemiis
1396 2000 1623 2044 eloquentiae

910 2054 1095 2098 cogitavit,
1121 2061 1191 2084 non
1207 2055 1319 2092 recte,
1346 2052 1383 2082 ut
1397 2049 1623 2093 subsequen-

911 2103 957 2136 tia
989 2100 1192 2135 ostendunt.

977 2172 1083 2218 plura
1111 2171 1177 2204 sibi
1212 2169 1356 2213 adsequi
1392 2167 1621 2201 ridebantur:

911 2231 988 2253 cum
1029 2223 1178 2264 agerent
1221 2218 1426 2260 ferrentque
1470 2218 1595 2247 cuncta
1612 2239 1621 2254 ,

910 2279 1037 2312 magna
1058 2266 1215 2310 potentia
1233 2263 1448 2310 gaudebant,
1463 2261 1524 2295 sed
1544 2271 1621 2294 cum

911 2316 976 2358 ipsi
999 2315 1128 2348 erranti
1160 2312 1291 2357 populo
1318 2310 1463 2344 obnoxii
1489 2313 1620 2350 essent,

909 2363 1031 2406 specie
1059 2362 1171 2406 magis
1199 2360 1380 2404 potentiae
1415 2368 1518 2403 quam
1547 2357 1621 2401 ipsa

912 2410 1138 2451 fruebantur3
1181 2409 1262 2441 hinc
1296 2407 1426 2440 dictum
1453 2405 1621 2439 videban-

910 2466 977 2500 tur,
1006 2463 1043 2491 ut
1068 2457 1174 2502 paulo
1195 2462 1274 2500 post
1293 2456 1428 2500 maynis
1444 2453 1622 2487 cumulare

907 2507 1074 2552 praemiis
1084 2505 1302 2539 videbantur.
1393 2508 1556 2546 quantum
1578 2522 1620 2527 -

907 2554 1116 2600 persuaderi
1141 2559 1303 2599 poterat.-
1344 2550 1620 2595 subintelligen-

910 2604 1004 2645 dum,
1033 2608 1127 2636 recte
1153 2613 1189 2635 se
1215 2601 1355 2641 habere,
1384 2609 1451 2632 non
1470 2609 1544 2630 eum
1557 2607 1620 2630 sa-

911 2663 1005 2696 pere,
1032 2656 1069 2684 ut
1096 2650 1182 2683 dicit
1209 2647 1471 2683 Doederlinius.
1536 2645 1619 2679 Nam

912 2700 1070 2744 loquitur
1098 2699 1140 2731 (lc
1168 2699 1210 2731 iis
1237 2707 1326 2741 quac
1354 2707 1372 2728 a
1400 2692 1620 2738 populo'ac-

913 2749 1091 2792 cipiuutur
1117 2751 1173 2778 aut
1203 2743 1442 2788 repudiantur.

981 2806 1092 2840 paene
1117 2792 1395 2840 pernoctantium
1410 2792 1448 2823 in
1462 2791 1617 2823 Rostris.-

911 2844 995 2877 dicit
1023 2853 1084 2876 eos
1112 2845 1169 2888 qni
1197 2851 1303 2884 saepe
1327 2838 1370 2873 ad
1396 2848 1512 2872 serum
1534 2837 1618 2878 diei,

911 2902 1017 2935 saepe
1044 2892 1156 2934 primo
1177 2899 1278 2923 mane
1306 2887 1348 2921 ad
1366 2885 1533 2932 populum
1562 2884 1619 2919 lo-

912 2940 982 2974 cuti
1009 2943 1100 2973 sunt.
