1768 3216
739 247 1005 285 PRAEFATIO.
1544 247 1626 286 XIX

124 365 265 420 ipsius·
288 362 723 420 'exemplaris'auxilio
753 365 806 407 ad
846 378 992 408 verum
1034 366 1236 408 adductus
1280 369 1406 410 esset.
1484 366 1623 419 Atque

125 441 207 483 boc
236 455 285 484 re
313 454 416 484 vera
444 441 653 484 accidisse
683 441 866 483 ostendit
898 453 1130 484 consensus
1152 441 1312 484 codicis
1337 442 1390 483 A.
1421 440 1624 484 Nimirum

129 519 211 558 tam
241 516 383 559 scriba
416 516 512 558 libri
543 519 587 560 Δ
614 529 735 571 quam
782 516 851 571 qui
890 516 1103 558 Puteolani
1146 517 1370 572 typothetis
1413 516 1624 570 exemplar

124 591 310 634 confecit
338 590 382 632 in
410 596 573 634 vetusto
608 592 759 634 codice
789 596 1052 633 verterentur
1083 596 1123 634 et
1142 592 1320 633 connexi
1345 596 1623 648 agnoverunt,

120 665 372 720 Pomponius
399 667 549 709 Laetus
578 671 793 708 uterentur
821 670 861 709 et
895 666 1073 708 connexi
1103 678 1319 720 perperam
1349 667 1448 708 inde
1479 666 1623 709 excri-

121 741 215 794 psit.
273 741 519 784 Puteolanus
548 746 766 797 postquam
795 741 1043 797 Agricolam
1076 753 1168 783 cum
1199 741 1467 796 panegyricis
1489 742 1530 783 in
1554 741 1624 783 lu·-

123 827 214 857 cem
242 816 409 869 emisit,
454 816 632 859 eundem
663 817 706 858 in
738 817 922 858 omnium
951 816 1083 860 Taciti
1121 828 1294 870 operum
1327 817 1513 859 editione
1542 817 1622 868 (cf.

120 889 311 931 Prooem.
342 902 381 944 p.
414 891 539 943 LVII)
582 892 689 946 typis
729 900 973 946 ’expressum
1015 890 1222 945 repetivit.
1301 891 1483 933 Priorem
1530 892 1618 933 eius

121 975 262 1006 curam
293 964 513 1019 aliquoties
545 969 626 1019 nl,
657 967 936 1020 posteriorem
966 967 1033 1007 π2
1067 965 1207 1008 Wexii
1238 965 1426 1020 exemplo
1455 966 1612 1007 notavi.

254 1039 368 1082 Haec
398 1053 489 1082 mea
519 1040 571 1082 de
604 1041 854 1095 scriptorum
885 1040 1115 1096 Agricolae
1159 1040 1361 1082 librorum
1397 1040 1562 1095 origine
1583 1044 1623 1081 ct

118 1114 283 1156 ratione
328 1114 534 1156 sententia
575 1118 662 1157 est:
718 1114 839 1157 aliam
882 1114 935 1156 de
979 1114 1208 1157 eorundem
1240 1114 1494 1169 cognatione
1523 1114 1619 1168 opi-

119 1189 287 1230 nionem
316 1189 532 1244 proposuit
563 1189 736 1231 Wexius
769 1194 810 1232 et
838 1190 917 1231 hac
947 1189 1080 1245 figura
1109 1189 1469 1244 repraesentavit:

123 1842 168 1883 ln
197 1842 276 1884 hac
303 1841 434 1897 figura
458 1843 497 1883 A
527 1845 590 1884 est
621 1842 758 1884 codex
788 1842 1051 1897 archetypuS,
1084 1843 1114 1884 B
1146 1848 1186 1885 et
1216 1845 1249 1886 Y
1279 1850 1374 1887 sunt
1403 1845 1616 1900 exempla-

117 1916 181 1958 ria
208 1916 306 1958 inde
335 1916 543 1971 descripta
575 1920 758 1958 et-nunc
787 1916 1004 1971 deperdita
1032 1919 1087 1969 (Y
1118 1919 1255 1960 codex
1286 1919 1447 1974 Ursini)
1479 1921 1566 1963 Det
1584 1921 1615 1963 C

115 1990 211 2032 item
242 1989 338 2031 libri
368 1990 574 2044 deperditi
604 1994 645 2032 ct
675 2004 728 2032 ex
757 1990 787 2031 B
822 1991 947 2033 ducti.
1022 1992 1062 2034 M
1091 1996 1155 2035 est
1185 2006 1331 2049 margo
1367 1995 1530 2037 codicis
1563 1995 1615 2048 Γ,

114 2081 141 2106 π
175 2065 311 2107 editus
341 2078 364 2107 a
393 2065 618 2108 Puteolano
645 2066 859 2122 Agricola.

626 2222 706 2268 IV.
770 2223 839 2267 De
872 2224 1109 2269 indicibus.

253 2340 438 2382 Indicem
469 2341 715 2382 historicum
747 2355 769 2383 a
798 2342 978 2384 Pichena
1012 2343 1265 2395 inchoatum,
1300 2342 1351 2382 ab
1384 2342 1613 2395 insequen-

112 2415 222 2456 tibus
254 2415 483 2457 editoribus
515 2420 677 2457 auctum
709 2417 825 2458 varie
846 2428 930 2458 non
950 2420 1104 2458 tantum
1130 2416 1341 2470 complere
1361 2417 1467 2458 etad
1488 2429 1606 2458 usum

109 2490 290 2532 reddere
321 2490 568 2532 habiliorem
600 2491 760 2543 studui,
794 2491 867 2532 sed
901 2491 1078 2533 cundem
1112 2505 1135 2533 a
1165 2491 1301 2544 vitiis,
1335 2491 1483 2545 quibus
1511 2491 1607 2533 edi-

109 2569 244 2606 torum
264 2565 424 2607 incuria
446 2565 681 2619 inquinatus
703 2570 792 2607 erat
815 2565 1017 2620 plurimis,
1049 2567 1313 2621 perpurgavi,
1346 2566 1470 2608 multa
1500 2565 1608 2607 alie-

108 2652 159 2680 na
192 2652 297 2693 quac
328 2640 495 2681 sinistra
527 2641 712 2693 Rupertii
740 2640 955 2695 diligentia
981 2641 1189 2693 intulerat,
1222 2641 1395 2683 removi.
1438 2640 1606 2681 Verbo-

111 2725 203 2755 rum
244 2714 425 2755 indicem
468 2728 491 2756 a
532 2714 660 2755 Beato
702 2714 903 2757 Rhenano
946 2721 1164 2769 coeptum,
1214 2729 1237 2756 a
1282 2713 1601 2756 successoribus

112 2789 346 2843 ampliatum
382 2789 500 2830 iustis
532 2789 759 2844 legentium
791 2790 1014 2832 desideriis
1035 2791 1203 2831 minime
1220 2789 1486 2830 suffecturum
1510 2801 1605 2830 esse

107 2864 402 2918 praevidebam
434 2863 613 2918 ideoque
642 2877 727 2906 non
756 2865 1053 2906 admittendum
1086 2863 1383 2905 existimabam.
1446 2863 1605 2917 Quippe

110 2938 151 2980 in
183 2942 264 2980 tam
294 2939 415 2995 gravi
442 2939 647 2994 scriptore
681 2951 783 2994 opus
819 2943 882 2982 est
914 2939 1052 2981 lexico
1078 2937 1305 2993 peculiari,
1339 2938 1463 2994 idque
1495 2949 1604 2980 con-
