1768 3216
103 218 117 230 “
179 237 202 264 a
227 226 268 263 c.
292 227 353 264 ω.
697 224 833 261 Lmen
855 224 918 261 111.
971 223 1060 260 οη.
1087 224 1244 261 34-36.

1614 227 1688 261 229

177 347 225 388 in
255 343 430 388 Galliam
461 343 607 386 Iulium
639 343 839 386 Calenum
869 344 1092 397 tribunum,
1122 344 1165 385 in
1194 343 1461 386 Germaniam
1476 342 1690 399 Alpinium

179 421 421 463 Montanum
462 419 723 474 praefectum
764 418 976 471 cohortis,
1023 418 1134 473 quod
1178 418 1246 459 hic
1289 417 1460 471 Trevir,
1511 417 1691 460 Calenus

180 495 378 547 Aeduus,
407 499 584 548 uterque
614 493 826 535 Vitelliani
869 493 1055 546 fuerant,
1104 493 1286 534 ostentui
1331 494 1500 535 misere.
1562 493 1692 535 Simul

180 572 382 614 transitus
409 570 577 624 Alpium
602 569 827 624 praesidiis
850 569 1060 623 occupati,
1094 573 1289 622 suspecta
1309 568 1549 622 Germania,
1581 573 1692 611 tam-

181 659 304 702 quam
332 647 376 687 in
406 645 604 688 auxilium
634 645 788 686 Vitellii
819 645 1130 699 accingeretur.
1703 659 1723 687 5

111 723 170 762 36
317 721 373 762 At
410 720 599 762 Vitellius
633 720 827 774 profecto
875 720 1082 772 Caecina,
1125 731 1220 760 cum
1262 719 1432 760 Fabium
1473 716 1690 760 Valentem

115 823 120 825 -
180 796 326 850 paucis
355 800 451 850 post
478 796 626 838 diebus
656 795 708 837 ad
738 795 892 836 bellum
923 795 1176 848 impulisset,
1223 795 1335 835 curis
1365 794 1507 835 luxum
1537 794 1692 836 obten-

180 870 321 912 debat.
381 870 475 912 Non
506 881 659 924 parare
689 882 819 922 arma,
850 881 935 910 non
967 869 1163 922 adloquio
1196 869 1485 922 exercitioque
1521 869 1692 911 militem

181 945 373 997 firmare,
413 957 499 986 non
530 944 573 985 in
608 955 684 985 ore
713 944 829 999 vulgi
856 956 1014 999 agere3
1056 944 1132 985 sed
1172 943 1428 984 umbraculis
1475 943 1692 985 hortorum

186 1020 367 1073 abditus,
396 1025 441 1061 ut
468 1020 622 1075 ignava
654 1018 863 1072 animalia,
898 1019 1047 1073 quibus
1071 1019 1106 1060 si
1133 1018 1270 1059 cibum
1294 1030 1518 1073 suggeras,
1551 1018 1692 1059 iacent
1708 1030 1746 1058 ιο

181 1100 444 1150 torpentque,
473 1094 700 1149 praeterita
730 1094 926 1139 instantia
956 1093 1094 1135 sutura
1118 1094 1211 1147 pari
1228 1093 1442 1134 oblivione
1461 1093 1691 1134 dimiserat.

182 1172 320 1226 Atque
366 1171 480 1212 illum
523 1170 567 1210 in
597 1181 772 1211 nemore
802 1169 978 1211 Aricino
1010 1168 1200 1210 desidem
1232 1172 1272 1209 et
1302 1172 1560 1210 marcentem
1589 1180 1694 1222 pro-

183 1246 286 1288 ditio
311 1246 460 1287 Lucilii
490 1245 609 1286 Bassi
640 1257 691 1286 ac
716 1244 903 1286 defectio
936 1244 1084 1285 elassis
1101 1243 1354 1285 Ravennatis
1379 1243 1570 1309 int.
1603 1243 1693 1284 Nec
1725 1229 1768 1277 ‘la

183 1303 310 1362 multo
337 1324 434 1374 post
463 1319 516 1361 de
547 1319 731 1361 Caecina
763 1318 950 1361 adfertur
979 1319 1132 1359 mixtus
1161 1317 1318 1372 gaudio
1350 1316 1494 1369 dolor,
1542 1321 1583 1357 et
1614 1316 1694 1357 de-

181 1395 363 1437 scivisse
392 1398 433 1435 et
462 1395 512 1435 ab
544 1393 736 1435 exercitu
753 1393 950 1434 vinctum.
992 1392 1085 1453 l'lus
1117 1392 1224 1446 apud
1256 1391 1482 1433 socordem
1512 1392 1694 1433 animum
1709 1404 1747 1433 ιε

181 1469 339 1512 laetitia
367 1481 489 1523 quam
522 1481 622 1510 cura
653 1468 793 1510 valuit.
854 1468 980 1509 Multa
1030 1479 1123 1508 cum
1166 1467 1423 1509 exultatione
1464 1467 1506 1507 in
1548 1466 1694 1507 urbem

181 1548 393 1597 revectus,
427 1544 635 1598 frequenti
667 1543 879 1596 contione,
909 1543 1107 1596 pietatem
1134 1542 1306 1583 militum
1328 1541 1520 1584 laudibus
1546 1553 1696 1582 cumu-

308 1700 339 1732 ί.
367 1699 540 1745 alpinium
567 1697 675 1733 Gilia:
702 1695 922 1730 Puteolanus
945 1695 1125 1742 Alpinum.

1214 1696 1249 1730 4.
1271 1706 1367 1741 pres.
1396 1693 1463 1728 Ma.
1558 1694 1591 1729 7.
1619 1694 1692 1740 inp.

183 1746 251 1782 Ma.
348 1747 383 1783 9.
409 1749 570 1792 firmaret
597 1745 672 1781 Ma:
698 1743 726 1779 G
748 1745 907 1788 firmare.
994 1744 1089 1790 volyi
1115 1743 1174 1778 Or.
1262 1744 1316 1779 10.
1343 1748 1536 1789 suqyerant
1560 1753 1603 1787 pr
1627 1741 1694 1786 Ma,

182 1802 339 1879 ath-503·-
369 1797 406 1830 in
431 1809 460 1831 s.
586 1796 641 1830 13.
673 1793 819 1840 pertulit
844 1794 955 1838 priori
982 1799 994 1827 t
1020 1803 1197 1837 superser.
1225 1804 1244 1827 c
1271 1790 1337 1835 Ma,
1361 1791 1516 1838 perculit
1545 1791 1584 1835 G,
1607 1802 1696 1838 per-

185 1966 350 2002 aedilicia
393 1967 513 2000 omnia
560 1967 647 2012 igne
681 1970 902 2010 consumpta.

185 2016 358 2051 Adsidere
383 2015 498 2049 ruinis
519 2014 610 2048 nihil
638 2019 692 2051 est
715 2015 784 2048 nisi
812 2013 906 2059 apud

185 2066 307 2099 ruinas
334 2065 464 2098 morari
489 2075 532 2098 ac
558 2063 650 2097 nihil
676 2074 798 2109 agere.
829 2062 904 2096 Ex-

186 2114 354 2160 quisitius
396 2112 533 2158 aliquid
575 2113 696 2147 inesse
742 2111 905 2146 Pabstius

187 2163 354 2207 opinatus
393 2166 467 2196 est:
508 2162 640 2207 quippe
675 2161 765 2195 haec
804 2160 905 2194 refe-

186 2211 298 2245 renda
326 2220 406 2244 esse
432 2210 476 2245 ad
504 2220 639 2243 morem
668 2209 818 2244 sedendi
847 2209 905 2243 lu-

189 2259 371 2306 gendique
397 2258 440 2292 ad
457 2258 624 2302 sepulcra
649 2263 905 2304 cognatorum3

189 2318 260 2341 non
286 2308 475 2340 assentior.
501 2306 611 2339 Immo
639 2317 702 2340 cur
714 2306 906 2340 Flavianus

190 2356 383 2397 exercitus,
402 2355 445 2388 ad
457 2355 652 2400 lugendum
664 2355 809 2388 minime
820 2364 907 2398 pro-

190 2415 269 2446 nus,
296 2404 367 2438 cito
387 2402 667 2437 Cremonensem
694 2414 816 2449 agrum
846 2413 907 2436 re.-

190 2453 358 2498 liquerit,
386 2454 464 2486 eius
490 2452 542 2486 rei
568 2462 675 2486 causa
702 2451 756 2485 his
785 2451 905 2485 verbis

190 2500 402 2546 explicatur.

259 2551 370 2583 noa-ia
404 2549 483 2583 tabo
509 2549 662 2583 liumus.-
702 2549 748 2584 cf.
784 2553 904 2582 annot.

189 2599 233 2633 ad
262 2598 295 2632 ll
322 2598 381 2633 69.
446 2598 488 2632 H.
514 2597 546 2631 II
576 2599 623 2633 70
656 2599 791 2643 insecta
827 2598 906 2631 labo

189 2647 324 2680 liumus.
467 2646 649 2692 Alpinium
675 2647 904 2680 Montanum:

191 2694 234 2728 ad
262 2694 355 2727 hunc
382 2694 474 2727 redit
499 2695 655 2727 narratio
685 2694 728 2728 H.
755 2694 804 2728 1v
820 2695 880 2729 31.

265 2741 350 2785 Cap.
379 2742 436 2776 36.
465 2747 502 2775 at
534 2742 690 2776 Vitellius
721 2763 765 2769 —
791 2743 906 2788 impu-

193 2790 306 2825 lisset.-
339 2789 524 2823 Vitellium
552 2789 747 2835 urbemque
766 2790 907 2825 'l‘acitus

194 2839 234 2872 ll.
262 2838 292 2872 ll
315 2839 383 2874 ¹00
409 2839 541 2880 omisit,
572 2838 613 2872 ad
642 2849 684 2871 ea
711 2849 906 2873 conversus

194 2898 285 2933 quae
313 2892 392 2931 post
419 2885 609 2920 Caecinam
637 2887 747 2920 Roma
781 2888 905 2932 profe-

194 2941 288 2969 ctum
314 2937 350 2969 in
376 2936 574 2980 provinciis
610 2940 645 2968 et
679 2936 772 2979 apud
799 2946 906 2970 exer..

195 2986 286 3019 citus
308 3010 317 3027 ,
364 2995 446 3017 mox
481 2983 713 3018 Cremonensi
746 2986 781 3017 in
819 2994 905 3030 agro

978 1963 1187 1998 acciderunt
1211 1948 1288 2009 ku.
1330 1962 1363 1998 11
1400 1962 1587 1999 101—111
1614 1963 1695 2009 35).

976 2013 1047 2047 Iam
1062 2013 1154 2047 redit
1179 2012 1275 2046 unde
1301 2011 1484 2058 digressus
1512 2016 1599 2046 erat.
1623 2012 1697 2046 Im..

972 2062 1120 2109 pulisset
1173 2061 1306 2095 dictum
1355 2066 1409 2095 est
1460 2061 1503 2095 de
1553 2061 1697 2094 monitis

982 2111 1130 2153 Vitellii,
1159 2110 1288 2155 quibus
1314 2114 1491 2155 tamquam
1515 2115 1696 2144 momento

978 2159 1110 2194 Valens
1139 2159 1183 2192 ad
1207 2158 1342 2192 bellum
1371 2158 1580 2203 impellitur.

1049 2208 1143 2241 curis
1191 2207 1310 2240 lna-um
1347 2207 1554 2241 obtendebat
1600 2208 1697 2250 (liess

979 2257 1037 2290 die
1064 2255 1250 2300 Geschtifle
1275 2261 1380 2289 unior
1405 2255 1696 2300 Ausschweisuny

978 2305 1135 2351 ruben):
1174 2314 1277 2337 curas
1311 2303 1462 2337 bellicas
1499 2304 1696 2350 cogitavit,

978 2358 1016 2385 ut
1043 2352 1157 2398 liquet
1192 2363 1236 2385 ex
1265 2353 1462 2396 proximis3
1500 2352 1556 2385 his
1596 2353 1698 2397 quasi

978 2401 1098 2435 velum
1138 2400 1341 2444 praetendit
1380 2401 1586 2446 imperator.
1644 2400 1698 2434 De

983 2449 1095 2484 verbo
1121 2449 1308 2483 obtendere
1345 2448 1392 2483 cf.
1426 2449 1469 2483 ad
1500 2450 1543 2483 H.
1581 2448 1612 2482 ll
1641 2450 1696 2483 14.

1051 2499 1090 2531 in
1122 2509 1264 2531 nemore
1290 2497 1461 2531 Aricino:
1500 2497 1534 2531 id
1570 2507 1696 2531 nemus

978 2547 1115 2581 Dianae
1141 2557 1280 2580 sacrum
1315 2551 1351 2580 et
1387 2548 1606 2580 amoenitate
1634 2557 1698 2580 ce-

977 2594 1151 2629 lebratum
1181 2595 1224 2629 ad
1249 2594 1330 2628 XVI
1351 2595 1395 2629 ab
1416 2595 1502 2629 urbe
1521 2594 1696 2638 lapidem3

944 2648 946 2650 ’
977 2654 1012 2678 V.
1039 2645 1117 2678 Liv.
1147 2643 1161 2677 l
1192 2644 1234 2679 19
1261 2649 1296 2677 et
1310 2645 1366 2677 21.
1404 2644 1554 2686 Dionys.
1583 2641 1693 2685 1160,

979 2694 1076 2739 Virg.
1107 2692 1170 2726 Vll
1197 2692 1280 2734 762,
1318 2691 1393 2724 IuV.
1421 2691 1467 2724 111
1502 2693 1543 2725 12
1571 2701 1647 2734 sqq.

1051 2742 1202 2775 desidem
1237 2746 1268 2773 et
1303 2745 1516 2772 marcentem
1543 2738 1695 2783 proditio

979 2810 1023 2815 —
1045 2789 1217 2835 perculit:
1254 2787 1402 2820 verbum
1437 2786 1588 2832 perculit
1615 2791 1698 2831 apte

978 2838 1212 2881 compositum
1263 2841 1316 2868 est
1371 2846 1450 2868 cum
1493 2834 1698 2868 nominibus

978 2886 1129 2919 desidem
1156 2890 1187 2917 et
1213 2889 1439 2917 marcentem.
1496 2883 1600 2917 Gravi
1627 2883 1697 2916 im-

978 2934 1080 2978 pulsu
1111 2938 1145 2966 et
1172 2933 1283 2966 atroci
1312 2932 1428 2974 sacto,
1464 2932 1579 2977 qualis
1609 2941 1697 2976 pro-

978 2982 1078 3024 ditio,
1105 2991 1195 3025 opus
1221 2986 1297 3015 crat
1324 2985 1361 3013 ut
1388 2979 1563 3014 eiusmodi
1588 2981 1696 3027 inge-
