1768 3216
23 879 80 919 10

85 246 107 271 a
130 234 172 273 G.
202 236 262 272 69.
590 233 725 268 LIBER
754 232 797 267 ΙΙ.
851 232 938 267 Cn.
965 231 1100 268 8—10.
1524 232 1594 266 109

88 354 182 397 dam
213 353 386 396 militum
418 353 637 405 invocans,
669 355 713 392 ut
744 363 836 393 eum
870 352 909 392 in
930 351 1048 406 Syria
1080 354 1148 392 aut
1165 350 1358 406 Aegypto
1383 350 1594 402 sisterent,

88 429 246 472 orabat.
305 428 544 471 Trierarchi
574 431 788 479 nutantes,
822 439 897 468 seu
929 426 1049 479 dolo,
1083 425 1372 480 adloquendos
1403 425 1485 468 sibi
1515 425 1599 467 mi-

87 504 182 547 lites
215 509 257 546 et
285 504 440 559 paratis
473 503 654 544 omnium
687 501 834 543 animis
875 514 1124 543 reversuros
1170 500 1452 559 firmaverunt.
1515 500 1598 544 Sed

89 579 314 634 Asprenati
346 582 496 620 cuncta
528 590 582 619 ex
611 576 692 618 fide
723 575 909 618 nuntiata
919 589 930 627 3
977 576 1094 619 cuius
1139 560 1432 618 colfo‘rtationc
1465 588 1599 630 expu-

89 657 215 709 gnata
247 653 368 694 navis
399 656 441 693 et
470 652 717 694 interfectus
750 651 936 706 quisquis
969 651 1037 694 ille
1070 655 1173 694 erat.
1222 651 1397 705 Corpus,
1431 650 1631 705 insignes

93 728 228 770 oculis
261 739 465 781 comaque
497 731 538 768 et
568 727 765 769 torvitate
795 726 946 779 vultus,
979 726 1021 767 in
1052 726 1195 767 Asiam
1228 730 1350 780 atque
1385 725 1483 767 inde
1511 725 1600 767 Ro-

92 817 202 846 mam
230 806 474 857 pervectum
506 806 582 844 est.

231 877 276 918 In
309 877 477 918 civitate
509 875 697 918 discordi
728 880 769 917 et
800 875 853 917 ob
886 875 1057 916 crebras
1079 874 1310 928 principum
1350 874 1601 915 mutationes

90 953 201 994 inter
229 952 464 994 libertatem
495 964 546 994 ac
576 951 787 993 licentiam
820 950 980 992 incerta
1010 961 1166 1004 parvae
1209 961 1374 1003 quoque
1405 961 1476 990 res
1508 960 1601 989 ma·-

91 1027 188 1082 gnis
226 1027 404 1069 motibus
452 1026 695 1082 agebantur.

91 1101 262 1156 ingenio
294 1101 403 1144 inter
433 1101 572 1143 claros
603 1093 742 1156 magis
770 1111 892 1155 quam
924 1100 1032 1141 inter
1060 1100 1220 1152 bonos,
1268 1099 1448 1140 Annium
1493 1098 1604 1139 Fau-

94 1180 201 1218 stum
232 1176 437 1231 equestris
469 1176 644 1229 ordinis,
678 1176 747 1230 qui
774 1175 1028 1229 temporibus
1058 1174 1240 1216 Neronis
1273 1173 1506 1228 delationes
1538 1173 1606 1228 Q-

97 1254 338 1326 ctEQt,
391 1252 443 1293 ad
486 1251 771 1306 cognitionem
811 1255 981 1292 senatus
1028 1250 1220 1292 vocabat.
1282 1249 1387 1292 Nam
1436 1260 1603 1301 recens,

96 1327 255 1384 Galbae
284 1327 544 1382 principata,
588 1330 840 1368 censuerant
879 1330 1018 1379 patres
1050 1329 1094 1366 ut
1127 1329 1418 1367 accusatorum
1451 1335 1606 1365 causae

95 1406 387 1445 noscerentur.

95 1482 244 1533 potens
285 1477 353 1519 vel
383 1477 504 1531 inops
535 1489 633 1518 reus
666 1476 898 1528 inciderat,
947 1475 1147 1521 infirmum
1181 1480 1250 1516 aut
1285 1475 1468 1516 validum
1501 1473 1608 1528 [eti-

95 1553 286 1595 nebatur.
347 1551 414 1594 Ad
454 1552 536 1620 ¹¹9⁰
581 1556 743 1593 terrore
785 1555 824 1593 et
864 1551 1031 1605 propria
1073 1551 1114 1591 vi
1159 1550 1328 1604 Crispus
1360 1550 1608 1591 incubuerat

163 1641 220 1653 Νι

429 1619 477 1631 —ae‘

902 1670 1112 1704 trierarchis
1140 1668 1214 1704 Ma:
1243 1668 1436 1703 trierarchi
1462 1667 1501 1701 G.
1573 1666 1608 1702 4.

1216 1729 1337 1762 asyam
1364 1715 1429 1751 Ma.
1504 1716 1540 1750 8.
1570 1715 1610 1748 ob

1183 1767 1236 1801 13.
1266 1767 1511 1811 εοφιιιιίοηωη
1536 1762 1610 1797 Ma:

246 1675 278 1707 1.
307 1672 408 1718 syrici
435 1678 496 1706 aut
523 1679 643 1718 egypto
671 1671 736 1705 Ma.
837 1674 871 1706 2.

99 1722 300 1768 asprenatis
322 1720 387 1755 Ma.
476 1722 509 1756 5.
551 1722 691 1765 quisque
721 1718 795 1753 Ma:
824 1720 975 1763 quisquis
1003 1719 1041 1753 G.
1143 1718 1177 1753 6.

101 1770 152 1805 G:
178 1769 233 1804 Ma
260 1770 338 1804 hoc.
439 1769 562 1803 crbras
589 1768 653 1803 Ma.
758 1769 812 1803 10.
840 1769 992 1813 scrispus
1021 1766 1084 1800 Ma.

101 1820 335 1864 coquitionem
361 1817 402 1852 G.
483 1818 537 1852 14.
562 1817 770 1864 principati}
795 1815 857 1850 Ma.
954 1817 1007 1850 15.
1034 1816 1162 1849 uariae
1189 1814 1254 1848 Ma.
1347 1814 1401 1849 16.
1438 1812 1612 1847 retinebat

102 1866 207 1903 GMflz
238 1868 395 1902 correxit
422 1866 639 1901 Puteolanus
668 1873 757 1913 (non
796 1865 1008 1907 Rhenanus,
1036 1869 1074 1897 ut
1100 1868 1219 1897 narrat
1246 1862 1436 1909 Orellius).
1555 1861 1610 1895 17.

101 1915 194 1950 hune
223 1916 287 1960 Ma,
312 1915 402 1950 haec
432 1915 478 1951 G:
506 1915 572 1950 hoc
600 1916 806 1950 Rhenanus.
928 1919 1064 1948 terrore
1092 1911 1312 1947 Beroaldus:
1355 1911 1408 1946 Ma
1436 1915 1471 1945 et
1499 1909 1611 1944 ceteri

102 1966 261 2000 terroris.

756 1025 900 1067 Vibius
950 1019 1371 1078 Crispus,'pecunia
1415 1023 1658 1077 potentiam

449 1402 492 1443 Id
525 1406 694 1444 senatus
729 1400 964 1442 consultum
996 1401 1114 1442 varie
1146 1401 1340 1441 iactatum
1377 1403 1440 1451 et,
1483 1401 1660 1452 proutts

156 2070 427 2114 firmaverunt.-
467 2068 502 2104 h.
539 2080 570 2103 e.
608 2069 820 2113 adfirmave-

100 2124 195 2154 runt.
251 2117 354 2152 Oonf.
388 2117 502 2152 181:
538 2119 598 2151 via:
637 2117 823 2162 quidquam

98 2168 244 2212 firmare
269 2167 394 2201 ausim.
438 2166 485 2200 Vl
514 2166 536 2201 6
564 2170 600 2200 et
627 2166 673 2201 28
701 2171 737 2200 et
762 2167 820 2202 50.

176 2216 315 2260 insiqne
340 2214 450 2249 oeulis
481 2235 520 2240 -—
556 2214 691 2249 vultus:
732 2214 822 2249 haec

103 2265 173 2298 iam
205 2264 357 2309 probant
384 2263 645 2297 similitudinem
682 2264 753 2296 oris
786 2265 822 2296 iu

105 2312 197 2347 salso
245 2312 388 2346 Nerone
433 2322 539 2355 supra
578 2316 823 2345 memoratam.

107 2361 162 2395 Cf.
192 2360 354 2395 Suetonii
380 2359 464 2393 Ner.
493 2361 562 2394 51:
600 2360 710 2393 oculis
737 2371 823 2392 cae-

105 2410 167 2444 siis
202 2414 235 2443 et
273 2408 514 2442 hebetioribus.
579 2408 687 2441 Mox:
726 2409 825 2441 circa

107 2457 236 2492 cultum
261 2457 482 2500 habitumque
518 2456 606 2490 adeo
630 2457 824 2502 pudendus,

104 2512 142 2541 ut
169 2517 303 2540 comam
326 2516 462 2551 semper
495 2506 534 2538 in
572 2505 704 2551 gradus
744 2507 825 2550 sor-

105 2561 237 2590 matam
262 2575 308 2582 —
339 2554 560 2588 summiserit.

179 2651 265 2696 Cap.
297 2652 351 2686 10.
417 2651 475 2697 qm}
512 2650 722 2696 temporibus
750 2651 824 2684 Ne-

106 2701 204 2735 ronis
230 2699 423 2734 delationes
451 2700 699 2742 factitaverat:
732 2709 824 2742 ope-

107 2758 180 2782 ram
213 2749 256 2782 ab
294 2748 411 2781 Annio
451 2746 581 2780 Fausto
614 2747 825 2781 accusandis

108 2796 360 2831 innocentibus
379 2796 582 2829 hominibus
611 2797 823 2839 insumptam

109 2846 145 2878 in
171 2844 354 2889 deperdita
383 2844 574 2878 Annalium
609 2850 710 2887 parte
739 2845 826 2878 atti-

111 2894 208 2939 gisse
237 2893 378 2927 Tacitus
407 2892 559 2926 videtur.
701 2904 825 2926 recens

113 2941 246 2976 Galbae
267 2943 493 2988 principatu:
523 2952 646 2974 recens
664 2940 824 2974 adverbii

111 2991 193 3025 vice
230 2989 391 3037 fungitur
432 2994 468 3025 et
507 2989 601 3024 idem
643 2989 742 3024 valet
784 3000 826 3023 ac

891 2079 1014 2113 nuper.
1041 2066 1158 2111 ipsum
1197 2066 1317 2100 addito
1347 2064 1480 2100 Galbae
1505 2064 1612 2111 prin-

893 2118 1012 2162 cipatu
1038 2117 1172 2149 certius
1201 2114 1380 2149 definitur.

965 2165 1002 2198 id
1026 2170 1169 2198 senatus
1198 2163 1417 2197 consultum:
1445 2162 1611 2196 Doeder-

893 2212 981 2246 linio
1009 2219 1151 2246 senatus
1179 2212 1252 2246 h.l.
1281 2212 1523 2245 nominativus
1546 2215 1611 2253 est,

893 2261 956 2294 sed
991 2261 1211 2295 adversatur
1246 2260 1440 2294 collocatio
1478 2259 1613 2293 verbo-

893 2319 982 2343 rum.
1036 2310 1160 2343 Statim
1187 2310 1408 2342 retinebatur
1434 2307 1519 2341 olim
1545 2308 1614 2341 fuit

893 2359 929 2391 in
958 2357 1004 2391 G:
1033 2369 1128 2391 nunc
1154 2358 1357 2401 compendii
1384 2360 1470 2389 nota
1497 2358 1614 2400 posita

894 2411 975 2450 post
1009 2406 1163 2440 litteram
1192 2412 1203 2440 t
1231 2416 1330 2439 erasa
1359 2409 1428 2439 est.
1494 2405 1531 2437 ln
1560 2403 1614 2439 Ma

896 2459 931 2488 et
965 2454 1046 2488 aliis
1086 2459 1171 2488 nota
1218 2466 1310 2499 quae
1351 2452 1532 2498 significat
1569 2465 1615 2487 m·

893 2503 1063 2549 neglecta
1090 2508 1144 2538 est
1169 2514 1190 2537 a
1214 2503 1330 2537 scriba
1346 2530 1355 2546 ‚
1392 2506 1431 2535 ut
1457 2502 1611 2536 videtur.

894 2552 1000 2586 Certe
1027 2553 1142 2586 forma
1168 2553 1343 2586 retinebat
1384 2551 1515 2585 ceteris
1541 2561 1613 2584 non

895 2602 1078 2635 convenit.

969 2650 1016 2683 ad
1041 2650 1107 2683 hoc
1146 2655 1282 2684 terrore
1318 2655 1350 2683 et
1382 2648 1532 2694 propria
1557 2648 1614 2680 vi:

895 2698 1047 2732 Medicei
1092 2698 1185 2732 hunc
1221 2709 1266 2732 ex
1304 2698 1370 2731 hoc
1409 2699 1612 2739 corruptum

896 2751 961 2787 est,
989 2746 1068 2780 dum
1098 2747 1215 2781 scriba
1243 2747 1310 2782 Ῐιόσ
1336 2756 1374 2778 se
1401 2744 1614 2777 observasse

896 2795 1009 2829 credit
1036 2801 1071 2829 et
1098 2805 1283 2840 perperam
1311 2794 1347 2826 in
1375 2792 1470 2825 bunc
1494 2791 1614 2825 resol-

895 2847 960 2878 vit.
992 2843 1089 2877 ldem
1115 2843 1212 2877 valet
1234 2842 1281 2875 ad
1300 2843 1366 2874 hoc
1382 2845 1489 2885 atque
1501 2851 1613 2886 prae-

896 2898 1006 2925 terea.
1059 2890 1138 2924 XIV
1165 2892 1240 2925 31:
1277 2890 1324 2922 ad
1361 2889 1427 2922 hoe
1452 2888 1615 2934 templum

897 2941 974 2973 clivo
995 2939 1143 2973 Claudio
1171 2941 1393 2972 constitutum
1418 2938 1518 2982 quasi
1545 2947 1616 2970 ara·

896 2994 1063 3022 aeternae
1092 2987 1339 3022 dominationis
1365 2985 1613 3033 aspiciebatur.

1694 1543 1768 1639 N<
