1768 3216
110 194 133 221 ι
157 183 200 223 0.
226 185 294 227 69(
610 186 748 224 LIBER
773 189 798 223 1.
851 188 941 225 car.
967 189 1127 225 20—22.
1573 192 1623 226 29

111 305 334 354 conatibus
365 306 565 350 transitus
594 319 757 359 rerum3
795 321 875 350 nec
908 309 1177 352 cunctatione
1206 321 1336 365 opus,
1373 309 1446 352 ubi
1474 310 1625 364 perni-

110 381 274 425 ciosior
300 383 357 425 sit
386 383 505 439 quies
531 395 659 438 quam
689 386 914 426 temeritas.
973 385 1150 427 Mortem
1180 385 1374 429 omnibus
1403 398 1458 428 ex
1477 390 1624 429 natura

56 491 62 495 .
109 457 354 514 aequalem,
380 445 610 502 oblivione
640 459 747 513 apud
779 464 975 513 posteros
1016 460 1085 502 vel
1114 460 1253 515 gloria
1284 460 1499 518 distingui.
1559 461 1624 503 Ac

110 533 148 576 si
176 538 399 578 nocentem
429 534 781 589 innocentemque
813 534 922 577 idem
956 536 1090 577 exitus
1122 541 1304 590 maneat,
1336 537 1517 580 acrioris
1540 537 1624 579 viri

40 611 208 654 22aeoe
235 610 387 653 merito
416 610 570 664 perire.
629 610 723 652 Non
762 614 853 652 erat
890 610 1069 653 Othonis
1107 611 1245 654 mollis
1286 617 1327 655 et
1358 614 1528 668 corpori
1559 613 1659 657 si-s

110 772 234 818 quam
265 762 307 804 in
336 762 499 816 privata
530 761 656 804 domo
689 762 836 815 habiti,
868 763 1003 805 aulam
1034 762 1217 806 Neronis
1249 768 1291 807 et
1319 764 1468 818 luxus,
1501 765 1627 808 adul-

109 838 218 882 teria
247 838 511 880 matrimonia
543 842 792 892 ceterasque
822 851 1050 894 regnorum
1081 839 1279 883 libidines
1310 841 1437 883 avido
1468 842 1629 895 talium,

110 913 150 956 si
178 913 366 967 auderet,
399 918 442 955 ut
471 925 546 956 sua
578 918 851 967 ostentantes,
885 915 1120 968 quiescenti
1149 920 1194 957 ut
1224 915 1360 959 aliena
1392 917 1631 972 exprobra-

111 989 237 1043 bant,
279 989 527 1045 urgentibus
574 991 697 1031 etiam
739 990 1068 1043 mathematicis,
1115 991 1212 1034 dum
1254 1005 1389 1035 novos
1420 997 1556 1036 motus
1587 997 1678 1036 etio

112 1066 271 1108 clarum
303 1065 459 1108 Othoni
490 1078 642 1108 annum
674 1066 973 1109 observatione
1004 1067 1188 1109 siderum
1220 1068 1460 1122 adfirmant,
1493 1081 1628 1125 genus

110 1140 325 1184 hominum
354 1142 594 1196 potentibus
626 1141 811 1194 infidum,
843 1142 1108 1196 sperantibus
1131 1143 1272 1196 fallax,
1306 1144 1417 1198 quod
1450 1145 1491 1186 in
1520 1145 1631 1187 civi-
1663 1171 1684 1187 0

110 1221 196 1261 tate
226 1222 370 1260 nostra
401 1222 442 1260 et
470 1218 679 1260 vetabitur
707 1230 874 1272 semper
904 1222 945 1259 et
976 1219 1235 1260 retinebitur.
1281 1220 1433 1262 Multos
1464 1225 1646 1264 secreta·

111 1293 330 1348 Poppaeae
359 1293 701 1346 mathematicos,
732 1294 1233 1359 pessimumfflprin—qipa-lixs
1264 1296 1518 1359 matrim—onii
1559 1297 1630 1338 in-

803 1342 921 1356 *s

113 1373 400 1438 strumentum,
431 1369 686 1420 habuerant3
736 1382 759 1411 e
801 1369 950 1423 quibus
988 1357 1448 1413 Ptolemaeus“”oth0ni
1480 1356 1521 1413 in
1552 1371 1685 1420 lli-15

112 1445 259 1500 spania
299 1457 467 1498 comes,
516 1457 608 1487 cum
651 1444 958 1499 superfuturum
1006 1458 1100 1488 eum
1144 1446 1304 1488 Neroni
1352 1447 1629 1501 promisisset,

112 1524 332 1574 postquam
364 1533 417 1562 ex
447 1524 599 1563 eventu
628 1519 748 1571 sides,
782 1520 1028 1562 coniectura
1067 1520 1148 1562 iam
1189 1525 1232 1563 et
1270 1533 1440 1565 rumore
1469 1523 1631 1566 senium

115 1594 273 1638 Galbae
313 1599 354 1637 et
391 1595 600 1638 iuventam
642 1595 819 1637 Othonis
860 1596 1184 1650 computantium
1229 1602 1497 1650 persuaserat
1539 1598 1631 1640 fore

115 1673 159 1712 ut
187 1669 231 1712 in
261 1670 477 1725 imperium
509 1670 834 1713 adscisceretur.
897 1670 979 1712 Sed
1021 1670 1129 1712 Otho
1172 1675 1379 1725 tamquam
1410 1672 1558 1726 peritia
1590 1676 1632 1715 et

262 1814 297 1849 7.
324 1813 503 1848 adulter-ia
527 1815 758 1848 matrimonia
784 1813 880 1857 Gna,
917 1814 1082 1848 adultera
1109 1816 1339 1851 matrimonia
1364 1815 1406 1849 Β.

412 1864 457 1897 12
494 1863 744 1909 sper-nantibus
768 1863 844 1898 Ma:
872 1863 898 1897 G
919 1864 1154 1910 sperantibus.

116 1862 239 1897 derum
265 1860 331 1897 Ma.

114 1921 242 1947 versus
266 1910 358 1959 fine)
385 1912 651 1946 mathematicos
677 1911 741 1947 Ma.

116 1965 153 1995 et
177 1962 230 1995 sic
255 1960 363 2006 paulo
390 1966 485 2006 post.

116 2097 154 2130 in
180 2095 324 2131 lubrico
351 2107 433 2131 esse
457 2107 562 2142 quam
591 2101 689 2140 erat,
717 2097 838 2143 finge-

117 2145 179 2180 bat
204 2155 324 2191 eoque
351 2156 391 2181 se
416 2146 496 2192 ipse
522 2146 678 2191 decepit.

191 2217 273 2251 dum
308 2217 444 2251 Galbae
486 2219 684 2252 auctoritas
719 2219 836 2263 [lu-za,

119 2265 258 2300 Pisonis
300 2266 455 2300 nondum
496 2267 709 2301 coaluisset:
755 2272 838 2311 apte

121 2315 350 2360 componitur
385 2316 582 2349 auctoritas
622 2326 714 2361 quae
752 2326 841 2350 eva-

119 2365 238 2398 nescit
264 2368 299 2398 et
316 2362 447 2397 diffluit
476 2375 556 2397 cum
577 2375 619 2398 ea
635 2375 728 2410 quae
750 2374 841 2398 cou-

121 2413 254 2447 crescit
281 2412 361 2446 sive
388 2412 576 2447 coalescit.
609 2412 763 2448 Omnino
782 2415 842 2447 in-

122 2462 238 2508 signis
275 2460 389 2495 Taciti
427 2472 512 2505 ars,
553 2473 622 2508 qua
664 2464 842 2496 contraria

119 2511 211 2545 scite
251 2510 346 2545 solet
373 2521 611 2555 componere,
647 2513 841 2556 praecipue

120 2559 270 2605 excellit
295 2561 331 2593 in
358 2570 495 2593 morum
520 2559 672 2594 Othonis
701 2559 839 2595 descri-

118 2607 245 2653 ptione
272 2619 303 2642 c.
334 2610 490 2643 21-24.
588 2612 713 2643 merito
740 2611 842 2655 peri-

118 2668 182 2691 re:
219 2656 388 2703 ambigue
425 2657 586 2702 loquitur
620 2657 713 2692 Otho
748 2658 842 2692 faci-

120 2706 219 2739 noris
262 2710 383 2740 mente
434 2707 601 2750 concepti
645 2706 841 2753 obtegendi

122 2764 229 2789 causa
266 2765 330 2799 pro
377 2765 420 2788 eo
467 2754 562 2800 quod
601 2760 656 2790 est
698 2757 843 2790 exitium

123 2802 227 2850 culpa
255 2815 322 2838 sua
345 2814 495 2838 tuerere.

199 2875 285 2919 Cap.
313 2877 372 2911 22.
419 2886 490 2908 non
519 2882 596 2910 erat
625 2875 771 2910 Othonis
796 2897 842 2903 —-

123 2922 284 2958 animm:
311 2924 406 2959 idem
430 2924 615 2969 praedicat
641 2926 678 2959 iu
699 2925 842 2961 Othone

122 2970 335 3008 Plutarchus
359 2972 459 3010 Galb.
487 2975 547 3011 25.

1486 1818 1541 1851 11.
1570 1827 1631 1862 sy-

1227 1865 1271 1901 14
1306 1876 1464 1912 poppeae
1490 1877 1549 1899 ma
1574 1867 1631 1911 (in

804 1914 859 1947 15.
882 1912 1032 1959 ptoloms
1057 1925 1137 1948 cum
1163 1914 1226 1949 lin.
1256 1925 1366 1960 super
1392 1914 1460 1950 litt.
1486 1926 1538 1949 ms
1564 1913 1630 1959 Ma,

565 1962 621 1997 19.
654 1962 831 2008 inperium
857 1974 929 1996 asc.
962 1961 1026 1996 Ma.

980 2082 1238 2132 mathematicis
1254 2119 1300 2124 —
1315 2110 1426 2144 genus
1451 2099 1632 2134 hominum

910 2169 950 2174 —
969 2147 1202 2181 retinebitur.-
1230 2157 1265 2182 V.
1278 2153 1437 2183 annotat.
1457 2148 1500 2182 ad
1519 2148 1549 2182 tl
1569 2150 1629 2184 32.

979 2217 1105 2252 multos
1144 2225 1284 2253 secreta
1319 2219 1503 2265 Poppaeae
1548 2231 1632 2254 ma-

910 2266 1141 2309 thematicos,
1188 2269 1377 2314 pessimum
1416 2268 1633 2314 principalis

908 2316 1129 2350 matrimonii
1161 2317 1457 2360 instrumentum,
1493 2318 1631 2352 habue-

909 2371 1017 2398 rant:
1051 2369 1137 2398 tunc
1162 2364 1330 2410 Poppaea
1357 2366 1632 2400 mathematicos

909 2414 1104 2459 praecipue
1114 2415 1396 2456 consultaverat,
1409 2426 1487 2449 cum
1498 2415 1632 2450 Othoni

908 2463 1136 2496 matrimonio
1180 2465 1337 2498 iunctam
1375 2464 1470 2498 Nero
1512 2476 1632 2499 amare

911 2513 1075 2556 incepit3
1116 2523 1151 2546 v,
1179 2512 1335 2547 xt1145
1373 2518 1408 2547 et
1434 2513 1494 2548 46.
1546 2513 1632 2548 ldeo

909 2560 1007 2595 addit
1036 2562 1222 2607 pessimum
1251 2562 1470 2608 principalis
1503 2564 1633 2596 matri-

908 2611 1020 2643 monii
1051 2611 1331 2644 instrumentum.
1396 2613 1545 2645 Secreta
1574 2613 1633 2643 in-

909 2658 1039 2705 tellige
1066 2664 1209 2692 secreta
1234 2659 1423 2693 conclavia
1463 2660 1542 2705 (das
1568 2671 1633 2704 qe-

909 2708 1022 2741 heime
1051 2707 1237 2756 Gabina).-
1280 2708 1315 2741 id
1351 2709 1445 2741 enim
1482 2707 1632 2741 verbum

911 2756 1112 2790 habuerant
1136 2756 1280 2790 videtur
1307 2756 1503 2800 postulare.
1546 2756 1632 2790 Ma..

912 2806 1114 2839 trimonium
1151 2805 1240 2838 dixit
1272 2814 1336 2848 pro
1375 2805 1559 2850 coniuge,
1594 2810 1633 2839 ut

914 2853 945 2887 11
980 2855 1022 2888 13
1051 2859 1086 2887 et
1114 2854 1171 2894 73,
1201 2852 1263 2885 xit
1290 2854 1323 2887 2.

986 2924 1224 2958 Ptolemaeus.-
1255 2923 1303 2958 cf.
1331 2923 1511 2959 Plutarch.
1529 2925 1630 2961 Galb.

912 2974 972 3010 23.
1025 2972 1252 3020 cognomine
1285 2982 1373 3019 suo,
1410 2978 1449 3009 ut
1476 2974 1631 3020 videtur,
