1768 3216
149 228 197 264 60
734 207 1037 249 HISTORIARVM
1414 209 1447 234 a.
1473 207 1510 234 u.
1535 196 1620 235 822.

149 353 306 400 ponere
337 336 572 393 iampridem
603 327 860 385 imperatoris
892 324 1176 381 dignationem
1207 323 1248 360 et
1278 316 1445 360 auferre
1474 311 1627 370 privati

151 416 423 461 securitatem.
484 405 746 459 Quatiebatur
785 401 848 443 his
889 411 1022 454 segne
1061 394 1297 451 ingenium,
1338 395 1382 434 ut
1421 387 1697 443 concupi-53

152 494 286 534 sceret
322 486 450 541 magis
482 495 600 537 quam
630 484 672 522 ut
707 480 908 534 speraret.
969 473 1023 515 At
1062 472 1104 513 in
1144 468 1362 524 superiore
1404 462 1629 507 Germania

151 564 326 608 Caecina
357 561 511 602 decora
542 558 731 607 iuventa,
775 563 951 606 corpore
992 549 1166 603 ingens,
1209 543 1334 587 animi
1363 539 1630 593 immodicus,

118 639 249 685 sscito
279 647 486 686 sermone,
519 636 660 675 erecto
696 630 863 670 incessu
893 623 1027 667 studia
1058 622 1229 663 militum
1260 617 1479 660 inlexerat.
1509 614 1630 657 Hune

148 715 336 756 iuvenem
368 709 509 761 Galba,
542 709 801 761 quaestorem
832 702 874 742 in
894 698 1077 750 Baetica,
1109 696 1286 750 impigre
1308 693 1351 735 in
1371 695 1514 747 partes
1534 700 1633 734 suas

149 793 452 841 transgressum
491 780 647 836 legioni
684 775 942 833 praeposuit3
991 784 1087 814 mox
1129 772 1386 824 compertum
1423 765 1634 822 publicam

150 861 365 918 pecuniam
395 857 616 908 avertisse,
657 858 700 897 ut
735 851 1014 907 peculatorem
1051 845 1230 916 flagitari
1260 843 1392 886 iussit.
1452 840 1636 886 Caecina

60 924 63 928 “
109 924 114 933 ’
155 948 280 992 aegre
309 946 450 990 passus
480 933 655 974 miscere
686 932 833 971 cuncta
863 930 903 968 et
931 924 1091 979 privata
1121 921 1297 963 vulnera
1336 918 1400 962 rei
1439 916 1636 973 publicae

106 1011 270 1053 iomalis
301 1009 462 1064 operire
492 1006 641 1049 statuit.
682 1004 766 1045 Nec
798 1002 970 1044 deerant
999 999 1042 1040 in
1074 996 1262 1040 exercitu
1283 994 1444 1039 semina
1465 992 1638 1036 discor-

158 1086 273 1138 diae,
315 1083 422 1138 quod
463 1087 501 1123 et
528 1081 636 1123 bello
675 1078 873 1120 adversus
913 1074 1130 1117 Vindicem
1168 1071 1390 1115 universus
1431 1067 1638 1120 adfuerat,

161 1172 239 1202 nec
283 1158 362 1199 nisi
402 1157 542 1199 occiso
583 1155 748 1197 Nerone
778 1151 998 1194 translatus
1040 1150 1081 1190 in
1113 1147 1310 1199 Galbam,
1352 1148 1475 1199 atque
1514 1143 1557 1185 in
1587 1153 1640 1184 eo

158 1234 246 1288 ipso
276 1236 532 1275 sacramento
563 1229 724 1271 vexillis
755 1226 967 1269 inferioris
992 1223 1241 1266 Germaniae
1261 1223 1515 1276 praeventus
1535 1220 1640 1262 erat.

158 1307 208 1350 Et
236 1306 391 1348 Treviri
421 1318 469 1347 ac
489 1305 711 1359 Lingones,
744 1313 927 1356 quasque
957 1299 1060 1341 alias
1089 1298 1279 1339 civitates
1311 1294 1525 1338 atrocibus
1546 1291 1644 1335 edi-

109 1397 146 1429 ις
162 1382 237 1424 ctis
275 1385 342 1422 aut
382 1380 529 1422 damno
561 1378 698 1420 finium
737 1377 865 1419 Galba
901 1373 1160 1430 perculerat,
1202 1370 1391 1414 hibernis
1429 1368 1645 1424 legionum

161 1456 325 1513 propius
355 1455 576 1497 miscentur
586 1469 596 1506 3
628 1454 735 1495 unde
765 1451 968 1495 seditiosa
1000 1448 1225 1503 colloquia,
1258 1451 1298 1489 et
1328 1446 1437 1488 inter
1456 1453 1646 1500 paganos

164 1531 392 1584 corruptior
421 1530 551 1582 miles,
584 1533 623 1570 et
643 1530 683 1570 in
696 1527 939 1583 Verginium
969 1525 1091 1567 favor
1121 1523 1368 1576 cuicumque
1398 1519 1469 1562 alii
1497 1517 1648 1574 prosu-

162 1609 288 1646 turus.
345 1604 512 1646 Miserat
542 1604 684 1645 civitas
714 1603 945 1657 Lingonum
975 1603 1119 1642 vetere
1150 1596 1335 1639 instituto
1367 1594 1478 1638 dona
1507 1591 1719 1648 legio-54

163 1679 295 1732 nibuS,
327 1679 514 1731 dextras,
555 1677 722 1732 hospitii
753 1676 932 1731 insigne.
987 1673 1133 1728 Legati
1164 1684 1309 1715 eorum
1340 1671 1383 1712 in
1413 1667 1651 1724 squalorem

259 1794 292 1828 3.
320 1793 376 1827 act.
402 1792 466 1827 Ma.
522 1793 556 1828 4.
585 1793 703 1834 decorj
729 1791 793 1835 Ma,
820 1791 971 1825 fortasse
1000 1789 1118 1832 decor3
1146 1789 1169 1824 i.
1197 1798 1229 1822 e.
1258 1764 1417 1821 decorus.
1468 1784 1555 1820 inm.
1583 1781 1651 1819 Ma.

170 1842 203 1878 5.
231 1842 296 1875 cito
324 1840 428 1875 Gilia:
455 1842 607 1874 correxit
631 1841 780 1885 Lipsius.
854 1840 888 1874 6.
917 1844 1021 1884 quest.
1050 1836 1115 1872 Ma.
1173 1837 1246 1882 inp.
1275 1834 1342 1870 Ma.
1412 1834 1446 1870 9.
1475 1843 1558 1881 egre
1583 1830 1651 1868 Mu.

172 1890 264 1924 voln.
282 1888 339 1923 Or.
389 1890 489 1934 rezssp.
505 1888 570 1923 Ma.
621 1891 676 1923 12.
701 1889 805 1934 galba
817 1888 892 1922 Ma:
920 1886 1026 1932 ,qalbci
1038 1885 1076 1920 G.
1131 1886 1186 1920 13.
1212 1883 1441 1930 inferioribus
1466 1881 1533 1926 Ma,
1561 1891 1654 1917 corr.

170 1938 201 1973 is
226 1937 268 1971 ab
295 1937 434 1979 eadem,
462 1942 500 1970 ut
524 1937 674 1978 videtur,
701 1948 816 1972 manu.
906 1937 960 1972 14.
994 1935 1134 1970 Treveri
1159 1933 1217 1969 Or.
1252 1933 1297 1968 cf.
1329 1931 1373 1967 ad
1399 1933 1423 1968 3
1447 1932 1508 1969 42.
1597 1930 1654 1966 17.

174 1986 374 2031 ueryeniitm
392 1984 455 2020 Ma.
518 1985 620 2030 fabor
646 1983 710 2020 Ma.

174 2094 369 2130 Theodisce
394 2099 493 2130 verte
519 2095 573 2129 die
587 2094 872 2140 Amtsyenossen-

177 2144 289 2188 schafl
314 2144 374 2177 mit
400 2144 509 2177 einem
536 2144 680 2178 Cacsar.
709 2143 873 2177 Ceterum

175 2191 355 2236 praeclare
380 2191 517 2226 Tacitus
546 2193 658 2236 pinxit
683 2194 874 2226 vanitatem

177 2245 212 2274 et
240 2240 489 2284 impudentiam
522 2240 699 2283 Valentis,
725 2246 874 2285 postpo-

176 2289 291 2322 nentis
304 2289 463 2334 Verginii
488 2290 637 2323 virtutes
665 2294 699 2323 et
724 2290 875 2324 alacrem

942 2104 1056 2129 sermo
1085 2099 1139 2128 est
1165 2092 1224 2139 qui
1245 2093 1315 2127 cito
1342 2090 1555 2127 absolvitur.
1579 2090 1657 2126 Ve-

942 2154 1018 2176 rum
1043 2144 1148 2177 scitus
1177 2153 1289 2176 sermo
1315 2141 1471 2187 aliquam
1496 2140 1658 2175 suaviter

944 2191 1113 2236 loquendi
1140 2191 1346 2225 facultatem
1367 2189 1514 2232 indicat,
1540 2194 1581 2224 ut
1604 2192 1660 2223 est

945 2240 1036 2284 apud
1048 2239 1257 2274 Ciceronem
1285 2239 1328 2273 de
1353 2239 1396 2273 N.
1417 2237 1462 2274 D.
1487 2236 1503 2272 Ι
1526 2238 1575 2274 33
1589 2236 1659 2274 93:

944 2289 1168 2322 meretricula
1193 2289 1297 2323 etiam
1322 2287 1507 2322 Leontium
1532 2291 1661 2322 eontra
1718 2297 1723 2301 ·

178 2338 328 2371 animum
354 2337 519 2382 impudici
533 2337 669 2372 Vitellii
698 2338 877 2372 nobilitati

179 2390 213 2419 et
242 2386 429 2430 segnitiae.

251 2431 333 2476 Cap.
354 2434 410 2468 53.
462 2435 546 2467 scito
575 2445 753 2467 sermone:
787 2435 881 2479 quod

180 2484 261 2515 ante
295 2480 450 2525 Lipsium
487 2486 561 2515 erat
596 2483 661 2515 cito
702 2494 879 2525 sermone,

180 2528 216 2563 id
239 2539 359 2572 parum
386 2534 502 2573 aptum
540 2530 680 2564 videtur
718 2531 760 2563 ad
785 2531 882 2564 mili-

179 2581 250 2610 tum
290 2576 405 2610 studia
442 2577 651 2611 illicienda:
693 2588 773 2611 nam
817 2580 882 2612 cito

180 2636 337 2660 sermone
372 2626 511 2670 (rasche
549 2627 626 2660 sive
658 2627 764 2659 rasch
797 2638 881 2660 vor-

179 2673 416 2719 viberyehende
433 2674 698 2721 Unterhaltunq)
727 2676 785 2719 qui
811 2676 883 2708 uti-

180 2726 260 2764 tur,
296 2722 426 2756 milites
462 2733 483 2756 a
516 2732 555 2756 se
581 2728 743 2756 avertere
769 2724 885 2767 potius

183 2780 284 2815 quam
320 2770 466 2804 allicere
502 2770 612 2814 solet,
659 2770 740 2804 (lum
775 2781 888 2815 pauca

182 2817 320 2851 locutus
357 2819 527 2852 adeuntes
563 2820 724 2853 remittit.
793 2820 888 2853 Citus

186 2866 277 2899 enim
303 2878 412 2904 sermo
434 2878 550 2914 neque
577 2868 805 2913 eloquentiae
825 2878 888 2901 ce-

187 2912 361 2948 leritatem
386 2926 504 2960 neque
532 2916 624 2949 idem
651 2916 745 2961 quod
766 2927 888 2962 prom-

185 2966 262 3007 ptus
276 2973 385 2996 sermo
409 2963 469 3008 (H.
496 2962 527 2997 11
551 2963 615 3010 86)
643 2964 800 3008 denotat,
827 2964 891 2999 sed

953 2337 1220 2383 Theophrastum
1255 2336 1409 2371 seribere
1435 2346 1526 2371 auca
1575 2333 1661 2370 est?
1730 2364 1734 2367 .

950 2387 1044 2420 Scito
1086 2385 1151 2419 illa
1177 2385 1311 2430 quidem
1343 2395 1503 2419 sermone
1535 2389 1568 2419 et
1593 2381 1662 2418 At-

950 2435 1029 2477 tico,
1056 2435 1116 2467 secl
1141 2440 1255 2468 tamen
1281 2438 1350 2469 cet.
1377 2433 1416 2467 ln
1437 2432 1550 2468 Taciti
1575 2441 1663 2466 vor-

949 2483 1003 2516 bis
1031 2482 1149 2516 littera
1173 2495 1189 2517 s
1221 2484 1350 2521 omissa
1367 2509 1377 2526 ,
1417 2481 1512 2528 quod
1536 2479 1663 2515 eadem

951 2532 1111 2575 proxime
1161 2532 1410 2577 (immodicus)
1467 2527 1663 2569 antecedit.

951 2579 1128 2613 Fortunae
1157 2579 1258 2614 dotes
1296 2581 1332 2613 in
1371 2579 1529 2614 Caecina
1564 2577 1665 2612 eius-

953 2628 1046 2661 modi
1073 2632 1184 2672 erant,
1208 2634 1246 2662 ut
1273 2628 1421 2675 vulgum
1445 2626 1560 2673 magis
1584 2634 1666 2660 mo-

954 2687 1039 2710 vere
1064 2687 1166 2721 quam
1192 2677 1385 2722 prudentes
1426 2681 1553 2710 tenere
1577 2683 1666 2719 pos-

954 2730 1052 2765 sent3
1095 2729 1175 2768 apte
1215 2727 1325 2772 igitur
1359 2725 1501 2759 Tacitus
1538 2722 1585 2757 de
1622 2732 1667 2757 eo

955 2772 1069 2806 studia
1101 2773 1245 2808 militum
1284 2768 1482 2808 inlexerat:
1524 2770 1670 2806 scilicet

956 2821 1151 2854 illiciuntur
1179 2821 1420 2866 imprudentes
1457 2825 1494 2855 et
1518 2820 1667 2856 incauti.

1027 2869 1162 2904 vexillis
1207 2872 1390 2916 inferioris
1427 2869 1667 2905 Germaniae:

959 2916 1045 2950 dicit
1070 2928 1235 2953 numeros
1270 2919 1451 2954 inferioris
1488 2918 1670 2952 exercitu

959 2966 1019 3010 qui
1044 2972 1285 3002 remanserant
1307 2969 1343 3002 in
1370 2967 1529 3004 hibernis
1552 2964 1598 3002 ad
1615 2966 1670 3003 ri-
