1768 3216
8 201 218 249 με),
243 201 304 243 φ.
603 201 741 236 Lissa
767 201 812 235 ιι.
866 201 954 242 cn.
986 201 1139 237 10-12.
1562 202 1633 244 ιιι

63 333 68 337 ⁴
119 322 283 375 usque
310 319 654 374 praeveniebant.
714 320 766 361 Et
796 332 849 362 ex
879 320 969 374 ipsa
999 318 1104 361 urbe
1134 318 1244 369 haud
1276 319 1514 373 spernenda
1544 332 1640 362 ma-

128 406 237 448 nas,
270 394 453 449 quinque
483 394 723 449 praetoriae
755 394 951 440 cohortes
983 398 1024 435 et
1054 394 1235 448 equitum
1266 394 1419 443 vexilla
1451 407 1544 437 cum
1571 394 1639 438 le-

129 470 261 525 gione
289 469 439 524 prima,
471 482 523 511 ac
552 468 745 511 deforme
778 468 949 523 insuper
980 469 1193 522 auxilium,
1223 469 1306 518 duo
1334 469 1448 519 milia
1470 469 1641 526 gladia—

130 547 283 597 torum,
318 544 395 586 sed
423 555 501 598 per
531 543 671 592 civilia
702 555 818 586 arma
849 543 974 586 etiam
993 544 1157 587 severis
1188 544 1364 593 ducibus
1385 549 1640 600 usurpatum.

75 629 88 643 ·
129 617 205 668 Eis
237 618 373 673 copiis
403 622 546 660 rector
576 618 741 661 additus
771 618 935 662 Annius
967 619 1125 673 Gallus,
1158 632 1251 662 cum
1281 621 1491 663 Vestricio
1528 621 1673 676 Spu-5

130 693 252 740 rinna
284 693 339 736 ad
369 693 640 748 occupandas
670 693 771 737 Padi
808 694 922 749 ripas
952 695 1235 749 praemissus,
1282 696 1479 749 quoniam
1508 697 1642 751 prima

133 768 407 814 consiliorum
437 768 593 811 frustra
619 767 877 821 ceciderant,
908 772 1178 824 transgresso
1198 769 1280 820 iam
1294 769 1423 824 Alpes
1443 770 1640 824 Caecina,

132 854 256 897 quem
294 842 388 886 sisti
425 842 532 884 intra
574 841 730 884 Gallias
770 854 899 896 posse
936 848 1194 897 speraverat.
1256 844 1393 898 Ipsum
1434 844 1641 894 Othonem

133 916 438 963 comitabantur
466 915 775 971 speculatorum
805 916 914 959 lecta
946 929 1149 972 corpora,
1193 931 1286 969 cum
1328 919 1482 966 ceteris
1512 932 1642 974 prae.-

130 991 253 1039 toriis
293 991 562 1045 cohortibus,
604 992 795 1034 veterani
835 1005 859 1035 e
899 993 1138 1047 praetorio,
1181 993 1456 1042 classicorum
1488 995 1641 1050 ingens
1655 1013 1694 1043 ιο

131 1078 343 1115 numerus,
400 1067 488 1113 Nec
517 1066 578 1108 illi
609 1079 742 1122 segne
772 1071 842 1110 aut
872 1068 1244 1123 corruptumluxu
1274 1069 1369 1122 iter,
1401 1070 1478 1112 sed
1506 1070 1640 1113 lorica

132 1140 273 1190 ferrea
301 1153 402 1185 usus
432 1146 516 1195 est,
550 1146 591 1184 et
623 1147 719 1184 ante
751 1143 873 1198 signa
902 1143 1120 1198 pedester,
1162 1143 1359 1194 horridus
1390 1144 1639 1199 incomptus,

63 1220 120 1265 12
133 1216 352 1272 famaeque
383 1217 611 1265 dissimilis.
672 1218 970 1266 Blandiebatur
1000 1219 1161 1273 coeptis
1206 1219 1396 1273 fortuna,
1442 1233 1640 1275 possessa

132 1305 209 1347 per
253 1305 370 1336 mare
410 1296 452 1334 et
491 1305 622 1335 naves
668 1294 829 1336 maiore
869 1293 1012 1343 ltaliae
1041 1298 1184 1348 parte,
1228 1296 1395 1350 penitus
1424 1308 1556 1350 usque
1587 1296 1640 1345 ad

133 1366 296 1416 initium
324 1368 624 1417 maritimarum
655 1360 857 1423 Alpium.
898 1368 1057 1418 Quibus
1096 1370 1344 1424 temptandis
1381 1370 1694 1426 adgredien-ns

133 1437 296 1503 deeque
324 1443 570 1497 provinciae
598 1444 864 1493 Narbonensi
895 1444 1092 1493 Suedium
1122 1444 1394 1498 Clementem,
1405 1445 1633 1488 Antonium

130 1516 372 1570 NoveEmn,
402 1518 627 1567 Aemilium
658 1518 884 1568 Pacensem
921 1518 1051 1565 duces
1081 1519 1271 1562 dederat.
1329 1520 1414 1570 Sed
1444 1520 1641 1570 Pacensis

130 1603 208 1646 per
235 1591 448 1641 licentiam
478 1593 651 1642 militum
681 1593 870 1644 vinctum
910 1593 1098 1645 Antonio
1139 1594 1317 1645 Novello
1350 1595 1462 1645 nulla
1491 1600 1643 1642 aucto-

255 1737 290 1771 2.
317 1735 448 1780 quitum
473 1734 547 1769 M³:
575 1735 604 1769 G
629 1736 792 1780 equitum.
1274 1737 1296 1771 5
1335 1737 1519 1782 Spurinna
1545 1735 1640 1780 GMa,

132 1793 207 1818 non
232 1785 405 1830 Spurium.
481 1785 514 1818 7.
542 1785 667 1817 cecina
693 1782 757 1817 Ma.
848 1786 901 1818 ¹2.
925 1784 1086 1829 pedestre
1115 1784 1192 1818 Ma:
1220 1784 1248 1818 G
1272 1785 1445 1830 pedester.
1526 1787 1582 1820 14.
1610 1791 1642 1819 et

133 1834 270 1867 maiore
297 1830 435 1866 BGssaz
478 1838 511 1866 et
537 1834 710 1877 expunxit
747 1833 963 1875 Rhemum,
991 1843 1062 1866 non
1089 1835 1157 1867 iam
1183 1833 1403 1877 Beroaldus,
1433 1838 1472 1866 ut
1497 1839 1642 1868 narrant

133 1880 341 1916 Waltherus
369 1885 406 1915 et
431 1880 602 1915 Orellius.
674 1887 796 1927 partes
822 1880 898 1916 Ma:
927 1881 955 1915 G
976 1888 1092 1933 parte.
1175 1884 1317 1930 penitus
1343 1881 1409 1925 Ma,
1435 1893 1506 1916 uon
1530 1884 1640 1928 penit,

133 1935 174 1964 ut
196 1929 423 1977 significasse
448 1930 593 1964 videtur
609 1930 801 1964 Victorius.
908 1930 963 1965 16.
991 1931 1226 1965 narbonensis
1249 1931 1323 1965 m:
1359 1931 1388 1966 G
1411 1933 1640 1967 narbonensi.

136 1979 192 2015 17.
220 1978 373 2013 emiliam
391 1976 459 2014 Ma.

869 1736 904 1770 3.
933 1736 1114 1780 desormae
1139 1735 1205 1770 Ma.

132 2096 221 2132 Nam
258 2095 344 2131 huic
374 2095 474 2131 bello
513 2097 675 2143 gerendo
708 2098 853 2131 nonnisi

134 2144 300 2191 singulos
326 2155 495 2180 numeros
533 2157 579 2179 ex
604 2146 793 2180 Germania
819 2151 854 2180 et

133 2194 319 2228 Britannia
347 2199 384 2228 et
407 2193 554 2239 Illyrico
581 2194 770 2241 delegerat
789 2195 851 2240 (H.

134 2242 150 2277 1
171 2242 237 2289 6);
261 2242 327 2276 sed
350 2247 539 2288 postquam
564 2243 694 2277 seditio
716 2243 854 2278 Gallica

1014 2095 1273 2142 speculatorum
1317 2097 1410 2131 lecta
1456 2109 1609 2143 corpora
1627 2109 1639 2131 .-

924 2145 1134 2180 validissimi
1163 2147 1469 2189 praetorianorum
1495 2148 1531 2180 iu
1554 2157 1641 2191 spe-

925 2194 1104 2228 culatores
1130 2194 1252 2229 allecti
1280 2200 1388 2238 sunt3
1416 2195 1490 2229 vid.
1517 2200 1640 2229 annot.

924 2242 967 2276 ad
989 2243 1029 2277 Η.
1058 2243 1071 2277 Ι
1098 2245 1159 2278 24.
1229 2246 1391 2278 veterani
1416 2255 1434 2277 e
1458 2245 1641 2289 praetorio

135 2292 276 2335 erupit,
314 2295 423 2324 totam
457 2291 640 2337 legionem
670 2297 854 2336 quartam-

135 2338 311 2373 decimam
337 2340 483 2372 accivit.
522 2340 582 2372 Sic
610 2345 693 2383 apte
720 2351 854 2374 succe-

136 2387 224 2420 dunt
249 2387 343 2421 unde
376 2387 483 2433 longa
511 2387 584 2421 iltis
620 2400 707 2433 erpa
734 2389 852 2422 Nero-

134 2447 215 2470 nem
245 2435 343 2479 fides.
501 2447 520 2469 e
541 2435 675 2479 fiducia
701 2438 853 2471 tarditas

133 2484 282 2518 inerat.-
310 2483 357 2518 ci.
388 2489 511 2518 annot.
538 2485 582 2518 ad
610 2485 623 2519 1
652 2486 712 2520 57.-

212 2532 295 2566 alae
321 2532 559 2578 cohortesque,
586 2533 621 2568 h.
651 2545 682 2567 e.
713 2534 853 2580 equites

135 2580 350 2627 peditesque
407 2583 587 2627 sociorum
648 2582 854 2629 legionibus

134 2628 308 2664 adiuncti.
439 2628 443 2630 ⁷

207 2677 262 2711 tais
286 2678 395 2723 copiis
419 2684 539 2713 rector
563 2679 702 2714 additus
713 2679 852 2714 Annius

137 2725 289 2760 Gallus.-
325 2726 491 2771 singulae
525 2729 706 2771 copiarum
732 2734 852 2773 partes

137 2778 221 2807 ante
247 2779 476 2808 enumeratae
511 2785 596 2808 suos
636 2776 746 2811 duces
784 2777 852 2812 ha-

137 2821 283 2865 bebant,
309 2821 372 2856 sed
391 2822 557 2857 omnibus
570 2829 689 2858 rector
713 2825 852 2862 additus

139 2875 194 2903 est
219 2869 358 2906 Annius
384 2871 525 2914 Gallus,
553 2883 644 2906 unus
671 2884 715 2907 ex
741 2874 852 2908 tribus

136 2918 212 2953 illis
238 2919 367 2964 quibus
393 2918 487 2954 Otho
514 2920 576 2966 (Η.
599 2921 615 2955 1
640 2921 708 2967 87)
732 2933 851 2957 curam

138 2968 299 3014 equitum
324 2968 559 3016 peditumque
584 2969 824 3006 mandaverat.

923 2296 1006 2325 sunt
1047 2292 1265 2335 praetoriani
1312 2293 1535 2326 exauctorati
1577 2292 1642 2326 sed

923 2339 989 2373 sub
1016 2339 1154 2374 vexillo
1171 2342 1304 2375 retenti
1322 2346 1359 2374 et
1378 2340 1534 2374 nondum
1552 2342 1641 2374 mis-

921 2390 973 2431 si;
1005 2388 1051 2422 cf.
1078 2387 1158 2423 138
1182 2389 1306 2434 ibique
1323 2394 1445 2423 annot.
1482 2389 1550 2431 Qui
1572 2388 1641 2423 boc

922 2437 1004 2471 loco
1037 2438 1199 2470 veterani
1237 2449 1255 2471 e
1288 2439 1492 2483 praetorio,
1531 2437 1639 2472 iidem

922 2485 1030 2530 paulo
1057 2490 1139 2530 post
1174 2488 1225 2530 (c.
1254 2487 1318 2533 18)
1352 2486 1535 2521 eea-illarii
1570 2497 1640 2520 vo·-

923 2539 1060 2568 cantur.
1161 2534 1390 2570 classicorum
1418 2537 1544 2582 {apem
1568 2547 1640 2569 nu-

921 2595 1059 2617 merus.-
1084 2594 1121 2617 v.
1148 2583 1191 2617 H.
1220 2584 1236 2617 1
1257 2584 1318 2619 87.

996 2631 1083 2677 Cap.
1112 2633 1168 2666 12.
1225 2633 1393 2667 Suedinam
1430 2632 1641 2666 Clementem

922 2701 970 2707 —
996 2681 1101 2715 duces
1129 2680 1299 2715 dederat:
1328 2682 1375 2716 cf.
1407 2681 1450 2715 H.
1477 2680 1491 2714 1
1517 2680 1577 2714 87.

989 2741 1057 2775 per
1084 2729 1264 2763 licentiam
1298 2729 1445 2763 militum
1479 2730 1639 2762 vinctus.-

919 2778 1056 2812 vinctus
1099 2778 1195 2811 haud
1242 2777 1350 2810 dubie
1396 2782 1450 2811 est
1489 2775 1640 2811 vinculis

920 2832 1099 2861 oneratus.
1151 2826 1211 2859 sic
1237 2837 1268 2859 c.
1295 2826 1343 2860 26
1370 2826 1505 2859 vinctus
1527 2836 1640 2871 prae-

920 2877 1032 2919 fectus
1059 2879 1266 2915 castrorum‚
1293 2884 1375 2906 mox
1396 2885 1472 2907 cum
1490 2876 1640 2919 fratrem

924 2924 997 2956 eius
1027 2944 1072 2949 -—
1100 2921 1294 2955 Othoniani
1317 2923 1524 2966 viaeioeissent,
1550 2923 1637 2957 item

920 2971 1042 3005 vincta
1066 2971 1212 3016 agmina
1239 2970 1305 3005 XV
1331 2970 1403 3016 583
1438 2970 1529 3007 adde
1553 2970 1637 3007 xvi
