1768 3216
170 223 223 261 '16
750 183 1052 254 Hls'rolllARVM

1442 214 1474 238 a.
1500 212 1536 238 u.
1562 201 1648 240 822.

178 356 201 385 a
230 341 425 396 principe.
472 336 644 380 Luxuria
664 333 877 385 industria,
911 329 1104 373 comitate
1125 323 1387 380 adrogantia,
1417 321 1539 364 malis
1570 319 1653 361 bo-

178 418 321 471 nisque
350 415 499 458 artibus
529 412 688 454 mixtus.
747 408 906 450 Nimiae
935 405 1178 459 voluptateS,
1211 404 1302 443 cum
1321 400 1515 441 vacaret:
1545 404 1656 450 quo-

179 491 284 534 tiens
313 489 570 549 erssIRL
611 497 786 540 magnae
815 483 1001 525 virtutes.
1060 478 1193 521 Palam
1224 474 1440 518 laudares:
1491 472 1655 513 secreta

179 566 282 608 male
311 547 540 606 audiebant.
602 559 684 604 Sed
714 558 820 613 apud
850 557 1085 607 subiectos,
1131 551 1237 606 apud
1267 547 1506 605 proximos,
1545 541 1655 599 apud

147 640 358 694 scollegas
388 637 514 680 variis
546 634 764 677 inlecebris
794 636 958 687 potens3
990 633 1030 672 et
1060 628 1125 670 cui
1156 624 1388 680 expeditius
1419 620 1544 665 suerit
1564 622 1657 674 Q-

0 722 65 761 Ltffl
96 695 141 757 2:5¹⁹
180 715 278 762 dere
307 713 518 773 imperium
550 723 667 764 quam
698 709 896 750 obtinere.
957 704 1109 747 Bellum
1140 701 1350 743 Iudaicum
1380 696 1545 740 Flavius
1570 692 1660 736 Ve-

117 774 121 777 -
175 766 313 781 ’‘Nm—f·-
322 769 344 774 a<
393 771 408 774 „-

0 771 164 824 Ψ-ᾸᾸΝ
178 789 391 844 spasianus
421 783 587 840 (ducem
618 797 708 828 eum
737 783 845 826 Nero
877 781 1109 835 delegerat)
1149 777 1279 819 tribus
1309 772 1547 830 legionibus
1577 767 1660 812 ad-

180 863 446 906 ministrabat.
503 862 589 904 Nec
631 859 882 914 Vespasiano
926 856 1124 898 adversus
1178 850 1349 894 Galbam
1399 850 1541 890 votum
1589 847 1660 887 aut

185 940 360 982 animus:
399 937 544 992 quippe
572 936 700 977 Titum
729 934 851 976 filium
882 932 933 975 ad
963 930 1274 974 venerationem
1305 925 1539 978 cultumque
1568 920 1660 964 eius

319 1065 351 1100 5.
378 1063 428 1098 ill.
457 1062 513 1098 Or.

187 1169 375 1215 repositus:
421 1166 462 1201 inv
505 1166 627 1202 eadem
667 1176 705 1200 re
744 1165 882 1199 Tacitus

189 1217 272 1251 alibi
298 1228 461 1262 seponere
488 1221 522 1250 et
550 1215 713 1262 sepositus
737 1214 882 1259 delegit,

188 1270 226 1299 ut
251 1277 280 1300 c.
312 1266 375 1300 13:
411 1266 449 1299 in
485 1263 702 1310 provinciam
743 1263 884 1296 Lusita-

188 1314 283 1348 niam
291 1314 402 1358 specie
410 1313 590 1360 legationis
598 1312 748 1358 seposuit
758 1311 885 1358 (Otho-

192 1373 272 1402 nem
297 1361 434 1409 Nero),·
468 1361 539 1396 46:
573 1367 743 1405 tamquam
766 1361 804 1394 in
827 1361 885 1393 in-

191 1411 300 1445 sulam
338 1415 583 1457 seponeretur3
620 1409 686 1444 88:
724 1409 887 1454 sepositus

193 1458 374 1493 Cornelius
415 1457 599 1493 Dolabella
637 1459 676 1491 in
717 1457 889 1491 coloniam

191 1507 410 1552 Aquinatem.
459 1507 507 1540 IV
533 1506 600 1542 44:
627 1506 718 1540 hunc
743 1505 890 1551 seposuit

191 1555 363 1600 Augustus
386 1554 424 1589 in
444 1556 615 1589 civitatem
627 1553 887 1589 Massiliensem.

192 1603 260 1639 Sed
288 1605 324 1637 in
350 1604 404 1638 his
431 1603 520 1638 locis
546 1603 692 1637 verbum
725 1612 891 1649 seponere

190 1653 371 1686 notionem
405 1651 606 1686 occultandi
639 1656 758 1694 tenet,
800 1661 890 1695 quae

192 1710 268 1733 cum
294 1701 330 1734 in
354 1699 456 1745 loco,
483 1699 526 1734 de
549 1709 617 1744 quo
644 1709 737 1733 nunc
764 1699 887 1743 loqui-

191 1759 289 1791 mur,
337 1748 455 1783 verbis
495 1749 533 1782 in
574 1753 741 1782 secretum
783 1747 889 1781 Asiae

194 1807 359 1840 expressa
397 1798 463 1838 sit,
497 1795 647 1830 Acidalii
687 1797 890 1830 coniectura

194 1843 356 1890 sepositus
389 1845 494 1878 facile
510 1844 757 1892 ¹supersedere
785 1849 890 1889 pote-

195 1894 322 1934 rimus,⁴
366 1892 661 1935 Quemadmodum
705 1892 795 1927 Otho
834 1892 890 1926 le-

198 1942 350 1986 gationis
375 1942 516 1975 nomine
542 1942 577 1974 in
591 1941 813 1984 Lusitaniam,
839 1942 890 1975 sic

197 1990 376 2023 Mucianus
410 1990 445 2023 in
479 1989 621 2033 Lyciam
655 1996 787 2023 amotus
815 1995 889 2023 est:

198 2036 331 2071 Plinius
381 2037 423 2072 N.
468 2037 509 2071 Il.
554 2038 617 2071 ΧΠ
653 2038 693 2072 5.·
738 2039 891 2073 Licinius

200 2084 382 2120 Mucianus
409 2092 460 2120 tei·
486 2086 604 2120 consul
630 2092 661 2120 et
687 2098 892 2132 nuperpro-

198 2135 333 2168 vinciae
359 2135 429 2168 eius
456 2134 620 2180 (Lyciae)
647 2135 789 2181 legatus.

272 2184 423 2228 quotiens
458 2184 675 2229 eoepedierat:
710 2195 754 2218 ex
786 2184 892 2218 verbo

201 2233 361 2275 opposito
389 2243 462 2265 cum
500 2237 643 2266 vacaret
676 2232 891 2278 significatus

202 2279 303 2314 huius
341 2290 432 2314 nove
473 2280 614 2314 admissi
654 2280 892 2327 intelligitur:

203 2330 331 2362 etenim
366 2328 564 2374 expedierat
599 2333 652 2363 est
684 2330 722 2362 in
754 2331 894 2375 expedi-

202 2377 326 2411 tionem
348 2378 450 2412 ierat.
487 2377 546 2411 Bis
572 2377 608 2411 in
627 2377 788 2411 Historiis
805 2378 896 2412 idem

203 2424 269 2458 sibi
294 2426 451 2469 sumpsit,
477 2424 557 2461 188
584 2437 698 2460 secum
724 2428 896 2472 expedire,

202 2472 232 2506 11
257 2473 302 2508 99
328 2474 487 2519 expedire
513 2474 559 2508 ad
585 2474 727 2508 bellum.-
764 2477 799 2508 in
836 2487 897 2509 ce-

205 2522 286 2555 teris
312 2522 475 2566 operibus
511 2522 579 2557 hoc
608 2533 681 2556 non
707 2524 897 2558 invenitur.

261 2571 379 2615 palam
396 2571 581 2606 laudares:
608 2573 713 2606 etiam
735 2570 803 2605 hoc
820 2572 899 2606 loco

203 2618 257 2652 vis
285 2618 442 2653 adverbii
469 2631 513 2654 ex
539 2621 703 2665 opposita
727 2631 818 2654 voce
843 2633 900 2654 se·-

205 2672 300 2700 creta
314 2673 474 2712 apparet3
490 2669 611 2714 palam
625 2669 718 2703 idem
737 2674 790 2703 est
808 2669 902 2714 quod

205 2711 246 2749 ἰἀ
276 2717 470 2763 ἐμφανῶς.

282 2764 399 2798 (lucem
441 2777 516 2799 eum
564 2764 658 2799 Nero
705 2764 902 2810 deleqerat:

210 2809 392 2845 Suetonius
430 2814 576 2859 Vespas.
603 2814 636 2848 4.
737 2826 797 2848 suo
825 2814 900 2848 loco

208 2861 488 2895 memorabimus:
515 2863 557 2896 Η.
584 2862 616 2896 11
650 2864 679 2896 i.
767 2862 904 2906 occulta

210 2907 276 2951 sciti
287 2929 329 2933 —
341 2909 561 2944 credidimus:
579 2910 710 2955 duplex
724 2910 903 2945 obiectum

211 2965 417 3001 suspensum
452 2969 506 2994 ex.
537 2959 645 2994 verbo
685 2960 903 3005 credidimus,

610 1062 643 1097 6.
670 1061 787 1096 iudaei
808 1072 883 1094 cum
908 1058 972 1094 Ma.

1053 1058 1086 1093 7.
1113 1053 1362 1091 ‹immisti-abae
1387 1049 1454 1088 Ma.

947 1162 1098 1197 alterum
1139 1159 1367 1195 accusativus
1407 1151 1660 1198 occuluerant,

949 1212 1098 1246 alterum
1124 1210 1351 1244 accusativus
1379 1216 1458 1240 cum
1482 1202 1662 1238 infinitivo

949 1261 1132 1306 imperium
1158 1259 1366 1293 destinatum
1392 1256 1513 1301 (esse).
1558 1250 1662 1286 stru-

952 1315 1085 1343 cturam
1102 1317 1171 1341 non
1188 1306 1370 1351 perspexit
1391 1303 1453 1349 qui
1474 1303 1510 1337 in
1533 1299 1662 1336 codice

953 1359 980 1393 G
1007 1356 1239 1401 interpolavit
1265 1354 1402 1389 occulta
1428 1351 1503 1398 lege
1531 1349 1611 1396 [ati.

1029 1406 1113 1451 Cap.
1154 1407 1206 1440 11.
1258 1404 1450 1451 Aeqyptum
1477 1399 1663 1446 copiasque

955 1455 1073 1500 quibus
1125 1459 1365 1488 coerceretur:
1429 1447 1665 1484 coercebatur

956 1503 1090 1537 duabus
1115 1502 1320 1549 legionibus
1335 1500 1533 1544 imperante
1554 1495 1664 1530 Tibe-

955 1551 1009 1585 rio
1040 1552 1103 1596 (lV
1132 1552 1187 1596 5),
1231 1552 1378 1596 parique
1417 1556 1564 1582 numero
1585 1558 1589 1562 ·
1609 1544 1666 1579 hin

957 1600 1187 1645 temporibus,
1214 1605 1252 1632 ut
1280 1598 1464 1646 colligitur
1490 1607 1535 1631 ex
1560 1594 1603 1630 H.
1633 1591 1664 1627 ΙῙ

959 1649 1004 1684 76
1034 1661 1051 1682 e
1080 1649 1213 1683 Iudaea
1251 1654 1282 1682 et
1322 1648 1430 1693 Syria
1456 1651 1487 1680 et
1511 1645 1679 1699 Aegypfo'

955 1709 1076 1731 novem
1111 1698 1266 1742 leyiones
1299 1697 1479 1742 inleyraet
1514 1702 1596 1728 nam
1629 1699 1667 1725 m

956 1747 1058 1789 Syria
1084 1750 1251 1790 quattuor
1278 1749 1361 1779 tnnc
1389 1747 1513 1786 erant,
1539 1742 1577 1776 in
1604 1739 1670 1775 lu-

955 1795 1043 1828 daea
1070 1799 1154 1829 tres.
1207 1794 1303 1828 ldem
1333 1793 1402 1828 hoc
1430 1803 1475 1827 ex
1500 1790 1543 1826 Η.
1574 1789 1604 1824 V
1634 1789 1668 1832 1,

955 1843 1027 1877 ubi.
1042 1847 1280 1876 memorantur
1300 1838 1610 1876 ‹laecanius-'mam'
1634 1841 1667 1876 et

956 1892 1101 1925 tertiani
1120 1891 1371 1926 Alexandriam
1393 1888 1550 1931 adducti,
1577 1888 1671 1922 iuste

957 1939 1122 1974 concludi
1148 1941 1286 1985 nequit,
1313 1944 1352 1973 ut
1377 1947 1442 1973 suo
1461 1936 1543 1972 loco
1564 1945 1667 1971 com-

959 1994 1192 2023 monstratum
1218 1994 1282 2023 est.

1025 2038 1246 2084 provinciam
1274 2058 1318 2064 —
1345 2046 1512 2070 annonae
1539 2035 1668 2081 fecun-

959 2086 1038 2120 dam
1064 2108 1107 2113 —-
1134 2087 1225 2121 domi
1250 2087 1426 2121 retinere:
1461 2085 1540 2129 ipsa
1564 2082 1670 2119 ltalia

959 2146 1036 2169 cum
1063 2135 1191 2170 incolis
1218 2136 1365 2169 nimium
1396 2133 1549 2177 referta,
1581 2142 1670 2179 ager

960 2185 1035 2218 eius
1078 2184 1175 2218 villis
1212 2183 1437 2231 magnificis,
1485 2181 1670 2217 immensis

961 2231 1141 2266 hortorum
1159 2234 1296 2278 spatiis,
1312 2232 1461 2267 lacubus
1475 2230 1670 2266 artificiose

962 2283 1125 2325 structis,
1151 2282 1356 2316 nemoribus
1381 2281 1535 2326 aliisque
1560 2278 1670 2314 luxu-

962 2331 1036 2364 riae
1062 2331 1228 2374 operibus
1249 2341 1413 2376 magnam
1438 2333 1575 2374 partem
1604 2338 1672 2362 oe-

966 2384 1111 2422 cupatus
1139 2385 1254 2422 esset,
1289 2378 1476 2424 indigebat
1501 2376 1672 2413 frumenti

967 2427 1069 2471 copia
1105 2439 1148 2461 ex
1175 2428 1254 2464 aliis
1278 2429 1381 2462 terris
1407 2439 1450 2462 ac
1476 2427 1672 2472 praecipue

965 2477 1131 2521 Aegypto
1178 2476 1458 2520 transmittendi,
1513 2475 1559 2510 de
1599 2484 1671 2520 quo

967 2525 1124 2569 queritur
1153 2523 1312 2560 Tiberius
1344 2525 1390 2559 111
1417 2525 1474 2560 54.
1525 2523 1581 2559 Cf.
1608 2521 1673 2558 ΧΠ

967 2573 1025 2607 43.
1053 2573 1094 2607 Η.
1119 2573 1165 2607 111
1189 2574 1212 2609 8
1237 2580 1272 2608 et
1300 2574 1357 2609 48.
1402 2573 1536 2618 Copiae
1561 2573 1674 2620 igitur

970 2631 1013 2654 ex
1038 2622 1202 2667 Aegypto
1223 2622 1416 2667 portandae
1431 2633 1476 2656 ne
1493 2621 1674 2667 seditione

969 2669 1161 2704 domestica
1176 2676 1380 2706 arcerentur
1393 2671 1436 2705 ab
1448 2671 1561 2713 ltalia,
1579 2669 1674 2707 'haec

970 2719 1153 2762 provincia
1177 2725 1251 2753 arto
1286 2720 1435 2765 imperio
1470 2718 1672 2762 tenebatur,

970 2777 1011 2800 ac
1040 2767 1226 2802 tenebatur
1251 2769 1293 2802 ab
1321 2768 1500 2814 equitibus
1537 2765 1672 2802 Roma-

970 2816 1037 2858 nis,
1062 2816 1222 2851 modicae
1245 2817 1429 2863 dignitatis
1456 2815 1672 2859 hominibus,

971 2874 1016 2897 ne
1047 2865 1075 2897 si
1091 2865 1296 2899 consulares
1318 2870 1378 2899 aut
1390 2865 1559 2910 praetorii
1575 2869 1673 2899 tanto

971 2913 1121 2956 imperio
1147 2914 1400 2959 fungerentur,
1427 2913 1463 2947 hi
1489 2913 1677 2958 superbire

972 2971 1013 2995 ac
1033 2963 1252 3008 praescripta
1267 2967 1303 2998 et
1319 2964 1556 2999 reverentiam
1573 2963 1676 3009 prin-
