1768 3216
1538 184 1583 221 ὣ

166 241 238 275 334
755 231 1061 268 fflsTomARvM
1447 244 1480 268 a.
1506 243 1545 267 u.
1572 231 1658 271 823.

168 365 368 410 grumque
398 363 444 393 se
475 362 523 391 ac
551 347 797 402 placabilem
829 347 912 389 filio
931 350 1176 402 praestaret.
1223 347 1314 389 Νοη
1331 347 1539 402 legiones,
1575 359 1661 390 non

169 429 327 471 classes
374 423 547 479 perinde
596 421 710 463 firma
759 422 922 476 imperii
972 422 1222 463 munimenta
1276 433 1398 475 quam
1445 433 1660 465 numerum

1404 470 1571 485 Α

167 503 405 549 liberorum.
464 498 565 539 Nam
599 497 757 538 amieos
804 501 993 550 tempore
1037 497 1227 548 fortuna,
1273 495 1538 561 cupidinibus
1579 495 1661 538 ati-

81 556 111 562 μ’
163 574 326 628 quando
361 575 429 613 aut
460 570 674 612 erroribus
700 570 886 611 imminui
917 571 1137 612 transferri
1168 570 1386 612 desinere.
1418 582 1537 612 suum
1567 570 1661 612 cui-

17 680 29 688 ..
86 684 90 690 ,
105 661 239 708 ⁵que
274 647 519 702 sanguinem
547 646 836 710 indiscretum,
869 646 942 687 sed
976 646 1153 687 maxime
1182 645 1454 699 principibus,
1486 657 1660 700 quorum

2 1276 50 1363 fc

0 1388 48 1430 ΛΓ
70 1420 72 1423 ,

107 1019 348 1074 iobelloque
380 1024 419 1062 et
462 1020 587 1061 armis
628 1032 715 1060 rem
754 1018 959 1072 publicam
1003 1018 1223 1060 attollere:

105 1409 142 1437 ¹5

107 722 369 778 piosperis
401 727 441 764 et
470 721 539 763 alii
571 722 780 774 fruantur,
814 721 990 762 adversa
1023 721 1073 762 ad
1098 721 1380 762 iunctissimos
1411 721 1657 774 pertineant.

123 798 216 840 Ne
252 797 448 839 fratribus
481 796 646 850 quidem
678 807 912 836 mansuram
943 795 1228 847 concordiam,
1262 795 1304 835 ni
1330 807 1482 848 parens
1512 807 1661 837 exem-

155 871 264 925 plum
296 871 570 925 praebuisset.
633 869 917 923 Vespasianus
948 869 1055 910 haud
1090 881 1223 923 acque
1265 869 1502 911 Domitiano
1547 869 1661 911 miti-

155 950 276 1000 gatus
322 958 443 999 quam
484 945 561 986 Titi
603 944 756 998 pietate
795 944 999 998 gaudens,
1048 943 1159 985 bono
1202 956 1297 985 esse
1344 944 1482 985 animo
1527 944 1656 996 iubet,

1272 1018 1352 1060 sibi
1392 1031 1536 1073 pacem
1579 1019 1660 1060 do-

691 1093 790 1134 't‘um
814 1093 1055 1135 celerrimas
1077 1093 1242 1135 navium
1263 1093 1469 1135 frumento
1487 1097 1658 1135 onustas

915 1168 1075 1221 Quippe
1118 1171 1231 1209 tanto
1274 1168 1516 1210 discrimine
1557 1167 1657 1210 urbs

156 1107 350 1148 mumque
383 1106 507 1136 curae
539 1095 643 1136 sore.

157 1181 285 1211 saevo
316 1169 451 1210 adhuc
485 1169 587 1210 mari
622 1169 851 1210 committit.

51 1262 117 1309 Wf
155 1244 324 1285 nutabat
353 1247 396 1284 ut
429 1243 575 1285 decem
607 1243 713 1284 haud
748 1242 920 1296 amplius
951 1242 1110 1284 dierum
1141 1242 1387 1283 frumentum
1419 1241 1461 1282 in
1491 1242 1656 1285 horreis

157 1303 294 1371 suerit,
329 1330 417 1359 cum
451 1329 473 1358 a
505 1318 765 1371 Vespasiano
797 1322 1054 1359 commeatus
1086 1317 1337 1359 subvenere

156 1467 361 1521 equestris
392 1467 551 1508 ordinis
582 1467 731 1519 virum,
765 1466 839 1508 sed
872 1467 1117 1508 auctoritate
1150 1466 1340 1520 famaque
1371 1467 1479 1508 inter
1500 1479 1659 1521 proee-

290 1606 324 1640 2.
352 1604 458 1651 pindo
486 1616 562 1638 cum
588 1616 610 1650 p
639 1604 788 1638 caudato
817 1604 997 1650 (proinde)
1017 1602 1092 1637 Ma:
1120 1603 1147 1637 G
1169 1603 1328 1650 perinde.
1395 1604 1520 1650 impe-ri
1543 1604 1659 1638 moni-

152 1659 269 1687 menta
296 1652 368 1687 Ma:
394 1654 533 1699 imperii
556 1654 771 1687 murzt'menta
798 1653 837 1686 G.
937 1653 972 1687 6.
1001 1652 1052 1685 ali
1078 1651 1142 1686 illa.
1237 1653 1269 1686 7.
1297 1663 1501 1687 mansurum
1527 1651 1601 1687 Ma:
1631 1652 1659 1687 G

152 1702 333 1736 „inrisui-ci.
420 1702 455 1736 8.
484 1702 671 1735 (Ιοοηίιίοηο
700 1701 764 1737 Ma.
841 1702 895 1736 10.
926 1702 957 1735 R.
985 1701 1021 1735 P.
1050 1699 1113 1734 Ma.
1197 1701 1356 1735 attollere
1379 1700 1452 1738 ΜἾι
1481 1701 1658 1736 attolleret

153 1751 180 1785 G
206 1755 242 1784 et
273 1750 346 1784 alii.
452 1752 505 1784 11.
533 1762 615 1785 cure
644 1749 707 1784 Ma.
816 1752 870 1785 12.
899 1761 977 1783 sevo
1006 1748 1072 1784 Ma.
1170 1762 1231 1784 urs
1258 1748 1330 1784 Mn:
1359 1749 1387 1784 G
1415 1749 1511 1785 urbs.
1601 1749 1654 1784 15.

154 1801 310 1844 conserte
337 1797 401 1832 Ma.

293 1393 442 1434 Curam
473 1392 719 1434 restituendi
754 1391 946 1445 Capitolii
976 1392 1017 1432 in
1048 1391 1218 1433 Lucium
1240 1392 1454 1434 Vestinum
1478 1392 1728 1444 consert,53

155 1926 237 1949 men
267 1915 376 1950 futuri
404 1916 574 1959 principis
594 1941 602 1957 ‚
632 1915 690 1959 qui
724 1915 869 1960 generis

152 1963 295 1997 humani
313 1963 466 1997 deliciae
481 1964 602 1997 vocari
619 1964 759 1996 meruit.
788 1963 868 1996 Mox

151 2023 334 2045 waimerum.
377 2012 565 2045 liberorum
610 2011 699 2044 dixit
740 2011 868 2044 bonam

152 2065 288 2103 partem
333 2059 527 2093 liberorum
571 2059 674 2105 (viele
701 2058 866 2106 Kinder).

153 2108 338 2143 Structura
367 2108 475 2142 Titum
503 2128 547 2133 —
575 2118 693 2141 orasse
723 2107 867 2141 diceba-

153 2162 210 2190 tur
235 2156 378 2200 saepius
400 2167 420 2190 a
444 2155 564 2190 Tacito
591 2155 755 2189 admissa.
811 2145 864 2190 Cf.

151 2203 181 2238 Il
210 2204 268 2247 69,
302 2205 350 2238 IV
378 2206 435 2239 57.
481 2204 521 2238 Η.
549 2203 564 2237 I
595 2205 642 2239 50
672 2209 707 2238 et
732 2203 791 2246 90,
818 2204 866 2237 ΙΙΙ

153 2253 225 2295 79,
267 2253 382 2287 Germ.
410 2254 469 2288 33.
531 2253 654 2287 Altera
694 2253 866 2298 iungendi

150 2302 242 2335 ratio
271 2301 284 2335 1
317 2302 384 2336 76:
426 2307 457 2335 et
482 2308 587 2347 pater
625 2302 783 2346 arquisse
810 2301 866 2335 di-

153 2351 308 2384 cebutnr.

221 2404 374 2443 tempore
401 2399 572 2442 fortuna:
604 2397 696 2431 haec
721 2399 866 2432 nomina

150 2446 367 2483 α’συνδὲτως
395 2446 511 2490 posita
539 2445 864 2490 respondentduo-

149 2495 214 2528 bus
242 2494 474 2539 sequentibus
517 2494 648 2528 vocula
688 2501 747 2528 aut
775 2505 864 2528 con-

149 2544 301 2585 iunctm,
341 2542 559 2588 cupidinibus
586 2542 776 2586 aliquando
804 2550 864 2577 aut

149 2569 627 2625 erroribics.1ndiscretum
676 2595 729 2624 est.
771 2592 864 2635 quod

147 2639 298 2674 dissolvi
326 2640 452 2683 nequit
481 2638 812 2687 (anzei-trennltch).

218 2688 301 2722 urbs
327 2688 500 2721 nutabat.-
536 2685 704 2720 audacter
731 2687 774 2720 de
802 2698 864 2720 ur-

147 2735 201 2768 his
230 2747 394 2770 annonae
431 2735 613 2770 laboribus
644 2741 771 2769 nutare
806 2735 864 2769 di-

149 2785 239 2816 citur
256 2811 265 2827 ,
304 2785 436 2830 quippe
464 2795 555 2829 quae
582 2783 625 2817 ad
651 2783 773 2817 ultima
803 2795 863 2818 re-

149 2831 250 2866 dacta
297 2843 436 2866 cursum
479 2838 601 2867 tencre
650 2837 685 2866 et
733 2837 861 2866 statum

149 2890 248 2913 suum
279 2882 369 2914 tueri
398 2882 465 2914 iam
493 2891 563 2914 non
591 2886 725 2925 posset.

247 2928 331 2973 Cap.
363 2929 420 2963 53.
483 2930 629 2963 Lucium
665 2930 862 2963 Vestinum:

150 2973 289 3020 Lipsius
316 2976 467 3012 eundem
506 2988 585 3013 esse
619 2978 731 3013 credit
756 2983 863 3024 atque

941 1913 1040 1947 illum
1070 1914 1129 1959 qui
1158 1914 1191 1947 in
1222 1915 1384 1948 oratione
1413 1913 1553 1948 Claudii
1579 1913 1654 1948 Lu-

942 1962 1117 2007 gdunensi
1147 1963 1277 1996 eximie
1305 1962 1466 1996 laudatur
1487 1965 1541 2008 (v.
1568 1965 1653 1998 tomi

942 2011 972 2043 ll
1002 2021 1082 2056 pag.
1111 2011 1216 2057 318),
1243 2016 1277 2044 et
1304 2010 1408 2044 huius
1435 2010 1559 2054 filium,
1587 2023 1655 2045 cu-

940 2059 994 2092 ius
1020 2058 1145 2092 laudes
1172 2059 1362 2104 ingeniose
1390 2058 1654 2095 celebratMar-

942 2106 1038 2140 tialis
1065 2107 1109 2140 tv
1138 2107 1195 2142 73.

1013 2156 1188 2188 contracti
1213 2156 1438 2202 haruspices:
1479 2167 1540 2190 cur
1564 2167 1651 2191 con-

939 2204 1079 2237 tracti?
1105 2203 1232 2238 Nonne
1250 2204 1384 2238 Romae
1412 2204 1481 2238 hoc
1510 2205 1650 2251 quidem

943 2256 1103 2296 tempore
1163 2253 1345 2298 colleqium
1392 2252 1616 2300 haruspicum
1636 2255 1653 2290 ἰ’

937 2300 1034 2346 Lege
1062 2300 1106 2334 x1
1142 2303 1194 2337 15.
1256 2301 1364 2335 Erant
1396 2312 1482 2336 sane
1518 2303 1651 2337 Romae

937 2349 1165 2394 haruspices,
1201 2350 1264 2384 sed
1296 2349 1348 2384 illi
1382 2350 1531 2384 vestino
1557 2350 1651 2386 haud

935 2397 1103 2431 sufficere
1122 2398 1346 2441 videbantur,
1365 2398 1521 2444 ideoque
1541 2403 1650 2445 quot-

938 2451 1024 2491 quot
1049 2452 1259 2490 supererant
1284 2448 1320 2480 in
1348 2447 1489 2482 Etruria
1505 2474 1514 2490 ‚
1556 2447 1650 2482 unde

937 2496 1040 2540 origo
1057 2494 1162 2527 huius
1178 2495 1401 2539 disciplinae,
1421 2498 1647 2530 convocavit.

1022 2543 1243 2576 undecimum
1292 2542 1464 2577 kalendas
1509 2543 1619 2578 Iulias
1637 2555 1650 2577 .·

935 2601 1027 2634 quae
1058 2590 1141 2624 hinc
1168 2596 1365 2636 sequuntur
1393 2602 1507 2637 usqne
1535 2591 1577 2630 ad
1603 2592 1648 2625 li-

934 2649 1013 2671 nem
1049 2640 1176 2683 capitis
1223 2641 1275 2682 <in
1313 2639 1411 2674 atiud
1446 2641 1646 2688 destinato),

933 2688 1113 2730 pertinent
1140 2688 1182 2721 ad
1215 2689 1526 2734 inaugurationem
1553 2694 1647 2723 tem-

934 2734 1008 2778 pli,
1051 2746 1120 2769 non
1147 2736 1189 2770 ad
1218 2738 1494 2772 restitutionem.
1548 2737 1647 2780 Qua-

932 2789 1077 2827 propter
1103 2786 1137 2818 in
1166 2785 1235 2819 hoc
1253 2787 1400 2831 negotio
1419 2785 1539 2819 nullae
1562 2796 1647 2830 par-

934 2837 986 2865 tes
1026 2833 1188 2876 Vestini,
1242 2834 1304 2867 sed
1343 2833 1502 2868 Helvidii
1535 2833 1645 2868 Prisci

932 2882 1108 2924 praetoris
1136 2882 1273 2916 urbani.
1303 2883 1543 2926 Vespasianus
1561 2888 1646 2918 tunc

933 2930 967 2962 in
995 2930 1116 2963 urbem
1145 2929 1299 2963 nondum
1335 2936 1551 2975 pervenerat
1590 2933 1644 2976 (v.

935 2988 1011 3023 cap.
1039 2978 1224 3026 81--82)‚
1264 2979 1327 3014 sed
1354 2978 1538 3026 aliquanto
1562 2983 1647 3025 post
1699 3016 1705 3019 ,
