1768 3216
113 250 200 288 2⁷58.
227 252 287 289 ⁷o.
583 252 719 288 LIBER
742 253 806 289 1v.
858 253 946 290 Cn.
972 255 1130 292 ⁷1—72.
1538 260 1612 294 ³37

111 374 328 413 cumvecta
359 370 646 413 nobilissimos
674 370 911 426 Belgarum,
944 373 987 414 in
1018 374 1110 427 quis
1141 373 1290 416 ducem
1330 375 1608 430 Valentinum,

40 443 234 500 weepit.
294 446 471 487 Cerialis
507 450 676 500 postero
712 446 782 487 die
827 446 1035 488 coloniam
1076 447 1345 491 Trevirorum
1391 450 1609 506 ingressus

42 552 75 583 ⁸.
109 524 188 572 est,
219 520 504 584 ανίἕῌιῃῌῇῐθ
529 520 971 581 οωονῐγι-ᾀῗειῗο01νίῐειῑίε.
1017 522 1134 564 Hanc
1165 536 1260 565 esse
1281 524 1471 578 Classici,
1500 526 1609 567 hanc
1641 533 1730 590 (ζει,
1752 567 1761 573 ,

8 580 63 623 ·¹'
106 595 272 637 Tutoris
297 595 498 649 patriam3
542 595 687 636 horum
729 588 894 637 scelere
920 590 1108 638 'clausas
1141 610 1373 653 caesasque
1400 599 1608 654 legiones.
1645 591 1666 609 '²'

0 655 24 695 Ἀ
107 669 214 720 Quid
245 674 400 712 tantum
435 670 682 712 Cremonam
716 671 934 723 meruisse,
968 684 1089 725 quam
1117 684 1141 713 e
1169 674 1332 727 gremio
1364 674 1507 716 ltaliae
1534 684 1641 717 rai-⁵

105 748 230 799 ptam,
261 745 357 798 quia
385 746 510 786 unius
536 746 674 787 noctis
705 757 862 787 moram
887 746 1120 787 victoribus
1154 747 1368 788 attulerit?
1419 748 1539 790 Stare
1566 750 1609 790 in

97 819 289 861 confinio
335 819 586 861 Germaniae
628 820 833 874 integram
881 820 1026 862 sedem
1075 821 1220 874 spoliis
1264 822 1521 863 exercituum
1570 827 1611 864 et

106 894 258 936 ducum
287 894 487 936 caedibus
517 899 724 936 ovantem.
772 894 1478 955 RedigereturlpragldaVintiscum:
1508 896 1609 950 ipsis

106 968 303 1012 sufficere
332 969 455 1023 ignes
487 972 527 1009 et
556 968 726 1010 rebellis
758 952 1142 1021 colofflinas,
1170 953 1318 1023 quibus
1351 953 1411 1011 tot
1442 974 1610 1011 castro-
1745 1015 1751 1028 Ι

103 1055 193 1085 rum
225 1043 391 1084 excidia
421 1047 711 1108 penlsarentur.
760 1042 936 1084 Cerialis
967 1056 990 1084 a
1021 1048 1132 1085 metu
1148 1044 1362 1097 infamiae,
1383 1046 1420 1086 si
1439 1033 1747 1088 licentiams‘u'

104 1118 364 1171 saevitiaque
388 1116 577 1158 imbuere
609 1117 779 1158 militem
811 1118 1073 1171 crederetur,
1105 1119 1260 1172 pressit
1291 1119 1389 1160 iras.
1452 1120 1502 1161 Et
1529 1133 1610 1174 pa-
1691 1073 1768 1157 {m

103 1204 244 1246 ruere,
269 1193 407 1247 posito
439 1192 589 1233 civium
620 1192 732 1233 bello
765 1192 815 1234 ad
850 1197 1023 1234 externa
1050 1193 1345 1235 modestiores.
1392 1195 1609 1237 Convertit

104 1267 203 1310 inde
231 1268 395 1310 animos
428 1268 654 1309 accitarum
687 1280 710 1308 e
740 1267 1069 1309 Mediomatricis
1100 1268 1316 1322 legionum
1355 1269 1608 1311 miserabilis

104 1346 311 1396 aspectus.
362 1342 529 1384 Stabant
561 1341 822 1383 conscientia
853 1341 999 1396 flagitii
1030 1346 1230 1394 maestae,
1262 1342 1355 1384 fixis
1388 1343 1607 1384 interram

103 1416 251 1459 oculis.
309 1416 428 1458 Nulla
460 1418 570 1457 inter
604 1419 806 1457 coeuntes
852 1416 1063 1457 exercitus
1111 1416 1403 1458 consalutatio.
1464 1417 1661 1470 Nequens

102 1491 333 1533 solantibus
363 1491 679 1532 hortantibusve
708 1502 913 1544 responsa
946 1490 1113 1542 dabant,
1164 1490 1294 1532 abditi
1319 1503 1396 1544 per
1426 1491 1607 1532 tentoria

103 1570 145 1607 et
173 1565 311 1607 lucem
339 1566 470 1620 ipsam
502 1565 695 1606 vitantes.
756 1565 843 1606 Nec
884 1565 1061 1618 perinde
1101 1564 1330 1618 periculum
1369 1569 1438 1606 aut
1474 1570 1607 1607 metus

103 1652 224 1694 quam
254 1640 390 1694 pudor
419 1652 468 1680 ac
496 1639 682 1680 dedecus
713 1639 1064 1692 obstupefecerat,
1096 1639 1281 1679 attonitis
1311 1640 1434 1680 etiam
1467 1640 1608 1680 victo-

101 1715 231 1767 ribus,
264 1715 333 1768 qui
362 1726 511 1756 vocem
542 1726 776 1767 precesque
821 1713 1023 1754 adhibere
1064 1725 1149 1754 non
1190 1714 1279 1755 ausi
1326 1713 1510 1755 lacrimis
1557 1727 1606 1756 ac

102 1790 268 1832 silentio
299 1790 464 1831 veniam
498 1776 765 1842 poscebant,
798 1789 935 1829 donec
984 1788 1159 1830 Cerialis
1193 1789 1396 1830 mulceret
1426 1789 1661 1842 animos,20

101 1865 187 1906 sato
218 1868 309 1906 acta
339 1863 532 1905 dictitans
557 1875 664 1917 quae
687 1863 858 1904 militum
879 1863 1113 1916 ducumque
1134 1863 1347 1905 discordia
1368 1863 1436 1904 vel
1459 1863 1607 1906 fraude

0 515 35 546 'v

234 1998 271 2031 4.
301 2007 370 2029 ces.
398 1994 463 2029 Ma.
536 1995 572 2030 8.
599 1996 725 2030 ducum
751 1996 802 2029 G:
829 1993 884 2029 Ma
910 2007 998 2028 eum.
1077 1996 1133 2029 11.
1160 1995 1262 2028 seuit.
1290 1993 1356 2028 Ma.
1444 1995 1515 2029 inb.
1540 1994 1606 2029 Ma.

103 2047 159 2081 15.
187 2044 396 2079 consultatio
409 2042 483 2078 ³1⁸:
510 2044 742 2079 consalutatio
755 2043 794 2077 G.
850 2044 905 2078 17.
934 2044 1041 2087 piade
1067 2054 1148 2077 cum
1171 2055 1195 2088 ρ
1211 2043 1362 2077 caudato
1375 2041 1440 2085 1⁵1³,
1457 2044 1608 2088 proinde

101 2094 151 2128 G:
174 2093 323 2139 perinde
350 2092 559 2127 Beroaldus.
652 2093 707 2128 19.
737 2093 890 2139 facesque
918 2091 983 2126 Ma.
1072 2093 1131 2127 21.
1160 2091 1351 2136 ducumque
1377 2090 1456 2126 Ma:
1484 2092 1609 2126 ducum

35 2187 40 2189 ξ
104 2153 144 2176 ve
171 2143 200 2177 G
226 2147 263 2176 et
287 2140 527 2176 Oxonienses.

101 2252 179 2287 fere
210 2251 331 2297 lapide
374 2262 395 2285 a
426 2251 582 2286 Treviris
617 2252 653 2284 in
691 2251 815 2285 dextra

100 2301 176 2344 ripn
211 2300 365 2334 fluminis
395 2299 580 2334 Mosellae.
640 2299 745 2334 Falsa
771 2299 816 2333 de

101 2348 224 2393 oppidi
250 2349 323 2382 situ
349 2348 503 2392 prodidit
530 2347 672 2391 Lipsius
691 2373 701 2389 ,
730 2358 816 2380 vera

100 2395 303 2431 Danvinius
331 2397 367 2430 in
386 2395 522 2430 Notitia
546 2397 714 2441 antiquae
729 2395 816 2429 Gal-

101 2445 174 2480 liae
200 2456 235 2490 p.
261 2440 345 2481 554.

174 2511 255 2545 dum
287 2510 437 2544 missilia
482 2509 630 2543 hostium
660 2519 813 2554 praece-

102 2561 255 2595 aarum:
283 2559 394 2594 celeri
422 2559 556 2602 impetu
583 2557 619 2591 id
641 2557 812 2602 consequi

102 2610 282 2644 Romanus
317 2608 420 2642 miles
453 2606 641 2649 studebat,
680 2611 717 2638 ut
743 2605 813 2639 ho-

101 2659 208 2692 stium
240 2656 391 2690 missilia
427 2655 610 2688 minimum
644 2655 814 2698 temporis

103 2706 285 2740 toleraret.
339 2704 416 2736 Hoc
452 2713 546 2736 nove
572 2702 714 2735 Tacitus
748 2713 814 2735 ex..

104 2754 234 2799 pressit
283 2751 453 2797 praevehi
511 2750 645 2797 (duran
695 2749 816 2783 corbes·

105 2802 290 2846 hommen).
424 2828 428 2832 .

176 2850 262 2894 Cap.
291 2849 347 2882 72.
385 2848 507 2880 horum
533 2846 664 2880 scelere
693 2867 736 2872 —
763 2846 818 2882 12-

106 2900 253 2944 qianes:
280 2907 314 2930 v.
343 2906 373 2929 c.
402 2896 449 2931 59
474 2906 527 2940 sq.

181 2944 333 2979 cerialis
358 2955 382 2977 a
406 2949 497 2977 metu
512 2943 701 2988 infamiae:
730 2942 764 2976 h.
783 2953 815 2976 e.

107 3004 206 3029 suam
233 2997 396 3027 metuens
411 2992 617 3033 infaiuiam3
646 2991 719 3024 iras
745 3000 816 3024 non

885 2250 929 2284 de
958 2249 1113 2284 Cerialis
1149 2249 1334 2283 iracundia
1371 2250 1503 2282 dictum
1542 2261 1608 2284 ac-

886 2299 989 2342 cipe,
1026 2298 1090 2331 sed
1116 2298 1159 2331 de
1187 2298 1286 2330 iratis
1323 2297 1476 2330 militum
1503 2299 1607 2331 voci-

884 2346 951 2380 bus
993 2346 1205 2390 animisque.
1269 2345 1301 2378 A
1346 2350 1437 2379 metu
1479 2346 1607 2380 valere

882 2400 1029 2440 propter
1054 2399 1181 2427 metum
1206 2393 1341 2434 dicunt,
1372 2404 1414 2427 ac
1439 2403 1527 2427 sane
1542 2394 1608 2427 Li-

885 2444 966 2476 vius
999 2444 1049 2476 ita
1084 2442 1162 2475 fere
1202 2440 1345 2474 admisit
1385 2441 1397 2474 l
1429 2443 1470 2483 1,
1515 2442 1542 2475 V
1570 2443 1605 2484 5,

887 2492 931 2524 vt
957 2493 980 2526 2
1007 2495 1043 2525 et
1065 2493 1101 2531 4,
1128 2489 1241 2523 xxtv
1266 2490 1326 2531 30,
1355 2489 1518 2523 XXXVII
1545 2489 1605 2531 43,

883 2539 940 2573 XL
970 2540 1034 2581 13,
1084 2537 1148 2572 sed
1183 2537 1278 2582 apud
1313 2537 1472 2571 Tacitum
1512 2537 1605 2571 nihil

881 2588 1002 2621 simile
1028 2586 1114 2620 alibi
1140 2587 1331 2630 reperitur.
1374 2586 1601 2630 Quapropter

882 2636 1162 2671 existimaverim
1191 2646 1215 2668 a
1240 2634 1424 2668 residuum
1452 2644 1531 2667 esse
1561 2644 1606 2666 ex

883 2702 931 2737 αὔ
956 2702 1012 2746 (in
1040 2701 1186 2745 antiqua
1225 2702 1399 2743 scriptura
1426 2699 1517 2743 Al),
1564 2696 1599 2730 h.

883 2762 915 2784 e.
951 2755 1078 2783 atatem.

957 2798 1153 2830 accitarum
1189 2807 1207 2828 e
1235 2792 1516 2828 Mediomatricis
1548 2790 1603 2824 le..

885 2847 1047 2891 yiormmt
1072 2844 1118 2876 cf.
1146 2855 1176 2877 c.
1206 2844 1252 2878 7o
1279 2846 1369 2875 extr.
1487 2839 1607 2873 lacri-

886 2896 950 2927 mis
975 2904 1020 2925 ac
1045 2891 1206 2925 silentio.-
1236 2891 1271 2924 Ιι.
1296 2901 1327 2924 0.
1359 2888 1519 2922 lacrimis
1550 2892 1608 2921 ta-

888 2944 958 2975 cite
970 2939 1112 2985 quidem
1130 2938 1193 2972 sed
1214 2936 1482 2972 misericordiae
1502 2936 1608 2981 signo

888 2990 1022 3024 cll'usis.
1053 2987 1122 3021 Res
1148 2986 1276 3021 similis
1303 2986 1344 3020 ll.
1374 2984 1422 3021 lv
1442 2983 1508 3018 46.
