1768 3216
144 243 169 272 ι
194 234 236 271 0.
262 233 322 271 69.
628 235 764 272 LIBER
788 235 818 271 1.
871 233 961 271 Gn.
988 233 1148 271 44-46,
1304 267 1306 270 ,
1597 234 1645 270 51

65 389 69 395 .
134 357 277 410 partes
307 352 482 396 Othonis
513 358 716 408 secutum.
762 354 1018 411 Adiungitur
1046 353 1232 396 Licinius
1259 351 1479 406 Proculus,
1502 351 1648 396 intima

135 429 418 473 familiaritate
449 430 652 484 Othonis,
693 435 913 485 suspectus
960 431 1139 473 consilia
1181 431 1271 473 eius
1312 430 1486 472 fovisse.
1546 428 1649 470 Urbi

135 503 323 547 Flavium
355 505 554 548 Sabinum
582 506 856 560 praefecere,
898 506 1099 548 iudicium
1137 505 1321 549 Neronis
1361 504 1521 558 secuti,
1570 503 1648 547 sub

137 591 220 635 quo
251 580 427 623 eandem
459 593 602 623 curam
626 581 877 635 obtinuerat,
908 582 1122 636 plerisque
1143 580 1448 636 Vespasianum
1478 580 1650 622 fratrem
1701 606 1711 635 t

135 656 180 697 in
211 667 263 698 eo
292 655 632 710 respicientibus.
676 657 924 713 Flagitatum
954 662 998 699 ut
1027 657 1274 699 vacationes
1304 656 1510 711 praestari
1543 667 1649 698 cen-
1662 638 1765 713 eff*

135 730 372 773 turionibus
409 731 560 773 solitae
589 733 915 774 remitterentur.
975 715 1426 787 Νεῐῗιῆῦέᾟῑῖζῆπὶιιε
1458 730 1577 774 miles
1606 734 1652 772 ut
1697 713 1759 762 ‘'27⁴'‘

135 805 332 848 tributum
362 818 543 848 annuum
572 808 796 862 pendebat.
858 808 1012 858 Quarta
1043 819 1142 863 pars
1170 807 1367 861 manipuli
1398 819 1545 861 sparsa
1574 818 1651 861 per

138 885 396 924 commeatus
429 886 498 924 aut
528 882 570 924 in
601 882 703 936 ipsis
735 883 887 926 castris
917 895 1052 938 vaga,
1096 882 1192 924 dum
1223 881 1467 924 mercedem
1498 882 1651 922 centu-

86 948 87 951 ’
135 955 250 997 rioni
279 944 512 1010 exolveret,
545 969 684 1012 neque
714 957 883 1000 modurn
916 957 1060 999 oneris
1093 957 1313 1012 quisquam
1344 967 1483 1010 neque
1513 967 1650 1011 genus

138 1034 333 1085 quaestus
362 1032 706 1102 peQabebat.
747 1032 826 1074 Per
855 1032 1078 1075 latrocinia
1109 1036 1151 1073 et
1180 1035 1322 1086 raptus
1339 1034 1409 1073 aut
1424 1029 1649 1073 servilibus
1663 1034 1768 1078 ¹0&

136 1107 380 1150 ministeriis
419 1107 598 1150 militare
639 1109 767 1150 otium
805 1108 1083 1150 redimebant.
1145 1107 1246 1149 Tum
1293 1105 1649 1162 locupletissimus

138 1182 316 1242 quisque
343 1182 465 1224 miles
506 1182 654 1225 labore
684 1196 734 1225 ac
765 1183 941 1226 saevitia
973 1182 1166 1238 fatigari,
1206 1182 1345 1224 donec
1383 1181 1650 1223 vacationem
1736 1238 1753 1248 ἢ

139 1261 311 1300 emeret.
372 1257 452 1299 Ubi
481 1258 710 1312 sumptibus
743 1258 967 1301 exhaustus
1007 1257 1208 1326 ⁵222le
1238 1258 1410 1312 insuper
1441 1256 1651 1312 elangue-
1677 1249 1760 1291 tw?

137 1335 226 1385 rat,
267 1332 389 1387 inops
419 1344 495 1387 pro
527 1332 739 1387 locuplete
777 1338 818 1375 et
847 1334 963 1376 iners
1000 1345 1077 1388 pro
1109 1337 1281 1375 strenuo
1321 1333 1365 1374 in
1395 1331 1650 1386 manipulum

135 1388 325 1460 redibat3
363 1420 414 1450 ac
450 1419 596 1451 rursus
635 1409 739 1451 alius
771 1413 895 1464 atque
927 1409 1056 1463 alius,
1102 1408 1252 1451 eadem
1291 1411 1482 1464 egestate
1513 1419 1564 1449 ac
1593 1406 1700 1449 li-ts

138 1483 279 1526 centia
309 1485 516 1539 corrupti,
556 1484 608 1526 ad
639 1485 873 1528 seditiones
906 1489 946 1526 et
977 1485 1215 1527 discordias
1263 1488 1304 1526 et
1334 1483 1386 1525 ad
1420 1489 1651 1526 extremum

137 1558 182 1600 in
209 1558 322 1602 bella
353 1559 494 1602 civilia
523 1560 712 1602 ruebant.
775 1560 858 1604 Sed
892 1560 1001 1603 Otho
1034 1573 1088 1602 ne
1118 1559 1235 1615 vulgi
1274 1559 1503 1615 largitione
1544 1571 1652 1602 cen-

274 1686 310 1721 2.
334 1691 496 1732 suspecta
521 1685 594 1721 Ma:
622 1686 650 1721 G
668 1692 856 1733 suspectus.
944 1687 979 1722 3.
1007 1687 1171 1721 sauinum
1193 1683 1258 1720 Ma.
1353 1683 1388 1720 6.
1417 1696 1559 1730 narique
1580 1681 1646 1720 Ma.

140 1734 171 1770 7.
199 1734 391 1780 manipulis
415 1747 503 1781 pars
525 1747 592 1782 per
619 1734 723 1769 Gala:
753 1735 908 1769 correxit
933 1734 1104 1770 Pichena.
1192 1736 1247 1768 12.
1277 1746 1346 1768 sev.
1376 1733 1441 1767 illa.
1525 1745 1571 1768 va
1594 1734 1649 1777 (in

137 1793 265 1818 versus
295 1781 383 1829 fine)
409 1785 539 1818 tionem
563 1782 646 1818 Ma:
676 1783 704 1818 G
726 1784 963 1818 uacationem.
1018 1785 1074 1819 17.
1099 1784 1139 1817 in
1165 1782 1258 1817 bella
1283 1782 1474 1817 Heinsius:
1503 1782 1649 1817 codices

139 1832 259 1867 betta..
317 1831 414 1878 volqi
439 1831 498 1867 Or.

137 1943 258 1975 mans,
291 1942 384 1978 quae
412 1934 570 1978 futurum
597 1933 675 1967 eius
709 1933 856 1968 exitium

138 1982 362 2026 promittunt.
400 1981 535 2016 Eadem
565 1992 634 2027 qua
659 1980 752 2016 Otho
780 1988 858 2017 arte

137 2040 223 2064 usus
251 2034 306 2064 est
319 2030 504 2075 Vitellius,
529 2035 568 2064 ut
597 2035 678 2076 post
705 2031 858 2065 relatum

138 2078 294 2125 legimus
321 2090 352 2114 e.
380 2079 440 2114 58.

175 2141 177 2143 ·
216 2126 302 2172 Cap.
331 2127 392 2163 46.
443 2134 481 2163 ut
507 2129 714 2164 vacationes
747 2141 858 2176 prae-

114 2188 121 2195 ³
138 2177 231 2210 stari
255 2177 517 2211 centurionibus
547 2177 673 2212 solitae
698 2179 858 2213 remitte-

137 2230 286 2259 rentur.-
312 2226 350 2259 in
375 2227 456 2260 unis
472 2226 651 2269 Historiis,
680 2227 749 2261 hoc
775 2227 857 2261 loeo

139 2277 176 2307 et
199 2273 294 2308 infra
323 2285 354 2308 c.
373 2274 420 2309 58
448 2277 654 2309 vacationes
680 2286 744 2320 pro
771 2286 858 2320 pre-

137 2323 189 2355 tio
214 2323 443 2357 vacationum
469 2323 572 2357 dixit.
595 2324 651 2358 De
678 2334 721 2358 eo
746 2334 858 2359 onere

926 1931 1102 1976 tinebant,
1130 1931 1333 1978 locupletes
1370 1933 1533 1968 fortunas
1565 1943 1647 1969 suas

927 1981 1158 2016 effundebant
1184 1987 1220 2016 et
1246 1981 1430 2017 effundere
1462 1982 1647 2029 cogeban-

926 2035 983 2064 tur
999 2041 1019 2064 a
1046 2031 1318 2065 centurionibus
1332 2032 1543 2066 vacationes
1564 2043 1647 2066 mu-

926 2090 1051 2114 nerum
1072 2080 1276 2124 importune
1303 2081 1552 2115 offerentibus.

1002 2129 1042 2162 in
1067 2128 1161 2162 bella
1178 2129 1320 2163 cicilia.-
1345 2131 1383 2163 in
1395 2129 1543 2164 Heinsio
1559 2139 1647 2163 sua-

927 2177 1035 2211 dente
1075 2177 1219 2221 addidi,
1274 2177 1464 2213 Bekkerus
1508 2183 1544 2212 et
1585 2178 1647 2212 alii

926 2227 1234 2270 praepositionem
1277 2227 1369 2261 duce
1412 2227 1466 2261 llla
1509 2227 1646 2261 omise-

926 2279 1020 2308 runt.
1049 2275 1118 2309 Sed
1145 2276 1308 2321 quamvis
1335 2276 1557 2319 praepositio
1584 2286 1647 2309 se-

926 2322 999 2356 mel
1018 2324 1135 2366 posita
1154 2329 1237 2358 ante
1255 2324 1401 2357 nomina
1418 2323 1647 2368 subsequen-

137 2369 320 2405 invidioso
379 2377 577 2416 queruntur
640 2372 773 2407 milites
820 2374 860 2406 in

137 2418 323 2454 Pannonia
349 2418 493 2454 Tiberio
518 2421 683 2465 principe
710 2420 744 2466 (Ι
774 2421 857 2468 17):

138 2467 223 2501 hine
246 2467 369 2513 (denis
394 2469 432 2502 in
461 2468 558 2504 diem
587 2469 746 2516 assibus)
773 2481 858 2504 sae-

137 2515 260 2550 vitiam
291 2517 536 2552 centurionum
578 2524 611 2552 et
652 2519 858 2553 vacationes

137 2576 320 2600 munerum
345 2565 482 2600 redimi.
530 2566 633 2600 Adde
660 2568 672 2600 1
699 2568 766 2602 35:
796 2568 858 2601 in-

139 2613 301 2648 discretis
322 2614 463 2649 vocilms
485 2617 603 2660 pretia
618 2616 856 2659 vacationum,

139 2663 322 2708 anynstias
347 2663 513 2708 stipendii
541 2685 588 2691 --
613 2665 789 2698 incusant.

237 2717 307 2745 tum
354 2711 641 2757 locupletissimus
692 2713 856 2757 quisque:

141 2757 247 2793 aliam
276 2769 417 2794 causam
443 2760 607 2806 adiungit
634 2765 669 2794 et
695 2761 856 2804 abusum,

141 2814 212 2850 quo
237 2808 283 2842 ad
307 2813 526 2843 commeatus
561 2808 732 2843 emendos
757 2809 858 2843 mili-

139 2858 201 2888 tes
219 2855 503 2901 impellerentur.
566 2857 739 2891 Nimirum
764 2869 858 2903 pau-

140 2912 246 2946 peres
272 2909 311 2938 ut
333 2907 523 2949 pecuniam
544 2907 774 2940 vacationum
790 2917 858 2951 pa-

140 2956 273 2995 rarent,
294 2953 438 2989 interim
460 2955 652 2989 latrocinia
677 2959 713 2989 et
737 2960 858 2999 raptus

141 3001 220 3037 ausi
229 3006 312 3038 sunt
326 3007 387 3038 aut
403 3004 550 3040 servilia
562 3004 763 3040 ministeria
775 3014 858 3041 sus-

926 2372 977 2404 tia
1010 2382 1031 2405 a
1054 2371 1176 2406 Tacito
1204 2371 1398 2417 aliquando
1436 2382 1509 2406 non
1536 2382 1648 2416 repe-

889 2414 892 2418 ’
928 2424 1041 2464 tatur,
1079 2420 1124 2454 de
1156 2430 1226 2466 quo
1259 2421 1393 2455 dictum
1427 2420 1471 2455 ad
1497 2420 1561 2455 XII
1585 2418 1646 2464 24,

926 2479 1023 2503 nunc
1047 2474 1166 2503 tamen
1197 2480 1241 2503 ex
1267 2470 1439 2514 proximis
1475 2470 1524 2504 ad
1549 2469 1647 2504 sedi-

927 2518 1039 2552 tiones
1076 2523 1109 2552 et
1158 2518 1356 2553 discordias
1395 2518 1558 2563 suppleri
1599 2517 1648 2552 ad

925 2576 998 2599 non
1024 2570 1156 2611 potest,
1184 2567 1269 2612 quia
1298 2567 1422 2601 eadem
1457 2567 1647 2611 praeposi-

927 2616 978 2648 tio
1012 2615 1085 2649 alio
1137 2615 1342 2661 significatu
1387 2615 1572 2660 praecedit
1609 2614 1646 2647 in

926 2664 1048 2698 verbis
1082 2663 1130 2698 ad
1164 2670 1368 2698 extremum.
1433 2663 1536 2706 Quod
1565 2673 1646 2696 cum

928 2714 977 2747 ita
1010 2713 1077 2756 sit,
1119 2713 1285 2746 voculam
1322 2713 1387 2755 in,
1435 2723 1526 2756 quae
1566 2711 1645 2744 sine

927 2765 1061 2806 puncto
1090 2762 1126 2794 in
1141 2760 1195 2795 ma
1217 2760 1325 2795 scribi
1353 2760 1447 2793 solet
1463 2764 1565 2801 (τηε
1581 2760 1645 2806 m),

928 2814 1009 2853 post
1037 2815 1228 2843 extremum
1255 2807 1484 2842 intercidisse
1513 2811 1645 2842 statuo.

926 2858 972 2892 Et
999 2859 1134 2904 gratior
1153 2858 1341 2902 magisque
1366 2855 1409 2888 ad
1427 2864 1562 2889 morem
1577 2855 1647 2889 Ta..

929 2907 990 2940 citi
1017 2906 1228 2939 varietatem
1242 2905 1414 2938 sectantis
1433 2903 1514 2947 hoc,
1540 2914 1647 2938 ruere

929 2955 976 2989 ad
1001 2954 1200 2987 seditiones
1228 2957 1264 2987 et
1278 2952 1487 2997 discordiae,
1514 2952 1646 2988 deinde

928 3004 966 3038 in
991 3002 1089 3037 bella
1115 3001 1250 3038 civilia.
