1768 3216
114 189 291 229 aueo.

611 190 749 228 LIBER
773 190 800 228 I.
852 190 942 227 Cn.
968 189 1107 225 8—10.

1579 187 1628 224 1³

106 309 206 355 niae
232 309 428 367 legiones
459 309 614 352 diutius
644 309 738 353 sine
758 308 972 352 consulari
991 308 1126 362 suere,
1158 306 1297 352 donec
1317 307 1451 351 missu
1469 306 1629 352 Galbae

107 385 240 431 Aulus
269 386 460 431 Vitellius
491 386 653 440 aderat,
686 386 880 428 censoris
910 384 1066 428 Vitellii
1097 397 1147 428 ac
1177 387 1243 428 ter
1272 382 1458 427 consulis
1488 383 1628 428 filius:

107 461 152 505 id
182 462 286 505 satis
314 462 552 506 videbatur.
612 461 659 504 In
689 461 933 504 Britannico
965 461 1156 505 exercitu
1184 460 1289 503 nihil
1318 461 1498 505 irarum:
1541 472 1631 504 non

108 549 214 583 sane
242 538 352 582 aliae
380 538 575 594 legiones
604 550 682 593 per
712 550 859 581 omnes
891 538 1075 580 civilium
1106 537 1311 580 bellorum
1341 540 1478 581 motus
1502 537 1632 581 inno-

110 613 272 659 centius
302 618 495 670 egerunt,
526 626 604 658 seu
636 614 732 669 quia
761 613 911 669 procul
942 618 984 657 et
1008 613 1181 656 Oceano
1213 613 1392 668 divisae,
1425 624 1501 657 seu
1531 624 1666 658 cre-⁸

113 688 201 733 bris
231 689 570 745 expeditionibus
614 689 767 733 doctae
806 689 971 733 hostem
1017 689 1155 744 potius
1201 689 1361 732 odisse.
1423 689 1552 740 Quies
1592 693 1634 733 et

110 764 300 822 illyrico,
332 777 582 821 quamquam
613 766 779 808 excitae
811 778 835 808 a
864 764 1037 809 Nerone
1066 765 1275 821 legioneS,
1308 765 1407 808 dum
1437 765 1481 808 in
1516 765 1635 808 ltalia

113 845 376 896 cunctantur,
400 841 648 898 Verginium
678 841 961 898 legationibus
993 842 1196 885 adissent.
1247 841 1331 885 Sed
1361 841 1504 898 longis
1533 854 1635 898 spa-

111 916 183 962 tiis
212 917 388 962 discreti
416 918 643 971 exercitus,
675 917 788 972 quod
819 917 1139 960 saluberrimum
1170 921 1235 961 est
1264 917 1317 961 ad
1337 917 1634 961 continendam
1677 959 1681 962 ,

115 1068 253 1112 adhuc
282 1069 491 1111 immotus.
553 1066 717 1125 Syriam
748 1052 789 1112 et
820 1073 1015 1124 quattuor
1043 1067 1238 1125 legiones
1270 1068 1486 1112 obtinebat
1515 1054 1697 1112 Lici-“⁹⁸

114 1144 210 1188 nius
238 1144 486 1198 Mucianus,
516 1144 584 1188 vir
613 1144 812 1187 secundis
843 1144 1119 1200 adversisque
1150 1144 1264 1187 iuxta
1295 1145 1496 1188 famosus.
1557 1145 1632 1187 ln-

116 1220 263 1277 signes
293 1219 502 1263 amicitias
531 1220 696 1263 iuvenis
728 1221 949 1263 ambitiose
981 1221 1190 1273 coluerat;
1220 1233 1321 1264 mox
1351 1221 1503 1264 attritis
1533 1197 1752 1277 opi-‘saw'

116 1297 219 1351 bus,
260 1295 424 1339 lubrico
454 1300 579 1351 statu,
610 1301 805 1352 suspecta
847 1297 972 1340 etiam
1003 1297 1167 1340 Claudii
1197 1297 1444 1352 iracundia,
1482 1298 1527 1340 in
1557 1309 1633 1341 se-

119 1375 277 1416 cretum
307 1371 439 1416 Asiae
468 1372 679 1429 repositus
710 1377 794 1416 tam
823 1385 955 1429 prope
985 1372 1039 1416 ab
1071 1372 1194 1417 exule
1224 1373 1301 1416 fuit
1331 1386 1454 1429 quam
1484 1378 1632 1430 postea
1647 1384 1688 1416 ιε

255 1513 291 1550 2.
319 1513 365 1549 A.
392 1511 460 1549 1¹¹¹.
515 1514 551 1549 3.
578 1513 795 1549 brittannico
820 1511 887 1548 118.
937 1514 975 1549 4.
1002 1523 1103 1549 omne
1128 1511 1196 1550 Μ’.
1257 1513 1292 1550 7.
1320 1513 1434 1550 excite
1458 1511 1526 1550 Μ’.
1579 1513 1638 1550 11.

119 1562 206 1599 inm.
234 1560 301 1598 w.
379 1564 437 1599 13.
463 1563 617 1598 atteritis
641 1561 710 1598 Ma.

120 1708 256 1744 manici
280 1709 468 1753 exereitus,
488 1710 534 1745 77
553 1711 727 1744 exercitui
755 1710 847 1744 Ger-

121 1758 264 1798 manico
289 1757 572 1803 delenimentum,
591 1759 633 1794 Η.
659 1758 691 1793 11
706 1760 753 1794 w
779 1759 850 1793 eim

129 1806 337 1843 Germanici
360 1808 549 1852 exercitus,
576 1807 623 1843 58
643 1808 850 1842 Germanici

125 1857 302 1892 aeream
325 1858 427 1902 fama
442 1883 452 1899 ‚
481 1857 527 1892 ⁷5
555 1857 763 1891 Germanici
785 1868 850 1890 ex-

124 1906 256 1940 ereitus
282 1905 392 1940 robur
410 1932 420 1949 ,
454 1905 504 1941 80
533 1905 769 1940 Germanicas
794 1905 850 1940 le·-

123 1954 257 2001 9t’ones.
289 1954 332 1990 Η.
360 1954 408 1989 111
434 1956 478 1990 13
508 1955 715 1990 Germanici
741 1967 849 1990 exer-

125 2004 215 2039 citus
233 2002 398 2050 ylariani,
422 2004 471 2039 26
486 2004 718 2040 Germanicus
736 2004 848 2039 miles.

128 2052 326 2088 Germanus
362 2054 545 2088 exercitus
590 2059 673 2088 sunt
711 2053 848 2088 milites

128 2101 399 2146 Germanorum,
426 2102 542 2137 veluti
571 2103 615 2138 Η.
644 2103 726 2138 161
757 2103 852 2137 Ger-

126 2162 314 2186 manorum
338 2152 491 2196 aua-ilia,
518 2152 562 2186 Η.
586 2151 619 2186 Π
646 2153 694 2187 22
718 2152 850 2186 eohor-

129 2206 181 2235 tes
196 2201 467 2246 Germanorum,
481 2201 530 2237 35
543 2201 715 2236 Germani
729 2201 850 2235 nando

125 2248 450 2296 praelabebantur,
500 2249 548 2285 93
591 2251 851 2285 Germanorum

131 2298 382 2344 Gallorumque
410 2318 455 2326 -
483 2309 649 2345 corpora,
678 2300 719 2334 Η.
741 2298 850 2334 11115

129 2348 255 2394 inyem
291 2348 549 2383 Germanum
579 2349 644 2382 vis.
696 2347 851 2382 Perinde

130 2396 238 2431 miles
267 2396 450 2432 Romanus
478 2398 516 2431 in
543 2397 729 2431 Pannonia
752 2397 851 2431 Pan-

130 2445 281 2480 nonem
304 2445 370 2491 (Η.
398 2445 430 2480 ΙΙ
453 2446 490 2490 8,
517 2445 565 2480 111
590 2448 667 2494 24),
701 2446 849 2480 Britan-

131 2495 215 2529 niae
240 2494 347 2529 miles
371 2495 553 2530 Romanus
578 2497 659 2531 sive
681 2495 852 2542 legiona-

130 2544 207 2578 rius
233 2543 464 2579 Britannicus
481 2545 543 2591 (H.
570 2544 587 2578 l
606 2545 631 2580 9
653 2549 690 2580 et
715 2545 775 2589 61,
803 2544 852 2578 ΙΙΙ

132 2594 181 2628 22
208 2596 247 2627 et
271 2594 360 2640 41),
398 2594 559 2628 Moesiae
586 2594 763 2629 Moesicas
788 2593 850 2638 (H.

133 2640 241 2676 1144
265 2645 303 2676 et
328 2642 396 2685 86,
434 2642 482 2676 111
522 2645 562 2678 11
600 2647 637 2677 et
666 2643 752 2689 18),
789 2644 852 2676 lu-

134 2689 247 2724 daffle
276 2690 446 2726 Iudaicus
472 2692 535 2737 (H.
564 2692 579 2726 1
606 2692 674 2735 76,
712 2691 744 2725 ll
770 2691 851 2737 79),

135 2738 262 2782 Syriae
296 2741 469 2785 Syriacus
496 2741 559 2786 (tl.
585 2740 617 2775 11
644 2741 732 2786 80),
760 2739 853 2774 Dal-

135 2788 267 2822 matiae
293 2788 518 2824 Dalmaticus
542 2789 663 2837 (11.ss
689 2789 752 2835 86)
782 2799 852 2823 vo-

138 2838 251 2871 catur.

208 2885 459 2932 animperare
484 2907 527 2913 —
554 2886 739 2932 imperium
765 2899 855 2923 eon-

137 2932 321 2968 veniebat:
357 2934 402 2969 de
431 2936 607 2982 Verginio
634 2936 750 2980 Rufo,
776 2938 855 2972 viro

140 2981 277 3029 insigni
312 2987 353 3018 et
390 2983 490 3020 claro
505 3011 516 3030 ,
556 2990 700 3030 praeter
739 2963 856 3022 Taciti

790 1564 847 1598 15.
873 1573 982 1609 asyae
1010 1561 1076 1598 Ma.

918 1710 1019 1744 locos
1059 1711 1097 1744 in
1140 1708 1263 1744 indice
1300 1713 1445 1744 notatos
1486 1719 1522 1743 v.
1568 1707 1639 1744 Dio

917 1758 1023 1793 LXIII
1051 1757 1100 1794 24
1126 1763 1162 1793 et
1188 1758 1236 1794 25
1272 1762 1308 1793 et
1346 1759 1417 1802 27,
1455 1757 1568 1793 LXIV
1601 1762 1638 1794 4.

918 1806 1213 1842 Plutarch.Galb.
1233 1806 1257 1842 6
1278 1812 1314 1842 et
1333 1808 1388 1844 10.
1416 1806 1509 1843 Ptin.
1522 1806 1641 1853 Epist.

917 1857 948 1891 Π
979 1858 1010 1900 1,
1042 1855 1089 1891 vl
1118 1857 1183 1900 10,
1221 1855 1268 1891 lx
1304 1856 1362 1892 19.
1415 1856 1519 1900 Quod
1552 1866 1638 1891 mox

918 1906 1072 1949 additur,
1089 1905 1302 1952 Verginium
1330 1917 1431 1941 reum
1452 1907 1576 1952 fuisse,
1603 1904 1641 1940 id

918 1966 990 1990 non
1017 1956 1143 1989 stricte
1178 1953 1452 2000 accipiendum,
1497 1955 1561 1990 sed
1595 1955 1641 1990 de

919 2004 1155 2039 clandestinis
1206 2009 1242 2038 et
1292 2005 1403 2038 irritis
1443 2006 1641 2039 amicorum

920 2053 1054 2088 Galbae
1080 2055 1117 2088 in
1136 2053 1351 2100 Verginium
1372 2054 1641 2088 criminationi-

918 2103 984 2137 bus
1012 2108 1048 2137 et
1074 2102 1119 2137 de
1146 2102 1287 2137 honore
1313 2102 1451 2136 homini
1475 2104 1638 2138 meritis-

918 2153 1008 2186 simo
1037 2151 1217 2200 denegato
1254 2150 1535 2198 intelligendum
1570 2156 1638 2187 est.

987 2200 1074 2246 Cap.
1103 2201 1138 2236 9.
1190 2202 1355 2248 superior
1381 2202 1557 2236 exercitus
1582 2201 1638 2235 le-

917 2255 1038 2296 yatam
1064 2250 1306 2284 Hordeonium
1339 2249 1507 2285 Flaccum
1533 2262 1637 2297 sper-

918 2299 1046 2333 nebat:
1092 2309 1173 2333 eum
1199 2309 1264 2344 pro
1293 2299 1470 2345 Verginio
1497 2310 1563 2344 per
1587 2300 1641 2334 si-

919 2348 1156 2383 mulationem
1173 2348 1355 2382 amicitiae
1365 2348 1520 2382 abducto
1530 2348 1642 2383 Galba

921 2397 1133 2432 Germaniae
1159 2399 1357 2442 superioris
1382 2397 1543 2445 legatum
1569 2398 1642 2432 mi-

920 2451 1036 2491 serat3
1064 2458 1100 2481 v.
1128 2446 1222 2481 Plut.
1252 2446 1353 2482 Galb.
1386 2447 1442 2482 10.

990 2496 1104 2530 Aulus
1128 2495 1287 2531 Vitellius
1313 2495 1466 2530 aderat.-
1491 2496 1640 2532 Sueton.

923 2544 1047 2580 Vitell.
1085 2546 1128 2580 7:
1167 2556 1191 2579 a
1231 2545 1346 2580 Galba
1368 2545 1407 2579 in
1432 2546 1642 2591 inferiorem

923 2595 1152 2629 Germaniam
1181 2601 1309 2629 contra
1333 2594 1533 2640 opinionem
1554 2597 1641 2628 mis-

919 2655 977 2677 sus
1004 2649 1065 2678 est.
1116 2642 1287 2677 Additum
1322 2648 1376 2678 est
1415 2643 1454 2677 id
1477 2644 1564 2677 satis
1585 2643 1642 2676 υἰ-

921 2692 1069 2726 debatur
1079 2692 1123 2726 ad
1133 2692 1326 2726 notandam
1339 2692 1539 2726 socordiam
1555 2690 1642 2725 Gal-

920 2741 987 2775 bae
1006 2746 1041 2775 et
1055 2743 1250 2775 amicorum
1267 2742 1453 2775 incuriam.
1500 2739 1643 2785 Quippe

919 2790 1147 2824 nobilitatem
1189 2791 1339 2835 originis
1374 2788 1543 2823 sufficere
1571 2799 1643 2834 pu-

922 2839 1044 2873 tabant
1070 2839 1131 2873 ubi
1159 2841 1294 2872 virtute
1320 2847 1411 2882 opus
1431 2842 1519 2873 erat.
1559 2837 1642 2872 Fri-

925 2893 987 2934 get
1015 2889 1127 2933 Lipsii
1154 2888 1365 2921 coniectura
1403 2886 1441 2920 id
1474 2887 1561 2933 satis
1585 2887 1643 2922 vi-

925 2938 1084 2972 debatur.

1008 2984 1095 3030 Cap.
1133 2985 1190 3021 10.
1241 2985 1281 3020 in
1318 2990 1492 3022 secretum
1529 2984 1641 3022 Asiae

1655 968 1743 1006 “Q

46 1000 103 1041 10
115 993 337 1036 militarem
366 992 517 1047 fidem,
564 1006 644 1036 nec
651 994 801 1057 vitiis
814 1006 907 1049 nec
928 993 1088 1036 viribus
1119 993 1416 1037 miscebantur.
1479 993 1758 1086 Oriensigffi

1638 1046 1768 1192 af}
