1768 3216
136 223 207 259 188
729 214 1040 252 fflsromARvm
1421 224 1454 249 a.
1480 206 1518 248 a.
1539 195 1629 250 ἐπὶ.

138 338 370 381 consulari:
411 337 531 378 trium
571 333 783 389 legionum
821 332 973 387 legati,
1019 343 1143 385 pares
1194 330 1285 372 iure
1335 333 1377 373 et
1416 331 1630 387 prosperis

135 413 286 455 Vitellii
316 413 438 453 rebus
468 407 1036 478 ceffltfflufssflq-.Obseqfflllm’
1070 406 1290 448 adversam
1313 405 1402 448 eius
1422 405 1630 449 fortunam

135 501 187 530 ex
217 499 347 541 aequo
380 466 703 527 detrectabant(
741 466 961 523 In'Xf'rica
991 481 1105 536 legio
1133 480 1413 535 cohortesque
1440 479 1630 523 delectae

134 576 155 603 a
188 561 333 603 Clodio
364 561 529 611 Macro,
561 570 658 600 mox
689 570 709 598 a
740 556 867 598 Galba
900 556 1122 608 dimissae,
1155 567 1298 597 rursus
1329 555 1446 597 iussu
1475 554 1631 598 Vitellii

100 635 315 677 smilitiam
347 647 509 688 cepere.
562 633 688 675 Simul
721 636 860 674 cetera
892 631 1084 672 iuventus
1108 631 1232 673 dabat
1251 631 1428 686 impigre
1445 630 1628 673 nomina«.

130 710 286 763 Quippe
317 710 521 762 integrum
553 707 636 748 illic
668 720 717 749 ac
749 706 1022 748 favorabilem
1052 706 1393 760 proconsulatum
1423 705 1628 759 Vitellius,

129 785 331 827 famosum
378 782 635 835 invisumque
673 780 952 835 Vespasianus
1000 785 1171 835 egerat:
1211 779 1390 834 proinde
1429 779 1538 822 socii
1577 779 1631 823 de

127 858 299 911 imperio
342 857 556 910 utriusque
611 856 914 897 coniectabant.
976 855 1057 898 Sed
1109 855 1437 909 experimentum
1483 858 1629 898 contra

128 932 214 974 suit.
273 932 335 973 Ac
365 932 496 986 primo
527 931 716 974 Valerius
747 931 892 973 Festus
927 931 1089 985 legatus
1127 930 1263 972 studia
1302 929 1698 985 provincialium98

78 1019 221 1051 iocum
251 1007 330 1048 fide
362 1007 488 1057 iuvit3
527 1019 623 1047 mox
653 1006 844 1058 nutabat,
884 1005 1019 1060 palam
1060 1004 1246 1059 epistulis
1286 1005 1518 1060 edictisque
1550 1004 1630 1047 Vi-

128 1081 305 1132 tellium,
348 1081 520 1122 occultis
561 1081 713 1122 nuntiis
744 1079 1045 1134 Vespasianum
1078 1080 1246 1132 fovens,
1295 1079 1472 1133 ethaeo
1499 1079 1624 1123 illave

129 1150 401 1202 defensurus,
443 1154 564 1204 prout
593 1150 876 1191 invaluissent.
936 1149 1197 1203 Deprehensi
1230 1160 1323 1190 cum
1351 1148 1501 1192 litteris
1532 1149 1629 1191 edi-

129 1225 287 1278 ctisque
317 1225 560 1283 Vespasiani
589 1237 663 1278 per
692 1225 878 1266 Raetiam
921 1229 961 1266 et
1001 1223 1154 1265 Gallias
1197 1223 1367 1266 militum
1408 1227 1450 1266 et
1479 1228 1630 1267 centu-

125 1299 287 1340 rionum
319 1299 499 1353 quidam,
533 1299 584 1340 ad
604 1300 809 1341 Vitellium
843 1300 959 1341 missi
992 1303 1218 1341 necantur:
1249 1299 1390 1353 plures
1421 1298 1627 1353 fefellere,

72 1389 110 1418 ιε,
126 1372 205 1414 fide
237 1374 464 1416 amicorum
496 1378 564 1415 aut
593 1378 755 1415 suomet
788 1378 879 1415 astu
912 1374 1121 1415 occultati.
1185 1374 1242 1415 lta
1273 1372 1429 1416 Vitellii
1457 1377 1627 1428 paratus

126 1448 420 1501 noscebantur,
456 1449 701 1502 Vespasiani
727 1449 997 1490 consiliorum
1028 1448 1226 1502 pleraque
1257 1449 1417 1503 ignota,
1450 1448 1627 1503 primum

124 1522 320 1563 socordia
360 1523 533 1573 Vitellii3
580 1523 676 1564 dein
719 1523 983 1564 Pannonicae
1015 1522 1143 1577 Alpes
1174 1522 1400 1577 praesidiis
1439 1523 1629 1565 insessae

123 1596 289 1637 nuntios
320 1596 566 1639 retinebant.
627 1598 740 1638 Mare
773 1609 936 1651 quoque
958 1598 1188 1639 Etesiarum
1221 1596 1319 1638 flatu
1349 1597 1390 1638 in
1413 1595 1627 1640 Orientem

121 1671 409 1726 navigantibus
446 1672 697 1725 secundum,
742 1673 839 1715 inde
871 1673 1090 1715 adversum
1123 1676 1225 1714 erat.
1287 1671 1472 1715 Tandem
1504 1671 1698 1720 inm-99

268 1824 300 1858 5.
328 1824 400 1868 inp.
429 1823 495 1859 Ma.
571 1825 606 1860 6.
634 1826 866 1870 faborabilem
890 1825 954 1860 Ma.
1033 1827 1086 1862 10.
1123 1825 1208 1872 eplis
1238 1837 1318 1861 cum
1345 1825 1408 1861 lin.
1437 1825 1502 1876 Μ’.
1567 1828 1623 1862 12.

123 1871 295 1915 dephensi
320 1871 385 1906 Ma.
489 1874 543 1908 13.
571 1875 697 1908 retiam
723 1874 787 1908 Ma.
894 1875 947 1911 15.
975 1885 1035 1907 suo
1061 1880 1207 1908 mestatu
1232 1873 1305 1908 Ma:
1334 1881 1465 1909 suomet
1491 1881 1570 1910 astu
1595 1875 1627 1910 A

122 1919 302 1953 referente
330 1920 467 1963 Ryckio
497 1926 532 1954 et
558 1933 602 1955 ex
633 1923 840 1956 coniectura
867 1921 1061 1964 Ferrettus‚
1092 1923 1203 1957 ceteri
1230 1929 1362 1957 suomet
1387 1929 1491 1958 statu.
1568 1924 1623 1959 17.

124 1966 205 1999 dein
230 1966 324 2009 GMa,
352 1977 422 2000 non
450 1969 584 2003 deinde.
658 1971 712 2005 18.
741 1971 824 2003 etesi
849 1970 963 2014 [labra
988 1970 1162 2014 aquilonis
1189 1982 1290 2004 oerum
1315 1972 1401 2016 [latu
1415 1971 1495 2006 Ma:
1523 1971 1625 2018 glos-

122 2025 197 2048 sam
223 2015 466 2059 interpositam
493 2016 629 2051 delevit
658 2018 861 2052 Rhenanus.
943 2018 997 2052 19.
1026 2019 1232 2064 inruptione
1258 2017 1324 2053 Ma.

124 2141 218 2175 niam
246 2142 358 2185 rexit3
385 2143 456 2177 vid.
485 2144 527 2177 H.
554 2144 585 2178 11
612 2145 670 2180 65.
799 2147 838 2179 in

123 2190 253 2234 Africa
279 2189 390 2235 legio.-
419 2202 452 2224 v.
481 2192 524 2225 ad
551 2193 591 2227 H.
620 2193 633 2226 Ι
664 2195 718 2227 11.

194 2240 364 2283 famosum
397 2240 609 2285 invisumque
650 2241 837 2287 Vespasia-

906 2146 1107 2180 Etesiarum
1142 2146 1245 2180 flatus
1277 2147 1405 2191 incipit
1443 2157 1464 2180 a
1491 2136 1627 2183 dieff20

907 2196 1038 2276 :iriensis
1064 2194 1145 2229 lulii
1184 2200 1219 2229 et
1251 2195 1352 2229 durat
1388 2194 1625 2242 quadraginta
1680 2216 1687 2221 x

933 2254 997 2277 ies.
1277 2255 1286 2263 ·

123 2298 212 2320 mes.-
251 2287 398 2321 Sueton.
430 2289 536 2332 Vesp.
570 2290 593 2324 4
622 2290 658 2322 in
694 2290 837 2326 diversa

124 2334 217 2368 abit:
248 2336 409 2379 Africam
433 2338 657 2382 inteqerrime
675 2351 742 2373 nec
761 2341 836 2374 sine

122 2393 254 2427 magna
306 2385 506 2428 cliynatione
564 2387 834 2423 administravit.

123 2429 233 2464 Taciti
263 2431 496 2478 Suetoniique
525 2435 739 2469 conciliandi
769 2448 835 2481 pe..

124 2478 275 2512 riculum
307 2480 349 2513 ab
373 2481 538 2515 Ernestio
576 2483 707 2517 factum
744 2485 835 2519 nihil

127 2531 192 2561 est.
234 2526 287 2561 De
305 2529 440 2563 Vitellii
467 2531 720 2574 proconsulatu
747 2544 836 2567 con-

125 2575 435 2611 sentitSuetonius
462 2580 498 2611 in
525 2578 629 2612 huius
656 2581 729 2614 vita
753 2593 783 2615 c.
802 2583 835 2616 5.

193 2625 448 2669 favorabilem:
476 2627 522 2661 cf.
541 2632 661 2661 annot.
680 2628 724 2662 ad
739 2630 836 2664 1136.

180 2671 293 2717 Cap„
310 2673 369 2709 98.
423 2675 581 2710 Valerius
611 2677 748 2711 Festus:
789 2678 834 2712 cf.

126 2718 167 2752 H.
185 2718 237 2753 *lv
264 2721 323 2756 48.

209 2769 246 2801 in
286 2770 462 2805 Orientem
498 2772 744 2817 navigantibus
781 2785 838 2807 se-

127 2816 287 2860 cundum,
314 2819 395 2852 inde
416 2820 597 2854 adversum
611 2827 710 2855 erat.-
731 2820 837 2856 Caes.

127 2862 167 2896 B.
198 2862 275 2898 civ.
307 2865 351 2899 111
383 2869 469 2902 107:
498 2869 569 2913 ipse
596 2871 688 2903 enim
710 2881 837 2904 neces-

125 2911 220 2946 sario
232 2912 360 2948 Etesiis
386 2916 577 2959 tenebatur,
606 2917 836 2963 quiAlexan-

127 2957 207 2992 dria
231 2962 474 3007 navigantibus
494 2971 571 2999 sunt
589 2966 835 3003 adversissimi.

981 2290 1066 2336 Cap.
1096 2292 1152 2327 99.
1199 2292 1392 2326 Caecinam
1418 2303 1462 2326 ac
1494 2291 1626 2327 Valen-

907 2347 973 2374 tem
985 2340 1148 2386 expedire
1174 2341 1222 2374 ad
1237 2340 1363 2375 bellum
1381 2340 1501 2375 iubet:
1529 2340 1627 2386 quod

907 2389 987 2423 libri
1015 2389 1188 2433 praebent
1208 2389 1379 2435 expediri,
1404 2389 1474 2423 hoc
1500 2399 1626 2424 verum

906 2442 1018 2479 esset,
1061 2438 1090 2471 si
1121 2437 1261 2472 Tacitus
1290 2438 1410 2472 dicere
1437 2437 1625 2482 voluisset,

906 2485 1095 2519 Caecinam
1151 2497 1192 2520 ac
1238 2486 1430 2520 Valentem
1475 2489 1626 2531 paratos

905 2534 1006 2567 reddi
1031 2534 1074 2568 ad
1100 2535 1235 2568 bellum
1264 2534 1376 2569 iubet.
1405 2534 1464 2568 Sic
1482 2534 1624 2571 wi:

907 2583 1064 2627 expediri
1089 2589 1206 2617 tamen
1230 2584 1353 2625 itineri
1387 2581 1528 2628 singula
1555 2583 1625 2617 mi-

907 2631 957 2663 lia
991 2642 1034 2664 ex
1066 2632 1173 2665 tribus
1216 2630 1410 2676 legionibus
1441 2652 1479 2658 -
1506 2632 1622 2667 iussit.

911 2680 1041 2713 Verum
1078 2691 1173 2714 nunc
1212 2680 1381 2715 Vitellius
1417 2685 1625 2724 praesentes

909 2728 1099 2761 Caecinam
1126 2734 1161 2762 et
1191 2729 1377 2763 Valentem
1404 2727 1448 2762 ad
1473 2729 1626 2773 expedi-

908 2776 1042 2809 tionem
1078 2777 1342 2821 suscipiendam
1371 2776 1550 2820 hortatur,
1587 2777 1623 2812 h.

910 2835 940 2858 e.
970 2824 1046 2858 vult
1077 2830 1114 2858 ut
1140 2826 1209 2870 ipsi
1240 2825 1427 2870 expediant
1453 2826 1531 2859 sive
1557 2836 1625 2860 ex-

908 2872 1126 2916 peditionem
1155 2874 1364 2918 suscipiant,
1391 2883 1463 2906 non
1492 2878 1531 2907 ut
1558 2884 1625 2908 ex-

907 2920 1107 2966 pediantur.
1138 2921 1223 2956 Nam
1251 2920 1491 2967 expediuntur
1515 2931 1624 2964 arma,

910 2969 1150 3014 expediuntur
1184 2970 1292 3004 etiam
1331 2969 1465 3005 milites
1498 2974 1535 3004 et
1567 2969 1625 3005 le-‘
