1768 3216
92 2176 113 2227 l

102 2230 107 2263 ,9
143 2231 225 2265 betta·
254 2231 464 2264 commercia
483 2229 617 2263 Turnus
640 2227 777 2262 sustulit
793 2228 861 2261 ista

100 2275 105 2284 ι

131 233 220 270 ⁸20.
247 233 323 273 69„
590 231 726 267 LIBER
749 230 811 266 111.
864 229 951 266 Car.
979 229 1137 266 80—82.
1558 230 1632 265 273

133 350 187 393 ad
236 351 477 392 contionem
522 350 716 405 legiones
760 348 979 404 mitigare,
1025 352 1070 389 ut
1114 346 1264 389 castris
1311 346 1426 405 iuxta
1466 349 1636 400 pontem

131 424 329 467 Mulvium
370 426 519 479 positis
562 428 732 479 postera
783 423 852 465 die
897 423 1043 465 urbem
1094 421 1429 476 ingrederentur.
1513 420 1635 463 Ratio

134 499 371 552 cunctandi,
406 512 460 541 ne
477 502 694 553 asperatus
724 497 887 552 proelio
922 497 1041 539 miles
1072 508 1156 538 non
1186 496 1355 550 populo,
1390 507 1476 537 non
1506 506 1636 537 sena-

134 574 222 626 tui,
266 586 322 616 ne
351 573 514 627 templis
545 572 710 627 quidem
742 585 792 613 ac
824 571 1010 613 delubris
1040 571 1213 612 deorum
1241 569 1494 611 consuleret.
1555 560 1638 611 Sed

135 659 301 690 omnem
330 648 608 703 prolationem
638 651 682 689 ut
713 647 923 688 inimicam
953 646 1157 687 victoriae
1199 644 1507 698 suspectabant.
1567 643 1674 685 Si-5

134 723 217 766 mul
247 723 448 778 Fulgentia
476 735 553 777 per
582 722 712 763 colles
739 721 892 763 vexilla
911 753 922 773 ,
972 732 1221 774 quamquam
1253 718 1431 760 imbellis
1460 717 1636 772 populus

133 802 410 852 sequeretur,
460 797 643 850 speciem
689 796 854 837 hostilis
883 796 1093 837 exercitus
1140 795 1343 836 fecerant.
1415 793 1636 846 Tripertito
1688 833 1701 860 r

134 872 303 927 agmine
330 883 456 925 pars,
504 875 547 911 ut
577 869 1061 942 QElaminia
1091 870 1187 921 via,
1234 880 1331 922 pars
1363 868 1475 908 iuxta
1505 867 1639 921 ripam
1676 861 1768 925 W

133 945 294 988 'Piberis
326 946 523 997 incessit3
557 946 722 986 tertium
755 944 904 999 agmen
934 956 1011 998 per
1040 943 1243 986 Salariam
1274 942 1463 984 Collinae
1490 936 1638 995 p’Ortae
1662 913 1768 961 ’Ἀπ’

132 1020 450 1078 propinquabat.
510 1019 630 1061 Plebs
661 1019 839 1061 invectis
871 1019 1077 1072 equitibus
1119 1018 1239 1068 fusa3
1285 1017 1404 1058 miles
1447 1015 1639 1057 Vitellia-
1660 989 1721 1054 ffi‘*
1743 985 1768 1037 Ἰ·

133 1107 213 1137 nus
242 1095 364 1136 trinis
407 1099 449 1136 et
487 1095 578 1148 ipse
614 1094 839 1159 Pl'assffliis
880 1093 1079 1135 occurrit.
1137 1091 1300 1134 Proelia
1350 1095 1445 1133 ante
1493 1090 1639 1132 urbem
1685 1092 1768 1148 (5.st

134 1169 260 1212 multa
291 1173 332 1211 et
361 1169 506 1221 varia,
552 1168 628 1210 sed
677 1168 886 1209 Flavianis
933 1167 1112 1208 consilio
1154 1166 1305 1207 ducum
1332 1164 1640 1218 praestantibus
1708 1148 1712 1151 .

135 1244 302 1298 saepius
330 1255 546 1297 prospera.
605 1243 824 1305 lQntum
870 1240 1096 1302 cothati
1141 1243 1238 1281 sunt
1278 1239 1347 1292 qui
1388 1239 1430 1279 in
1476 1242 1635 1291 partem
1674 1241 1757 1307 Qu}

135 1318 347 1360 sinistram
376 1318 493 1359 urbis
525 1317 576 1358 ad
605 1316 877 1359 Sallustianos
911 1315 1072 1366 hortos,
1104 1326 1180 1368 per
1209 1317 1387 1368 angusta
1418 1316 1458 1354 et
1479 1311 1640 1353 lubrica
1695 1305 1768 1347 lau

135 1392 296 1434 viarum
340 1391 558 1434 flexerant.
602 1391 910 1444 -Superstantes
941 1388 1137 1430 maceriis
1176 1387 1393 1429 hortorum
1432 1385 1643 1427 Vitelliani
1661 1393 1699 1423 ¹⁵

137 1467 188 1508 ad
221 1479 361 1509 serum
390 1478 524 1520 usque
555 1465 667 1507 diem
698 1453 813 1506 sakis
843 1463 1023 1517 pilisque
1054 1462 1280 1504 subeuntes
1312 1460 1527 1511 arcebant,
1561 1459 1643 1501 do-

137 1553 218 1583 nec
248 1541 301 1583 ab
332 1540 566 1594 equitibus,
599 1538 669 1592 qui
697 1541 818 1592 porta
849 1536 1010 1578 Collina
1041 1537 1312 1589 inruperant,
1360 1532 1644 1575 circumveni-

137 1619 296 1658 rentur.
329 1615 594 1657 Concurrere
624 1616 666 1653 et
696 1613 737 1652 in
786 1623 933 1664 campo
964 1610 1113 1652 Martio
1160 1609 1338 1650 infestae
1379 1608 1509 1649 acies.
1567 1606 1645 1647 Pro

138 1689 347 1732 Flavianis
376 1689 541 1731 fortuna
573 1692 615 1728 et
638 1691 757 1741 parta
788 1686 941 1727 totiens
981 1685 1186 1726 victoria:
1234 1682 1444 1725 Vitelliani
1488 1681 1645 1735 despe-

275 1853 310 1888 2.
337 1850 448 1884 malui
472 1848 537 1891 Ma,
562 1847 686 1882 miluia
712 1847 750 1882 G.
781 1846 827 1881 cf.
857 1846 900 1880 ad
930 1845 972 1880 Η.
1003 1847 1024 1880 2
1049 1845 1109 1880 89.
1181 1842 1329 1890 posterii
1352 1841 1418 1877 Ma.

139 1899 205 1936 ΜΕ.
291 1899 326 1935 6.
354 1899 426 1933 inb.
457 1896 521 1931 illa.
610 1897 643 1931 7.
671 1896 845 1942 tripertito
876 1893 951 1929 Ma:
982 1893 1011 1928 G
1040 1894 1230 1939 tripartito.

141 1950 190 1984 ad
212 1950 350 1983 sisteret
377 1947 417 1990 G,
444 1947 605 1980 astiterat
631 1944 861 1979 Puteolanus.
942 1945 997 1977 11.
1020 1953 1116 1989 pres.
1150 1941 1217 1976 ΜΒ.

145 2004 254 2045 prese.
281 1995 348 2032 m.
434 1996 489 2030 13.
515 2005 586 2040 sep.
615 1992 682 2028 Ma.

1494 1843 1530 1877 3.
1555 1841 1646 1888 prel.

1304 1891 1339 1926 8.
1367 1891 1555 1925 adsisterat
1580 1889 1648 1975 ³1¹}

1293 1940 1430 1975 occurit
1454 1938 1520 1974 Ma.

1002 2129 1061 2174 qui
1092 2130 1132 2161 in
1166 2132 1305 2173 partem
1335 2127 1517 2159 sinistram
1553 2123 1652 2159 urbis

1002 2179 1200 2222 flexerant:
1239 2175 1276 2208 hi
1302 2183 1374 2207 non
1401 2178 1484 2207 sunt
1510 2174 1651 2217 equites

931 2225 1050 2259 Petilii
1087 2223 1240 2258 Cerialis
1277 2232 1392 2267 nsque
1426 2222 1470 2255 ad
1498 2221 1652 2255 Fidenas

931 2274 1084 2314 reiecti,
1136 2271 1199 2305 sed
1236 2271 1273 2304 id
1304 2280 1431 2315 agmen
1471 2270 1652 2303 exercitus
1683 2292 1703 2305 ff:

215 2134 388 2180 dirempta
414 2132 496 2166 belli
522 2132 755 2166 commercia.-
788 2130 859 2164 Er-

141 2184 279 2218 nestius
304 2181 578 2226 laudavitVirg.
592 2181 682 2214 Aen.
711 2181 740 2214 Χ
766 2180 858 2215 532:

139 2279 243 2326 prior
265 2279 339 2312 iam
366 2283 435 2311 tam
465 2276 626 2311 Pallante
647 2281 836 2322 perempto.

216 2349 302 2394 Cap.
315 2348 376 2383 82.
403 2349 504 2381 iuxta
513 2352 654 2393 pontem
672 2347 841 2381 Mulvium
851 2358 862 2379 .·

143 2399 188 2433 de
214 2399 293 2432 eius
309 2398 388 2438 -situ
414 2395 461 2430 cf.
491 2395 535 2430 ad
563 2394 642 2429 xlll
665 2395 726 2430 47.

219 2446 316 2492 plebs
354 2445 501 2479 invectis
552 2444 720 2488 equitibus
757 2445 863 2487 fusa:

145 2495 289 2540 plebem
315 2498 398 2528 ante
419 2492 580 2538 pericula
602 2502 790 2536 procacem
806 2493 864 2524 via

145 2543 320 2578 Flaminia
352 2542 558 2587 prorupisse
588 2546 623 2574 et.
654 2542 690 2574 in
716 2540 864 2575 medium

146 2592 355 2635 Vespasiani
382 2600 511 2636 agmen
537 2588 707 2623 incidisse
733 2594 771 2622 ut
799 2599 864 2623 co-

148 2640 304 2685 gitemus
329 2643 450 2673 cetera
475 2637 638 2670 suadent.

221 2688 324 2720 trinis
361 2692 393 2720 et
417 2687 491 2730 ipse
508 2684 711 2729 praesidiis
736 2694 865 2717 ocem·-

148 2735 196 2768 rit
218 2746 231 2768 .·
265 2735 444 2768 exercitus
468 2731 609 2776 oppidis
635 2731 776 2766 tuendis
800 2730 866 2765 de·-

149 2783 271 2817 stinati
297 2793 376 2816 cum
395 2780 506 2826 vulgo
526 2780 710 2824 praesidia
727 2789 866 2814 vocen-

149 2835 229 2873 tur,
280 2832 346 2864 tria
383 2829 690 2874 praetorianorum
724 2829 866 2873 agmina

148 2890 245 2913 nunc
271 2878 341 2912 hoc
365 2879 509 2912 nomine
536 2876 761 2910 denotantur.
810 2874 865 2909 Cf.

149 2929 236 2973 Agr.
272 2928 344 2962 25:
390 2927 499 2960 diviso
533 2931 564 2958 et
604 2925 678 2970 ipse
721 2924 761 2958 in
795 2929 867 2958 tres

146 2982 268 3023 partes
294 2975 452 3010 exercitu
475 2973 628 3009 incessit.

219 3055 343 3085 Tacitus
362 3053 416 3082 111.

932 2322 1094 2355 Flaviani
1121 2319 1215 2364 quod
1236 2331 1302 2364 per
1329 2317 1512 2351 Salariam
1539 2316 1652 2350 Cotti.

933 2381 1003 2403 nae
1016 2374 1141 2414 portae
1154 2366 1426 2413 propinquabat.
1456 2364 1543 2398 Cum
1559 2366 1653 2399 scri-

933 2418 986 2452 bit
1014 2419 1053 2450 in
1085 2421 1223 2462 partem
1257 2416 1462 2456 sinistram,
1502 2423 1565 2447 eos
1590 2423 1652 2451 re,-

933 2467 1039 2511 spicit
1063 2466 1124 2510 qui
1149 2465 1250 2497 iuxta
1273 2465 1388 2509 ripam
1413 2461 1544 2497 Tiberis
1569 2463 1653 2507 qui-

934 2526 1004 2560 que
1035 2515 1096 2548 via
1123 2513 1301 2547 Flaminia
1334 2513 1572 2545 incesserunt.
1621 2510 1654 2544 A

933 2573 1021 2598 vero
1066 2562 1206 2596 aberrat
1241 2560 1426 2595 Beckerus
1468 2557 1650 2592 Euchirid.

933 2614 1055 2658 Antiq.
1076 2611 1178 2645 Rom.
1206 2615 1231 2644 t.
1259 2609 1273 2642 1
1299 2619 1334 2652 p.
1362 2607 1445 2642 585.
1484 2606 1542 2640 Ad
1566 2605 1653 2638 Sat-

934 2661 1104 2695 lustianos
1127 2658 1246 2691 hortos
1275 2655 1527 2699 explicationis
1546 2663 1655 2686 causa

935 2709 1114 2743 additum:
1139 2717 1220 2739 narn
1236 2705 1289 2738 illi
1307 2704 1399 2736 horti
1421 2703 1535 2735 dextri
1554 2704 1654 2734 erant

934 2758 971 2790 in
998 2755 1134 2790 Salaria
1160 2755 1219 2786 via
1239 2752 1385 2785 Romam
1413 2748 1654 2795 ingredienti-

935 2805 1014 2846 bus,
1041 2805 1077 2836 in
1103 2798 1468 2840 convalliQuirinalis
1494 2802 1530 2831 et
1548 2806 1655 2831 mon-

936 2854 982 2885 tis
1010 2851 1145 2891 Pincii3
1180 2848 1226 2882 cf.
1253 2846 1436 2881 Beckerus
1462 2856 1496 2890 p.
1524 2845 1606 2880 583.

1010 2929 1224 2954 concurrere
1250 2923 1283 2952 et
1306 2918 1345 2951 in
1374 2927 1495 2962 campo
1522 2915 1655 2950 Martio

936 2971 1087 3015 infestae
1112 2968 1230 3002 acies.-
1272 2970 1326 3001 est
1352 2975 1482 3012 agmen
1507 2963 1655 2999 Flavia-

1388 3030 1440 3072 18
