1768 3216
100 245 122 270 a
138 233 188 270 784
214 234 274 278 69.
589 234 726 271 LIBER
749 233 811 271 lv.
864 232 952 271 Gn*-
978 232 1112 272 8.·-10,
1525 235 1597 272 201

101 355 326 394 certamen.
387 349 608 413 Praetores
640 350 794 392 aerarii
825 355 942 402 (nam
974 353 1058 391 tum
1090 346 1113 392 a
1146 349 1411 403 praetoribus
1440 351 1602 392 tractam

100 427 221 468 batur
251 417 487 478 aerarium‘j
488 413 714 484 publicam
745 411 1029 479 paupertatem
1059 424 1195 478 questi
1216 423 1383 466 modum
1403 424 1603 478 impensis

101 500 426 555 postulaverant,
473 499 574 541 Eam
603 511 745 541 curam
766 499 912 541 consul
934 499 1179 554 designatus
1202 499 1256 540 ob
1279 493 1603 554 magnitudinem

103 575 246 617 oneris
277 578 318 616 et
345 573 521 615 remedii
553 572 838 614 difficultatem
868 572 1046 627 principi
1076 572 1347 614 reservabat:
1391 568 1606 614 Helvidius

102 648 274 690 arbitrio
304 652 470 690 senatus
501 647 709 702 agendum
740 647 914 689 censuit.
977 647 1075 689 Cum
1106 651 1388 701 perrogarent
1432 651 1638 690 senten-⁵

102 724 180 766 tias
210 723 420 776 consules,
453 723 664 764 Vulcatius
693 721 942 764 Tertullinus
974 722 1162 764 tribunus
1191 721 1325 776 plebis
1355 722 1605 774 intercessit,

103 810 158 839 ne
189 798 286 852 quid
314 806 440 852 super
471 801 582 839 tanta
630 810 678 839 re
716 797 905 851 principe
951 797 1124 839 absente
1169 800 1433 839 statueretur.
1495 790 1610 838 Cen-

107 875 249 914 suerat
277 871 494 913 Helvidius
525 876 569 912 ut
599 870 845 925 Capitolium
874 871 1041 924 publice
1069 871 1374 923 restitueretur,
1396 871 1612 913 adiuvaret

105 945 398 1000 Vespasianus.
449 945 550 987 Eam
582 946 831 987 sententiam
859 945 1192 987 modestissimus
1220 946 1395 999 quisque
1426 939 1609 998 silentio,

11 1020 260 1065 -1odeinde
299 1020 454 1085 ‘'QO
500 1019 753 1062 transmisit:
802 1020 919 1062 suere
959 1019 1028 1074 qui
1070 1024 1111 1062 et
1148 1020 1446 1062 meminissent.
1509 1020 1607 1061 Tum
1625 1034 1664 1062 ιο

106 1096 295 1137 invectus
345 1099 409 1136 est
452 1095 667 1137 Musonius
721 1094 851 1136 Rufus
895 1094 938 1135 in
983 1094 1166 1135 Publium
1208 1094 1421 1146 Celerem,
1465 1107 1487 1136 a
1528 1104 1608 1148 quo

107 1166 280 1212 Baream
331 1170 534 1212 Soranum
587 1169 693 1211 falso
738 1169 979 1211 testimonio
1024 1169 1351 1212 circumventum
1392 1169 1607 1224 arguebat.

109 1231 193 1287 Ea
201 1254 224 1287 c·
194 1215 468 1304 gniii'iiiie
481 1244 681 1286 renovari
713 1244 809 1286 odia
855 1244 1168 1286 accusationum
1197 1244 1461 1286 videbantur.
1528 1244 1609 1286 Sed

111 1319 209 1362 vilis
237 1323 278 1360 et
304 1331 465 1361 nocens
495 1332 594 1361 reus
623 1319 787 1374 protegi
817 1331 899 1361 non
930 1323 1113 1373 poterat:
1147 1320 1298 1373 quippe
1327 1320 1476 1361 Sorani
1507 1327 1611 1361 san-

109 1397 174 1436 cta
206 1395 431 1447 memoria3·
471 1395 592 1436 Celer
621 1395 838 1448 professus
868 1394 1143 1448 sapientiam,
1177 1394 1274 1436 dein
1305 1395 1424 1436 testis
1456 1394 1497 1435 in
1528 1393 1662 1436 Ba-is

108 1481 236 1521 ream,
269 1469 460 1523 proditor
491 1473 793 1523 corruptorque
828 1469 951 1511 amici
971 1473 1012 1510 et
1033 1469 1138 1522 eius,
1161 1469 1277 1510 cuius
1299 1482 1346 1511 se
1369 1469 1610 1523 magistrum
1647 1467 1759 1504 {tim

109 1543 282 1586 ferebat.
327 1544 543 1587 Proximus
577 1545 668 1586 dies
701 1557 854 1586 causae
886 1543 1129 1586 destinatur.
1171 1543 1258 1585 Nec
1290 1548 1370 1586 tam
1376 1543 1611 1658 QMusonius

305 1627 429 1671 Qu
446 1612 552 1675 11?
601 1652 608 1658 .
644 1606 871 1667 μα’ἷψίρ,
910 1615 961 1677 V?
1009 1602 1066 1652 li
1067 1613 1165 1650 -.αἱ
1219 1589 1414 1688 stum&
1556 1615 1599 1662 ,j-
1642 1593 1758 1649 eidi-...2

250 1687 282 1721 2.
320 1697 414 1719 erar
445 1686 510 1720 Ma.
605 1686 762 1731 inpensis
792 1684 872 1719 Ma·
864 1711 872 1718 .
911 1685 938 1718 G
968 1685 1169 1731 impensius.
1202 1705 1204 1709 ν
1270 1685 1304 1719 6.
1339 1613 1521 1719 maleae-ius
1546 1680 1612 1719 Ma.
1639 1673 1728 1714 51¹3*-

115 1733 323 1768 Tertullinus
350 1734 423 1768 M‘1:
449 1741 501 1768 ter
503 1733 633 1768 tutinus
660 1734 699 1768 G.
801 1735 833 1768 7.
872 1734 1031 1767 absentes
1062 1732 1138 1767 Ma:
1175 1732 1203 1766 G
1236 1734 1390 1767 absente.
1473 1734 1525 1768 14
1553 1745 1615 1768 sca
1637 1727 1768 1791 Eas

110 1794 190 1817 cum
218 1783 279 1817 lin.
307 1781 374 1817 Ma.
453 1783 509 1818 16.
538 1783 644 1817 amici
669 1789 701 1817 et
727 1783 800 1817 eius
830 1783 965 1817 editor·
957 1808 965 1816 .
992 1781 1047 1817 llla
1074 1787 1110 1816 et
1140 1783 1251 1816 ceteri
1277 1783 1468 1816 amicitiae.
1731 1826 1734 1827 ⁷

112 1917 260 1952 Suetou.
287 1917 434 1961 vespas.
465 1917 520 1951 15.
621 1916 745 1950 deinde
767 1916 830 1950 ob-

112 1965 215 1999 livio:
261 1975 392 2000 novum
431 1970 485 1999 est
520 1970 555 1998 et
594 1976 711 2000 rarum
739 1965 829 1998 obla·-

111 2014 216 2057 vium,
241 2014 322 2048 dum
349 2013 478 2048 oblivia
508 2015 651 2058 saepius
678 2013 831 2048 admissa

897 1918 977 1960 pius
1014 1915 1059 1950 ml
1093 1925 1216 1950 verum
1261 1917 1416 1950 accessit
1447 1916 1614 1961 Lipsius,

898 1964 1134 1999 coniectando
1160 1965 1267 1998 amici
1295 1971 1327 1998 et
1353 1975 1417 2009 pro
1438 1967 1618 2000 amicitiae

896 2015 1172 2058 monstratisque
1207 2013 1389 2047 Iuvenalis
1428 2013 1492 2060 (ΙΙΙ
1528 2014 1616 2061 116)

111 2067 216 2106 sunt‚·
242 2073 276 2097 v.
304 2062 387 2097 Mar.
419 2063 594 2097 Victorin.
622 2074 656 2107 p.
672 2062 779 2098 2469.

183 2111 268 2156 Cap.
292 2112 346 2147 10.
393 2123 416 2144 a
442 2122 506 2155 quo
532 2112 685 2146 Baream
713 2112 829 2145 Sora-

112 2172 195 2194 num
227 2181 264 2187 ——
294 2160 485 2205 arguebat.-
516 2169 589 2194 rem
616 2160 736 2194 multis
763 2171 829 2194 an-

114 2210 169 2243 nis
195 2213 276 2252 post
301 2209 336 2241 in
351 2208 550 2243 Annalibus
575 2214 749 2243 executus
777 2214 831 2243 est

114 2256 255 2291 Tacitus
280 2256 363 2290 xv!
389 2257 448 2292 32.

186 2305 575 2350 proditor—serebat.-
601 2306 728 2339 vitium
754 2317 832 2339 ma.-

117 2353 284 2387 nifestum
313 2352 495 2387 codicibus
523 2353 689 2386 traditum
724 2354 832 2399 (ami-

117 2402 238 2448 citiae)
270 2402 320 2435 ita
354 2403 445 2435 tueri
473 2401 589 2435 voluit
615 2402 832 2445 Walthems,

118 2454 156 2484 ut
182 2449 292 2485 verba
316 2451 413 2484 cuius
439 2462 475 2484 se
501 2451 706 2495 magistrum
735 2452 834 2495 sere-

119 2499 175 2532 bat
201 2498 408 2545 significent
430 2499 477 2533 ad
496 2510 598 2543 quam
618 2499 834 2533 institutione

119 2558 184 2581 sua
208 2548 348 2581 Sorano
386 2554 566 2581 auctorem
604 2560 640 2582 se
682 2548 835 2582 extitisse

118 2595 264 2640 serebat.
305 2596 455 2630 Secutus
481 2601 535 2630 est
561 2596 730 2630 Orellius.
766 2596 835 2631 Sed

119 2645 198 2689 quis
220 2654 373 2688 unquam
400 2644 489 2677 dixit
513 2645 692 2678 amicitiae
721 2646 836 2690 mafli-

120 2698 229 2725 strum
271 2701 334 2735 pro
374 2698 518 2725 auctore
556 2693 604 2726 ad
647 2693 838 2726 ineundam

122 2739 348 2774 amicitiam?
383 2740 552 2784 Magister
578 2741 757 2775 amicitiae
784 2746 838 2775 est

123 2789 182 2834 qui
209 2788 399 2822 amicitiam
426 2787 555 2822 docet:
582 2799 705 2822 verum
733 2788 839 2823 Celer

122 2847 192 2870 non
232 2837 410 2870 amicitiae
447 2836 509 2870 sed
546 2837 744 2880 sapientiae
772 2837 839 2871 do-

125 2890 259 2919 ctorem
285 2895 324 2919 se
354 2884 477 2918 haberi
504 2885 631 2919 voluit.
660 2884 746 2926 Quis
772 2885 839 2919 de-

124 2935 233 2979 nique
263 2938 502 2978 corruptorem
535 2934 713 2967 amicitiae
745 2934 840 2968 iuste

126 2982 229 3018 nobis
257 2981 488 3028 explicabit?
532 2981 725 3028 Aliquanto
754 2992 840 3028 pro-

898 2062 1030 2105 verbis,
1057 2063 1195 2096 Stoicus
1221 2063 1348 2096 oceidit
1374 2063 1526 2097 Baream
1553 2063 1618 2097 de-

898 2112 991 2146 lator
1017 2112 1167 2145 amicum
1192 2110 1464 2157 discipulumque
1497 2123 1615 2146 senex.

899 2159 968 2194 Sed
995 2161 1030 2194 in
1059 2171 1102 2194 ea
1127 2160 1335 2194 coniectura
1369 2162 1519 2204 primum
1546 2170 1618 2194 nou

899 2209 1035 2253 liquet,
1080 2208 1258 2253 quomodo
1286 2208 1393 2242 Celer
1432 2215 1619 2255 corruptor

901 2258 978 2302 (der
1012 2257 1221 2303 Versuhrer)
1259 2257 1364 2290 amici
1391 2258 1512 2291 vocari
1541 2259 1619 2290 iure

900 2306 1026 2350 possit,
1054 2310 1247 2345 tumnova
1272 2305 1433 2338 oboritur
1458 2305 1620 2339 difficul-

901 2359 953 2387 tas
979 2363 1156 2387 ex*versu
1193 2353 1389 2388 Iuvenalis.
1443 2353 1529 2387 Nam
1559 2354 1620 2398 qui

902 2401 1043 2436 tandem
1073 2401 1236 2436 Iuvenali
1263 2401 1366 2435 licuit
1404 2401 1618 2446 discipulum

905 2450 1043 2484 Celeris
1065 2449 1249 2495 appellare
1263 2450 1425 2493 Baream,
1446 2452 1506 2495 qui
1521 2450 1621 2484 nulla

905 2498 1095 2543 disciplina
1136 2499 1179 2532 ab
1220 2498 1285 2533 ilio
1329 2500 1512 2532 institutus
1547 2504 1619 2541 est,

905 2553 966 2582 aut
993 2549 1237 2592 oppositorum
1257 2549 1438 2581 nominum
1457 2549 1622 2581 iunctura

906 2597 1194 2642 (discipulumque
1211 2600 1332 2635 senex)
1354 2596 1622 2630 adolescentem

907 2645 1097 2690 designare
1125 2655 1203 2678 eum
1232 2645 1292 2690 qui
1312 2644 1474 2678 Celerem
1504 2648 1622 2677 aetate

907 2699 966 2727 aut
993 2693 1183 2738 superabat
1210 2699 1269 2726 aut
1296 2697 1393 2726 certe
1419 2691 1624 2736 aequabat?

906 2741 1080 2775 Nimirum
1114 2741 1285 2785 yrandem
1330 2746 1445 2773 aetate
1483 2740 1624 2773 Tacit-us

907 2789 1056 2823 Baream
1102 2789 1179 2822 xvi
1228 2789 1275 2824 30
1322 2789 1478 2822 vocavit.
1533 2787 1625 2829 Quid

909 2837 1047 2871 multa?
1096 2836 1140 2870 Et
1165 2836 1276 2870 Taciti
1311 2837 1421 2870 verba
1455 2841 1490 2869 et
1514 2835 1625 2870 Iuve-

909 2886 1001 2919 nalis
1045 2885 1245 2918 versiculus
1296 2889 1462 2929 corrupta
1510 2885 1627 2918 adhuc

911 2933 1222 2967 circumferuntur.
1282 2933 1386 2978 Apud
1419 2933 1628 2968 Iuvenalem

910 2982 993 3029 lege
1013 2981 1149 3016 delator
1161 2982 1312 3016 amicum
1331 2981 1628 3029 discipulam-⁷
