1768 3216
141 272 213 306 100
716 256 1028 295 HISTORIARVM
1411 262 1444 287 a.
1472 262 1508 286 u.
1536 250 1620 287 822.

136 352 382 433 improspzrum
405 384 471 428 fuit
499 381 698 427 (37—455.
753 376 839 411 Otho
866 380 1007 422 accepto
1035 373 1156 408 nuntio
1184 370 1297 406 cladis
1333 369 1425 403 mori
1456 368 1620 412 destinat,

139 446 380 489 consiliumque
403 442 519 477 sedato
547 446 626 474 ante
654 437 797 473 tumultu
823 437 965 483 fortiter
991 434 1171 479 exequitur
1209 430 1396 479 (46—49).
1448 428 1623 464 Extrema

139 507 179 541 de
209 505 338 540 Othone
364 504 452 549 (50).

276 565 361 608 Cap.
389 563 431 597 51
441 563 551 596 -72.·
597 559 752 594 Vitellius
784 559 975 603 imperator
1008 561 1040 590 et
1071 557 1139 589 iter
1171 554 1243 587 eius
1277 564 1320 586 ex
1358 549 1552 586 Germania
1577 549 1640 589 ad,

134 625 260 659 urbem.
312 623 354 656 In
377 624 501 666 funere
529 619 672 653 Othonis
699 623 829 652 novata
853 617 995 660 seditio,
1046 615 1229 660 Veryinius
1266 611 1412 646 militum
1449 611 1529 644 irae
1561 611 1623 655 su-

133 683 256 729 yiendo
281 694 316 716 se
341 680 511 716 subtrahit
547 681 635 725 (51).
689 678 823 724 Magna
853 689 939 723 pars
972 681 1132 718 senatus,
1176 675 1354 721 profectus
1384 683 1461 706 cum
1488 670 1624 706 Othone

135 743 180 776 ad
207 741 340 783 bellum,
372 746 558 774 eoetremum
580 738 774 784 periculum
799 737 886 771 adiit
912 736 1098 782 (52-54).
1138 735 1272 768 Romae
1297 731 1389 766 nihil
1413 729 1624 778 trepidatio-

133 804 199 836 nis.
251 802 293 835 In
318 801 453 835 theatro
477 799 621 845 plausus
657 797 813 838 Vitellio,
857 796 972 830 cuncti
1005 795 1227 841 principatus
1260 793 1411 826 honores
1446 793 1487 826 in
1512 791 1625 837 ipsum

135 862 253 897 collati
282 865 371 909 (55).
424 859 563 894 Italiam
588 859 730 893 victoris
758 858 929 891 eaeercitus
956 855 1100 890 licentia
1126 854 1287 888 exhausit
1313 853 1405 899 (56).
1437 861 1447 867 ·
1466 850 1625 887 Vitellius

134 922 300 956 victoriae
326 931 407 954 suae
432 920 568 953 nescius
593 924 629 953 ut
655 918 701 952 ad
725 918 897 962 inteyrum
923 915 1046 950 bellum
1079 915 1217 960 maqnis
1251 913 1360 959 copiis
1386 910 1625 959 proficiscitur

139 984 231 1029 (57).
283 981 443 1026 Luqduni
465 985 602 1026 praesto
628 981 727 1024 fuere
755 978 950 1011 victricium
974 977 1214 1020 victarumque
1249 973 1403 1020 partium
1432 972 1537 1008 duces
1562 971 1626 1015 (58

136 1042 256 1088 -60).
310 1039 498 1082 Mariccus,
526 1052 542 1072 e
566 1038 662 1085 plebe
690 1039 860 1080 Boiorum,
888 1037 1092 1071 seditionem
1115 1046 1179 1082 per
1205 1034 1343 1071 Gallias
1370 1035 1528 1068 excitare
1555 1043 1625 1067 au-

135 1113 192 1136 sus
227 1101 432 1143 interficitur
459 1100 548 1146 (61).
608 1098 735 1132 Vitellii
775 1099 842 1131 iter
879 1097 1021 1131 luxuria
1054 1102 1277 1142 corruptum,
1317 1095 1394 1130 alia
1428 1104 1501 1128 non
1533 1091 1626 1128 male

136 1160 299 1194 ordinata
324 1161 413 1206 (62).
464 1158 648 1192 Dolabella
675 1157 856 1191 calumniis
884 1157 976 1202 apud
1010 1155 1182 1191 Vitellium
1211 1167 1234 1189 a
1260 1157 1376 1200 fratre
1407 1154 1450 1190 L.
1486 1151 1624 1189 Vitellio
1679 1150 1683 1155 ’

131 1220 258 1265 petitus
295 1225 326 1252 et
359 1219 490 1252 occisus
529 1219 715 1264 (63—64).
766 1217 969 1262 Diyressum
1003 1228 1026 1250 a
1060 1216 1230 1262 Luyduno
1274 1214 1448 1251 Vitellium
1483 1211 1628 1250 Cluvius

134 1279 244 1324 Rufus
270 1279 461 1323 assequitur
470 1292 481 1321 ,-
509 1279 579 1312 eius
604 1278 795 1311 auctoritas
821 1277 914 1322 apud
940 1278 1134 1323 principem
1162 1276 1315 1311 validior
1342 1286 1446 1320 quam
1473 1273 1625 1309 delatio-

133 1350 194 1372 nes
220 1338 368 1383 et‘falsa
398 1338 546 1372 crimina
572 1339 665 1383 (65).
708 1337 885 1371 Victarum
908 1338 1064 1383 partium
1089 1338 1182 1371 vires
1209 1337 1358 1371 modeste
1384 1334 1628 1370 distrahuntur

134 1400 330 1446 (66-67).·
370 1399 430 1432 sed
463 1398 555 1444 apud
584 1399 731 1432 victores
764 1403 842 1431 orta
875 1397 997 1431 seditio
1034 1404 1065 1432 et
1097 1397 1188 1431 male
1220 1397 1410 1443 composita
1435 1394 1625 1443 (68-69).

142 1458 294 1494 Vitellius
321 1459 525 1493 Cremonam
550 1459 623 1492 adit
651 1465 681 1492 et
713 1470 852 1504 campos
879 1459 1131 1492 Bedriacenses
1158 1458 1348 1505 (70—71).
1402 1455 1627 1491 Mendacium

135 1519 271 1553 acribus
295 1519 403 1552 initiis
429 1525 591 1564 coeptum,
619 1520 685 1552 cito
712 1519 914 1552 restinctum
943 1520 1035 1565 (72).

269 1578 353 1623 Cap.
381 1579 565 1614 73—101:
601 1579 749 1624 defectio
792 1578 963 1621 Orientis,
1007 1577 1164 1612 Vitellius
1198 1578 1237 1611 in
1267 1577 1341 1611 dies
1379 1578 1621 1624 contemptior.

136 1635 288 1670 Iudaeae
317 1643 424 1671 status
450 1643 481 1671 et
508 1638 645 1683 Syriae,
671 1649 767 1672 mens
794 1639 1009 1672 exercituum
1028 1637 1194 1671 Orientis.
1242 1636 1476 1683 Vespasianus
1501 1628 1627 1671 bellum

133 1707 297 1741 armaque
323 1699 604 1743 circumspectat3
633 1710 720 1742 quae
747 1697 842 1732 laeta
867 1699 944 1744 ipsi,
973 1709 1060 1742 quae
1087 1698 1203 1731 minus
1221 1697 1294 1741 fida
1312 1698 1500 1744 (73-75).
1544 1696 1628 1732 Mu-

136 1757 231 1790 ciani
255 1756 377 1791 bellum
399 1758 573 1791 suadentis
599 1758 645 1791 acl
674 1758 921 1803 Vespasianum
948 1758 1062 1791 oratio
1084 1758 1285 1804 (76-77);
1312 1758 1345 1791 ei
1370 1757 1480 1792 ceteri
1503 1768 1628 1792 assen-

136 1817 277 1850 tiuntur.
330 1817 469 1850 Initium
496 1818 633 1862 serendi
659 1818 704 1852 ad
738 1818 988 1864 Vespasianum
1017 1818 1157 1863 imperii
1178 1816 1424 1851 Alexandriae
1451 1807 1627 1863 coeptum5

137 1882 322 1920 sequuntur
346 1878 479 1921 inqenti
503 1877 687 1911 alacritate
714 1879 821 1923 Syria
845 1884 876 1912 et
903 1878 1058 1921 Iudaea,
1095 1878 1184 1912 Asia
1210 1884 1243 1911 et
1268 1877 1410 1912 Achaia
1437 1878 1625 1925 (78—82).

143 1935 234 1969 Belli
259 1947 357 1978 cura,
381 1936 505 1970 milites
532 1943 563 1970 et
584 1939 734 1983 pecunia
761 1939 893 1972 acriter
919 1939 1125 1983 conquisita,
1155 1938 1345 1973 Mucianus
1371 1938 1540 1973 adversus
1568 1937 1628 1974 Vi-

139 1994 267 2029 tellium
291 2007 365 2029 cum
391 1997 544 2030 eoeercitu
568 1999 687 2031 missus
719 1999 902 2044 (83-84).
957 1998 1215 2033 Accelerantur
1262 1998 1470 2045 Vespasiani
1504 2003 1629 2045 coepta

140 2054 274 2099 Illyrici
301 2057 469 2089 exercitus
500 2056 610 2090 studio
650 2063 680 2090 et
718 2058 862 2092 Antonii
897 2058 1006 2092 Primi
1041 2059 1196 2093 audacia
1221 2059 1410 2105 (85—86).
1471 2057 1629 2093 Vitellius

140 2114 186 2147 ad
209 2114 325 2148 urbem
350 2116 483 2149 accedit
506 2116 682 2150 luccurioso
706 2118 844 2161 itinere,
870 2119 978 2152 milite
1004 2119 1169 2153 adversus
1195 2118 1419 2165 disciplinam
1445 2123 1625 2165 corrupto,

139 2185 210 2207 non
235 2175 308 2207 sine
333 2175 501 2220 sanquine
528 2177 711 2224 (87—88).
766 2178 902 2223 [nyenti
935 2180 1090 2213 exercitu
1126 2180 1276 2214 Romam
1309 2179 1536 2226 ingreditur,·
1571 2189 1630 2214 res

139 2234 276 2279 imperii
300 2234 389 2268 male
419 2235 682 2270 administratae
711 2238 898 2287 (89-92).
960 2239 1114 2273 Vitellius
1138 2240 1246 2273 multa
1273 2239 1428 2282 ducibus,
1457 2238 1536 2285 plus
1560 2239 1629 2273 mi-

140 2293 194 2327 liti
220 2295 384 2340 indzclyet,
412 2296 470 2340 qui
495 2307 618 2342 corpus
644 2298 724 2341 otio,
754 2299 905 2332 animum
932 2298 1073 2333 libidine
1098 2301 1269 2334 imminuit
1289 2301 1476 2347 (93—95).
1507 2298 1632 2334 Nuntii

141 2353 342 2398 defectionis
368 2356 513 2389 Romam
545 2356 694 2402 perlati,
735 2370 757 2391 a
803 2358 938 2393 Vitellio
966 2359 1065 2393 stulte
1092 2352 1335 2404 dissimulati}
1359 2361 1477 2395 excita
1513 2365 1630 2394 tamen

140 2412 277 2445 auxilia
301 2414 486 2461 (96-98).
539 2416 736 2462 Irruptione
761 2418 908 2451 hostium
935 2421 1120 2453 exterritus
1155 2421 1349 2467 imperator
1379 2409 1567 2455 'Valentem
1597 2424 1630 2453 et

144 2470 333 2504 Caecinam
360 2485 432 2505 cum
461 2476 614 2508 exercitu
638 2478 813 2520 proficisci
838 2478 940 2512 iubet.
981 2478 1194 2514 Praemissus
1213 2481 1372 2514 Caecina
1393 2479 1628 2526 proditionem

141 2530 327 2567 meditatur
354 2532 562 2577 (99—101).
962 2530 968 2537 ’

276 2647 466 2688 Struebat
507 2648 587 2689 iam
627 2649 789 2691 fortuna
828 2652 868 2691 in
909 2653 1073 2695 diversa
1115 2660 1230 2708 parte
1272 2660 1475 2697 terrarum
1506 2652 1663 2697 initial

142 2732 370 2774 causasque
400 2721 596 2776 imperio,
630 2723 738 2776 quod
768 2726 883 2766 varia
914 2732 1026 2769 sorte
1058 2729 1208 2771 laetum
1245 2731 1308 2772 rei
1335 2714 1527 2784 publicae
1557 2731 1627 2770 aut

143 2864 197 2896 η.
250 2818 283 2851 2.
301 2818 410 2903 lurgie
437 2824 549 2853 ortum
573 2818 713 2863 abBG,
750 2822 832 2855 uari
855 2823 975 2858 aborte
1000 2825 1030 2859 R
1058 2831 1093 2859 et
1123 2828 1258 2862 Vatic.:
1286 2828 1443 2862 correxit
1470 2826 1628 2872 Lipsius>

184 2875 242 2909 up.
269 2876 301 2900 a
369 2891 376 2899 .

217 2939 301 2994 ijp.
328 2943 361 2996 ·1.
415 2943 579 2989 imperio:
618 2946 704 2981 dicit
729 2951 847 2994 gentis
919 2952 1047 2985 ceteris
1072 2964 1091 2986 a
1117 2964 1156 2987 se
1185 2953 1406 2988 tradendum.

146 2985 290 3021 Flavlae
321 2992 503 3035 imperium
535 2993 589 3028 his
623 2995 722 3030 libris
760 3007 846 3042 prae
985 3012 1189 3047 prosperum
1241 3008 1302 3036 aut
1346 3002 1482 3037 exitio:
1522 3000 1629 3035 exitio
