1768 3216
169 246 217 280 88
588 267 590 269 ·
783 244 1047 280 GERMAMAE

306 363 446 406 Statim
480 375 502 404 e
534 375 709 417 somno,
759 375 879 418 quem
914 363 1231 418 plerumqueiin
1273 362 1383 405 diem
1428 358 1660 418 extrahunt,
1674 370 1731 409 22

172 439 373 491 lavantur,
406 439 572 492 saepius
605 439 754 492 calida,
786 443 830 480 ut
859 438 967 493 apud
1000 450 1103 492 quos
1134 438 1352 492 plurimum
1382 438 1514 481 hiems
1532 450 1663 481 occu-

171 518 253 568 pat.
313 513 428 554 Lauti
461 513 596 555 cibum
629 514 821 568 capiunt:
883 517 1100 568 separatae
1131 513 1307 568 singulis
1345 513 1469 555 sedes
1511 517 1553 554 et
1590 525 1666 557 sua

173 588 323 641 culque
353 599 511 630 mensa.
571 589 670 629 Tum
701 588 753 630 ad
784 588 968 644 negotia,
998 599 1078 628 neo
1098 586 1231 629 mitius
1252 599 1378 642 saepe
1397 587 1450 629 ad
1471 587 1665 630 convivia

141 662 404 717 sprocedunt
435 663 595 704 armati.
656 663 775 704 Diem
807 667 1057 716 noctemque
1090 662 1335 705 continuare
1363 662 1545 716 potando
1565 661 1666 703 nulli

174 738 388 791 probrum.
451 738 651 791 Crebrae,
683 742 727 778 ut
756 738 866 780 inter
893 737 1146 790 vinolentos,
1176 738 1294 779 rixae
1317 749 1415 779 raro
1446 736 1666 790 conviciiS,

172 812 339 865 saepius
373 812 504 854 caede
538 808 578 854 ¹et
609 812 851 854 vulneribus
878 813 1176 868 transiguntur.
1238 812 1321 856 Sed
1353 811 1476 854 etde
1513 823 1670 854 recon-

174 885 366 928 ciliandis
399 887 439 927 in
470 887 607 928 vicem
638 887 818 929 inimicis
852 892 892 928 et
920 887 1142 942 iungendis
1174 886 1450 929 adfinitatibus
1483 889 1523 928 et
1555 886 1669 929 asci-

172 961 341 1002 scendis
373 961 654 1015 principibus,
697 962 749 1004 de
781 974 885 1016 pace
917 962 1096 1016 denique
1127 973 1177 1004 ac
1207 961 1317 1003 bello
1356 962 1598 1016 plerumque
1625 961 1667 1002 in

311 1147 342 1179 1.
379 1151 466 1180 stati
492 1152 559 1180 eim
582 1156 666 1178 sono
694 1144 823 1178 litteris
849 1145 897 1179 im
923 1144 1065 1188 punctis
1092 1144 1292 1177 subnotatis
1320 1148 1355 1178 et
1382 1154 1400 1177 e
1427 1153 1517 1177 corr.
1549 1142 1592 1178 ab
1619 1143 1666 1178 al.

172 1205 217 1228 m.
246 1193 283 1236 P,
310 1193 403 1227 unde
430 1193 490 1227 alii
517 1194 633 1227 statim
664 1205 681 1226 e
705 1204 837 1227 somno.

172 1242 292 1287 piures
320 1241 500 1276 omittunt.

173 1302 238 1342 nus
267 1295 303 1324 et
328 1290 530 1324 Turicensis
559 1295 594 1324 et
624 1289 913 1324 vindobonensis
939 1289 1146 1323 inimicitiis.

172 1446 359 1481 laudantur
389 1445 520 1480 Caesar
546 1446 585 1479 Β.
617 1446 655 1480 G.
683 1445 698 1479 I
723 1447 792 1488 31,
821 1444 884 1479 Ci-

173 1506 255 1530 cero
283 1495 326 1529 de
353 1495 428 1528 lnv.
455 1494 468 1527 Ι
495 1494 562 1537 25,
593 1493 783 1528 Cornelius
810 1493 884 1527 Ne-

172 1554 235 1588 pos
263 1544 298 1576 in
327 1543 452 1577 Dionis
481 1543 555 1576 vita
583 1554 613 1577 c.
631 1544 665 1577 4.
704 1542 776 1576 Iam
806 1543 884 1576 sive

171 1593 326 1637 priorem
349 1591 588 1637 significatum
610 1602 704 1624 nunc
726 1590 883 1624 admise-

172 1642 240 1683 ris,
269 1642 346 1674 sive
373 1640 793 1683 alterumsadiectivum
822 1651 884 1672 co..

171 1691 235 1723 mis
271 1690 429 1733 ineptum
468 1690 547 1723 erit.
607 1688 645 1722 ld
677 1690 737 1733 qui
773 1687 882 1731 dedit,

171 1739 298 1772 victum
323 1737 445 1771 valere
474 1738 669 1771 convictum
687 1736 778 1770 falso
802 1747 885 1770 cre-

173 1786 272 1819 didit.
326 1786 450 1831 ltaque
477 1785 567 1820 haec
587 1812 596 1828 ,
627 1785 661 1819 id
688 1784 780 1830 quod
808 1786 884 1829 pri-

172 1844 249 1868 mus
276 1835 389 1868 suasit
412 1834 596 1868 Ernestius
613 1860 622 1875 ,
667 1844 687 1867 a
715 1833 884 1867 'l‘acitinis

173 1883 396 1929 segreganda
423 1884 557 1917 curavi.
587 1882 674 1916 Nam
697 1886 884 1927 postquam

174 1930 435 1965 Germanorum·
462 1932 498 1964 in
538 1931 696 1975 hospites
738 1931 884 1977 comitas

173 1978 357 2023 praeclare
385 1981 452 2013 iam
481 1980 643 2024 exposita
672 1984 743 2022 est,
772 1980 821 2012 ita
847 1984 885 2012 ut

174 2028 373 2073 legentium
415 2027 530 2061 oculis
584 2028 684 2072 quasi
722 2027 885 2061 subiecta

174 2080 483 2120 repraesentetur,
519 2075 626 2120 plane
655 2075 884 2109 intolerabile

175 2124 316 2158 videtur
361 2124 509 2158 eandem
551 2124 605 2157 his
652 2124 771 2158 verbis
813 2129 884 2157 tam

174 2172 269 2206 nude
305 2172 526 2219 significari,
582 2171 668 2205 licet
703 2171 884 2206 insolitam

174 2222 328 2255 nominis
363 2222 474 2255 victus
507 2221 580 2254 vim
612 2231 683 2254 non
722 2231 884 2266 premere

173 2269 234 2303 vel
261 2280 332 2303 non
361 2280 498 2303 'curare
535 2268 701 2303 velimus.
758 2269 827 2303 Sed
854 2270 883 2303 si

173 2318 300 2351 inertis
336 2317 563 2362 repetitionis
602 2318 737 2351 crimen
763 2317 884 2351 Tacito

174 2367 253 2411 quis
296 2366 387 2399 velit
422 2365 638 2408 obtrudere,
689 2370 808 2400 tamen
844 2377 886 2400 ea

173 2414 282 2448 verba
317 2414 402 2448 huic
438 2415 518 2449 loco
562 2411 707 2449 minime
748 2425 886 2449 conve-

174 2464 287 2497 niunt.
329 2463 415 2496 Nam
458 2474 477 2496 a
504 2462 624 2497 verbis
651 2463 816 2506 abeunti,
857 2465 887 2497 si

174 2511 255 2555 quid
277 2512 494 2556 poposcerit,
523 2522 636 2555 usque
662 2511 705 2545 ad
734 2512 887 2557 acceptis

173 2559 373 2604 obliquatur
402 2561 469 2593 iarn
496 2569 567 2591 non
601 2559 644 2592 de
672 2562 763 2593 comi
794 2560 887 2604 apud

174 2608 368 2642 Germanos
394 2607 571 2652 hospitum
601 2608 788 2650 convictu,
824 2608 886 2641 sed

174 2656 217 2690 de
244 2655 462 2690 liberalitate
494 2666 580 2701 erga
609 2655 769 2700 hospites
796 2656 885 2689 abe-

174 2710 279 2738 untes
309 2709 344 2738 et
370 2705 405 2738 in
441 2704 558 2739 vicem
593 2705 764 2748 poscendi
793 2704 885 2738 faci-

174 2753 275 2787 litate
305 2754 506 2797 cxpositum
533 2757 597 2786 est.
638 2753 787 2787 Accedit
812 2753 886 2799 igi-

173 2806 229 2835 tur
267 2801 368 2835 locus
402 2802 540 2836 alienus
578 2800 621 2835 ad
663 2802 885 2835 convincen-

174 2850 251 2883 dam
288 2850 429 2884 alionae
471 2860 595 2884 manus
634 2851 884 2885 temeritatem.

173 2898 336 2942 Ascripta
362 2903 461 2932 eraut
484 2898 699 2933 haecverba
727 2899 885 2944 antiqui-

174 2949 228 2979 tus
254 2948 289 2981 in
326 2948 486 2993 margine
522 2948 723 2993 perantiqui
759 2948 882 2982 cuius-

175 2991 252 3028 dam
278 2993 372 3039 libri,
401 2999 438 3030 ut
457 3000 705 3042 argumentum
734 2995 834 3032 loci·
825 3007 884 3031 in-

937 1193 970 1226 7.
1002 1188 1318 1237 transfiguntur-*R

575 1241 611 1276 8.
636 1242 788 1275 inuicem
814 1240 850 1275 P.
886 1241 1037 1275 inimicis
1063 1241 1088 1274 P
1115 1252 1194 1274 cum
1222 1240 1424 1286 plerisque:
1450 1239 1667 1275 Arundelia-

1411 1197 1443 1226 et
1470 1191 1496 1225 P
1524 1196 1559 1225 et
1583 1190 1666 1226 atii:

1233 1290 1332 1334 affin.
1359 1288 1396 1323 r.

955 1445 1141 1479 dicarent:
1172 1445 1257 1479 hinc
1283 1456 1303 1479 a
1329 1445 1532 1480 recentiore
1553 1447 1671 1482 scriba

955 1499 1114 1528 extremo
1136 1495 1243 1538 capiti
1259 1494 1439 1538 applicata
1453 1499 1546 1528 sunt.
1577 1495 1669 1529 Cor-

954 1543 1132 1587 ruptionis
1160 1542 1289 1576 faciem
1319 1542 1410 1577 haec
1435 1554 1508 1577 non
1534 1543 1667 1588 ferunt,

955 1596 990 1626 et
1016 1592 1052 1624 in
1081 1591 1202 1625 Mauro
1229 1590 1382 1625 lavando
1408 1592 1545 1626 inutilis
1559 1602 1671 1637 opera

956 1640 1186 1674 consumitur.
1238 1639 1468 1674 Thierschius
1496 1644 1532 1674 et
1568 1641 1669 1676 Doe..

955 1688 1128 1722 derlinius
1184 1688 1338 1723 admissa
1390 1690 1669 1734 transpositione

955 1742 1162 1771 tentarunt:
1200 1737 1283 1781 pari
1316 1737 1533 1771 humanitate
1569 1740 1669 1774 exci-

951 1787 1110 1832 piuntur.
1171 1785 1288 1820 Victus
1312 1787 1406 1820 inter
1429 1786 1580 1832 hospites
1606 1798 1669 1822 co-

954 1835 1039 1876 mis3
1081 1839 1201 1869 notum
1237 1838 1305 1868 eet.
1364 1834 1481 1868 Manet
1515 1835 1668 1870 offensio

955 1882 1179 1929 significatus
1213 1883 1249 1916 in
1287 1883 1433 1917 nomine
1458 1884 1586 1927 victus,
1622 1895 1668 1919 ne

955 1932 1040 1976 quid
1064 1931 1178 1965 dicam
1215 1930 1258 1964 de
1293 1931 1444 1965 remedii
1478 1931 1667 1967 violentia.

954 1979 1141 2013 Trossius:
1180 1979 1290 2013 victus
1321 1980 1415 2013 inter
1451 1991 1568 2014 omnes
1595 1992 1668 2027 pa-

954 2029 1042 2062 riter
1076 2028 1277 2062 communis.
1341 2028 1376 2062 Si
1418 2027 1488 2063 hoc
1527 2031 1668 2075 accepit

954 2077 1047 2110 inter
1074 2087 1192 2109 omnes
1228 2076 1378 2109 civitatis
1403 2076 1576 2119 homines,
1608 2079 1668 2112 ni-

956 2124 1005 2158 hil
1033 2124 1159 2159 falsius
1188 2128 1252 2166 est,
1282 2125 1312 2157 si
1337 2125 1432 2158 inter
1460 2136 1578 2159 omnes
1602 2126 1668 2160 ho-

953 2173 1069 2218 spites,
1098 2172 1189 2206 nihil
1216 2173 1330 2218 magis
1347 2183 1667 2218 supervacaneum.

954 2222 1201 2256 Lachmannus
1248 2222 1406 2255 coniecit
1434 2233 1443 2255 ε
1492 2223 1669 2258 vinculum

953 2272 1047 2304 inter
1074 2281 1190 2303 omnes
1219 2270 1375 2304 comitas.
1418 2270 1485 2304 Vix
1513 2276 1668 2316 putave-

955 2319 1020 2352 rim
1048 2329 1067 2352 a
1094 2319 1262 2352 comitate
1279 2318 1448 2353 barbaros
1474 2329 1558 2354 suos
1587 2320 1667 2355 lau-

956 2367 1039 2401 dare
1066 2366 1222 2401 Tacitum
1250 2366 1423 2402 voluisse.

1030 2439 1114 2482 Cap.
1132 2439 1190 2473 22.
1224 2444 1413 2484 separatae
1437 2438 1586 2485 sinqulis
1609 2451 1668 2474 se-

956 2486 1014 2520 des
1044 2492 1075 2520 et
1104 2497 1169 2519 sua
1194 2488 1317 2531 cuique
1341 2498 1483 2524 mensa.-
1516 2487 1668 2522 Posido-

955 2535 1035 2567 nius
1064 2533 1205 2568 Stoicus
1240 2534 1333 2579 apud
1365 2535 1591 2570 Athenaeum
1617 2536 1667 2570 lv

955 2582 1001 2617 36
1041 2593 1075 2626 p.
1106 2583 1171 2617 151
1197 2582 1251 2616 E:
1304 2585 1447 2619 Κελτοὶ
1484 2583 1597 2629 (Galli
1633 2590 1668 2619 et

956 2630 1142 2676 Germani)
1176 2626 1244 2670 τὰς
1277 2626 1431 2679 τροφὰς
1457 2635 1667 2680 προτίθεν-

955 2693 1017 2714 ται
1054 2679 1198 2726 χόρτον
1245 2679 1552 2727 ὑποβάλλοντες,
1601 2684 1667 2717 καὶ

956 2730 1018 2764 ἐπὶ
1062 2729 1262 2790 τραπεζῶν
1318 2731 1475 2770 ξυλίνων
1522 2725 1668 2780 μικρὸν

955 2773 1033 2813 απὸ
1060 2778 1122 2821 τῆς
1147 2781 1215 2825 γῆς
1243 2779 1477 2827 ἐπηρμένων.

1027 2848 1200 2895 simplices
1239 2849 1486 2895 cogitationes.
1528 2849 1667 2895 simpli-

957 2907 1015 2930 ces
1045 2903 1126 2932 sunt
1154 2909 1262 2932 verae
1301 2909 1342 2932 ac
1382 2897 1481 2932 nulla
1517 2895 1666 2932 simula-

953 2945 1053 2982 tione
1093 2951 1152 2981 aut
1191 2946 1475 2981 dissimulatione
1509 2945 1666 2981 infectae

955 2994 1184 3046 (auso-ichtiye
1213 2994 1443 3043 Gesinmmy).
1482 2993 1523 3029 H.
1553 2992 1568 3029 1
1597 2994 1665 3030 152
