1768 3216
195 219 242 251 68
769 206 1074 245 HISTORIARVM
1453 214 1485 239 a.
1515 215 1551 239 u.
1577 202 1666 241 822.

193 332 407 375 Germania
437 330 622 379 ducebat,
655 337 824 379 quorum
854 324 982 365 robur
1011 321 1123 377 legio
1149 332 1244 373 una,
1275 319 1668 374 primaetvicesima,

193 409 277 450 suit.
336 405 484 447 Addita
514 402 674 455 utrique
705 400 1000 441 Germanorum
1032 395 1208 448 auxilia,
1241 407 1264 437 e
1287 394 1442 448 ‘quibus
1478 393 1670 436 Vitellius

190 493 283 524 suas
317 490 474 533 quoque
504 476 644 530 copias
674 474 888 528 supplevit,
915 476 998 514 tota
1031 470 1139 513 mole
1172 470 1268 512 belli
1299 472 1532 511 secuturus.
1565 467 1742 513 Mira62

188 556 294 596 inter
341 553 563 594 exercitum
612 550 982 602 imperatoremque
1031 545 1265 587 diversitas
1326 544 1486 586 Instare
1534 542 1669 597 miles,

156 639 296 670 sarma
325 638 521 680 poscere,
564 624 655 665 dum
697 623 853 664 Galliae
890 620 1121 674 trepident,
1164 619 1256 660 dum
1303 617 1530 672 Hispaniae
1561 629 1671 661 cun-

187 706 358 743 ctentur.
415 700 506 742 Non
548 699 714 740 obstare
753 697 926 738 hiemem
967 707 1101 749 neque
1142 695 1319 749 ignavae
1356 693 1474 747 pacis
1514 704 1669 736 moras.

186 774 460 817 Invadendam
491 773 659 825 Italiam,
696 770 976 824 occupandam
1009 770 1168 810 urbem.
1228 767 1339 809 Nihil
1368 767 1410 809 in
1443 767 1670 811 discordiis

188 849 374 891 civilibus
404 847 666 889 festinatione
704 845 850 897 tutius,
887 844 957 885 ubi
998 843 1106 885 facto
1141 843 1274 897 magis
1314 854 1434 897 quam
1477 841 1669 886 consulto

189 935 289 978 opus
321 927 442 965 esset.
490 921 692 975 Torpebat
716 920 917 971 Vitellius,
950 923 989 959 et
1020 919 1224 960 fortunam
1257 918 1514 972 principatus
1546 918 1670 961 inerti

139 998 282 1040 ioluxu
313 1010 360 1039 ac
390 996 576 1050 prodigis
611 995 739 1048 epulis
770 993 1081 1047 praesumebat,
1124 993 1261 1034 medio
1305 993 1388 1035 diei
1421 992 1670 1036 temulentus

189 1076 228 1113 et
257 1071 399 1126 sagina
430 1070 583 1126 gravis,
617 1082 704 1110 cum
735 1073 868 1109 tamen
900 1068 1026 1108 ardor
1057 1071 1097 1109 et
1127 1067 1190 1108 vis
1222 1066 1391 1108 militum
1415 1066 1524 1109 ultro
1550 1067 1670 1109 ducis

189 1145 323 1186 munia
355 1144 557 1198 implebat,
589 1148 631 1184 ut
660 1143 695 1183 si
727 1142 890 1184 adesset
920 1142 1144 1196 imperator
1174 1145 1214 1183 et
1242 1141 1423 1183 strenuis
1452 1141 1520 1184 vel
1545 1141 1672 1196 igna-

186 1220 247 1261 vis
290 1231 400 1272 spem
448 1222 676 1271 metumque
726 1217 910 1258 adderet.
982 1216 1174 1258 Instructi
1227 1216 1457 1270 intentique
1505 1216 1671 1272 signum

185 1292 455 1345 profectionis
515 1294 766 1345 exposcunt,
814 1290 982 1331 nomine
1035 1290 1274 1332 Germanici
1322 1290 1487 1332 Vitellio
1533 1290 1672 1333 statim

137 1382 174 1411 ¹⁵
187 1366 347 1422 addito:
382 1366 598 1408 Caesarem
631 1378 676 1407 se
708 1365 902 1419 appellari
934 1366 1055 1406 etiam
1086 1365 1223 1407 victor
1245 1365 1469 1420 prohibuit.
1500 1364 1671 1408 Laetum

185 1441 396 1495 augurium
424 1440 548 1481 Fabio
570 1440 729 1481 Valenti
760 1439 1059 1493 exercituique,
1093 1451 1215 1493 quem
1247 1440 1287 1480 in
1319 1439 1474 1482 bellum
1504 1439 1670 1495 agebat,

183 1514 271 1567 ipso
301 1513 568 1567 profectionis
600 1514 666 1554 die
693 1514 825 1567 aquila
857 1514 941 1555 leni
972 1517 1124 1567 meatu,
1156 1518 1279 1567 prout
1309 1525 1459 1569 agmen
1493 1513 1672 1556 incede-

180 1592 266 1640 ret,
308 1588 418 1629 velut
457 1588 538 1630 dux
576 1589 668 1629 viae
696 1588 974 1642 praevolavit3
1013 1588 1266 1643 longumque
1307 1601 1382 1642 per
1423 1589 1597 1643 spatium
1637 1588 1672 1631 is

179 1662 441 1716 gaudentium
472 1663 640 1704 militum
673 1663 842 1716 clamor,
881 1677 928 1706 ea
962 1664 1079 1717 quies
1108 1663 1325 1705 interritae
1356 1663 1465 1705 alitis
1499 1663 1597 1717 suit,
1629 1667 1673 1705 ut

318 1806 348 1838 1.
373 1806 710 1849 primaetvicensima
737 1805 801 1840 Ma.
900 1807 935 1841 3.
968 1806 1060 1840 mira
1086 1807 1180 1841 inter
1207 1805 1254 1840 G:
1291 1804 1345 1841 Ma
1377 1807 1543 1841 mirante.
1633 1806 1670 1842 ὃ.

180 1851 304 1895 ignave
329 1852 392 1885 Ma.
492 1852 526 1887 8.
554 1853 675 1887 vilibus
702 1853 776 1887 Ma.-
805 1859 1001 1888 correctum
1030 1856 1066 1888 in
1095 1854 1121 1888 G
1149 1860 1183 1888 et
1211 1856 1353 1892 ceteris.
1440 1856 1670 1901 festinatione

184 1898 231 1932 G:
257 1900 495 1944 festinatiusne
521 1900 584 1935 Ma.
636 1902 667 1937 9.
694 1904 837 1946 fortuna
863 1902 928 1936 Ma.
989 1904 1132 1936 inmerli
1159 1902 1232 1937 Ma:
1264 1903 1291 1938 G
1316 1905 1435 1938 inerti.
1492 1905 1546 1940 10.
1573 1915 1671 1950 pres.

186 1945 249 1979 Ma.
305 1947 358 1981 14.
386 1958 464 1980 nom
492 1959 568 1982 cum
595 1949 657 1982 lin.
689 1950 752 1983 Ma.
808 1952 862 1985 15.
891 1951 1008 1984 addito
1039 1950 1114 1985 Ma.-
1142 1964 1267 1986 nomen
1296 1975 1338 1980 —-
1367 1952 1524 1988 additum
1547 1951 1607 1987 GR
1635 1956 1672 1988 et

187 1993 417 2030 Oxonienses.
470 2008 534 2030 ces.
562 1996 626 2031 Ma.
682 1998 733 2033 16.
762 2001 932 2033 exercitui
958 2010 1045 2044 quae
1072 1999 1135 2034 Ma.
1203 2001 1255 2036 17.
1286 2001 1356 2036 leui
1381 1999 1486 2036 GMR:
1513 2002 1672 2036 correxit

182 2042 373 2076 Acidalius.
450 2044 503 2079 19.
531 2045 695 2079 interrita
722 2046 835 2081 ealitis
860 2047 926 2083 Ma.

184 2172 322 2218 quidem
351 2174 425 2209 fere
457 2180 563 2209 totam
601 2179 676 2211 eius
713 2181 884 2213 exercitui

184 2222 376 2256 accessisse
404 2234 447 2257 ex
473 2224 591 2258 verbis
619 2226 688 2260 huc
714 2229 885 2262 transcri-

182 2270 249 2313 ptis
276 2275 398 2313 patet:
427 2272 545 2317 aquila
573 2276 665 2308 enim
693 2286 761 2309 non
788 2278 885 2320 prius

185 2328 228 2350 ex
254 2317 409 2356 hibernis
436 2321 603 2365 effertur,
646 2334 747 2368 quam
774 2325 882 2358 robur

183 2364 334 2409 legionis
369 2369 580 2412 egrediatur.
635 2371 689 2409 cf.
720 2372 799 2406 xm
826 2373 884 2408 38.

183 2412 250 2445 Dio
277 2414 332 2447 XL
354 2414 404 2448 18.
450 2416 748 2457 Quemadmodum
778 2422 887 2466 igitur

186 2459 387 2494 Uaeciniani
429 2466 605 2498 exercitus
646 2467 751 2500 robur
790 2469 886 2514 legio

180 2508 492 2551 primaetvicesima
518 2512 597 2555 fuit,
622 2515 670 2547 ita
684 2517 803 2558 quinta
819 2518 888 2551 Va-

185 2555 290 2589 lentis
309 2559 500 2591 exercitum
521 2563 711 2605 praecipue
726 2563 887 2598 firmavit.

273 2603 356 2648 Gap.
394 2606 455 2641 62.
517 2610 654 2643 nomine
690 2612 890 2647 Germanici

189 2649 323 2685 Vitellio
339 2655 455 2687 statim
472 2655 587 2690 addito
604 2668 614 2690 .·
643 2668 685 2691 eo
705 2660 781 2703 ipso
797 2666 887 2694 tem.-

182 2707 268 2741 pore
293 2711 362 2745 quo
399 2702 530 2737 milites
564 2705 796 2748 profectionis
834 2710 885 2742 si-

182 2756 286 2790 gnum
314 2750 523 2794 poscebant,
563 2758 598 2786 et
625 2752 691 2788 hac
719 2755 795 2799 ipsa
823 2766 886 2791 oc-

183 2796 324 2829 casione
360 2798 543 2832 Vitellium
581 2801 778 2837 Germanici
819 2814 886 2838 no-

182 2842 276 2876 mine
302 2844 562 2891 salutaverant,
591 2855 696 2895 atque
722 2851 804 2886 hinc
828 2863 887 2886 sa-

182 2889 226 2921 tis
254 2891 478 2939 intelligitur,
505 2907 567 2929 cur
594 2897 683 2933 haec
710 2899 777 2934 duo
804 2902 887 2943 iun-

184 2940 239 2969 cta
266 2939 346 2983 sint,
364 2943 555 2986 postulatio
582 2948 675 2993 signi
689 2949 888 2992 profectio-

956 2182 1010 2214 nis
1034 2186 1070 2215 et
1097 2191 1296 2227 cognomen
1328 2182 1478 2218 Vitellio
1503 2182 1668 2218 inditum.

957 2230 991 2263 Si
1028 2240 1123 2263 novo
1167 2233 1350 2266 enuntiato
1395 2231 1585 2278 legamus,
1632 2235 1671 2265 ut

955 2277 1065 2323 vulgo
1087 2278 1224 2313 faciunt
1249 2281 1392 2324 peiores
1410 2281 1528 2314 secuti
1544 2279 1669 2324 libros,

956 2327 1089 2360 Nomen
1129 2328 1332 2363 Germanici
1377 2328 1516 2363 Vitellio
1553 2327 1672 2370 statim

955 2375 1128 2418 additum,
1168 2377 1257 2411 illud
1285 2376 1380 2423 quod
1405 2376 1547 2411 Tacitus
1573 2375 1670 2411 indi-

958 2428 1097 2457 caturus
1127 2431 1225 2468 erat,
1253 2437 1298 2460 ne
1324 2425 1575 2461 obtineremus
1601 2435 1670 2470 pe-

957 2472 1105 2505 riculum
1134 2473 1286 2508 videtur.
1567 2503 1569 2505 .

1048 2519 1119 2564 Cap
1166 2522 1223 2557 63.
1280 2529 1311 2557 et
1342 2522 1501 2557 Treviros
1534 2521 1672 2566 quidem

958 2590 1002 2594 —
1042 2569 1182 2603 adiere.-
1231 2571 1391 2605 Valentis
1429 2570 1610 2605 exercitus
1647 2579 1667 2603 a

958 2615 1098 2650 colonia
1123 2618 1439 2664 Agrippinensium
1474 2617 1601 2664 (Cc‘iln)
1633 2618 1671 2651 in

957 2665 1014 2697 via
1041 2676 1061 2698 a
1089 2665 1256 2701 Romanis
1290 2678 1354 2712 per
1390 2666 1530 2701 Eifliam
1564 2665 1672 2700 ducta

957 2710 1279 2761 'l'revir0s('1'rier)
1308 2716 1406 2750 adiit.
1451 2714 1490 2750 In
1530 2725 1572 2748 ea
1610 2715 1671 2749 via

956 2759 1158 2796 Tolbiacum
1203 2764 1386 2812 (Zalpick)
1430 2762 1599 2808 oppidum
1635 2767 1672 2797 et

956 2807 1074 2843 Bedae
1122 2812 1241 2845 vicum
1299 2812 1488 2857 (Biaeebury)
1537 2811 1669 2857 attigit.

958 2856 1170 2893 Divodurum
1199 2865 1254 2894 est
1281 2859 1454 2894 hodierna
1480 2859 1563 2894 urbs
1580 2859 1672 2895 Mas

958 2904 1112 2950 (Mettis)
1138 2907 1182 2941 ad
1213 2909 1326 2953 ripam
1350 2907 1522 2943 Mosellae
1554 2907 1668 2943 fluvii.

957 2952 1150 3000 Antiquum
1174 2966 1304 2991 nomen
1323 2956 1572 3006 (Divodurum)
1598 2957 1670 2992 im-
