1768 3216
1541 236 1616 272 4⁰⁸7

93 218 309 294 gajo„
360 212 363 214 ’
427 219 429 221 ’
631 238 770 282 unni}
795 239 840 275 v.
891 237 981 290 cip.
1007 236 1165 275 24-26.

119 368 207 406 non
235 357 390 400 tributa
419 355 495 399 sed
524 356 722 410 virtutem.
735 359 792 399 -et
817 354 935 412 viros
965 355 1110 398 indici.
1155 354 1391 400 Proximum
1419 345 1618 402 idrffit‘m-

120 433 194 476 tati
209 445 222 484 3
260 436 303 474 et
333 432 372 475 si
399 431 664 474 dominorum
693 423 846 478 eteotio
875 431 944 484 sit,
974 431 1191 474 honestius
1219 430 1431 486 principes
1458 429 1619 472 Roma-

120 519 270 550 norum
312 519 435 562 quam
481 505 782 561 Germanorum
825 505 1003 550 feminas
1042 505 1228 548 tolerari.
1300 506 1415 548 Haec
1452 504 1618 560 vulgus.

111 581 324 625 *Proceres
354 575 581 634 atrociora.
628 562 772 624 Civilis
800 580 919 624 rabie
947 585 1080 624 semet
1111 582 1154 622 in
1177 594 1288 623 arma
1313 585 1476 631 trusos3
1506 579 1619 622 illum
1682 631 1687 637 ι

122 657 366 702 domesticis
393 656 512 702 malis
544 656 754 699 excidium
783 656 924 712 gentis
954 657 1213 711 opposuisse.
1273 657 1387 698 Tunc
1430 656 1654 700 infensoss

121 732 287 775 Batavis
309 732 429 786 deos,
461 745 554 774 cum
573 718 868 774 obsiderentur
886 732 1094 787 legiones,
1125 731 1457 774 interficerentur
1475 731 1619 787 legati,

121 807 272 850 bellum
302 807 375 848 uni
404 807 704 859 necessarium,
738 806 869 849 ferale
899 807 1000 860 ipsis
1042 810 1289 847 sumeretur.
1348 806 1524 848 Ventum
1568 804 1620 847 ad

122 886 307 924 extrema
329 913 342 934 ,
372 882 417 923 ni
445 881 699 936 resipiscere
729 881 932 936 incipiant
962 885 1001 922 et
1030 882 1146 923 noxii
1178 882 1325 936 capitis
1355 893 1490 935 poena
1515 892 1622 936 pae-

51 956 336 1003 mnitentiam
366 955 586 998 fateantur.
647 955 741 997 Non
782 955 929 998 fefellit
975 956 1148 997 Civilem
1195 969 1243 997 ca
1288 956 1554 1008 inclinatio,'
1581 960 1623 997 et

120 1031 369 1088 praevenire
399 1031 568 1084 statuit,
613 1043 741 1085 super
780 1031 960 1073 taedium
1001 1031 1203 1073 malorum
1236 1031 1360 1073 ctiam
1388 1043 1463 1085 spe
1492 1031 1668 1083 vitae,io

122 1120 229 1163 quae
257 1107 499 1162 plerumque
528 1118 705 1161 magnos
754 1107 918 1148 animos
965 1106 1168 1162 infringit.
1228 1106 1357 1148 Petito
1408 1106 1621 1161 colloquio

122 1181 327 1225 scinditur
354 1181 555 1225 Nabaliae
584 1180 766 1223 fluminis
796 1194 903 1236 pons
920 1196 932 1234 ;
978 1181 1022 1222 in
1054 1181 1171 1223 cuius
1202 1181 1375 1235 abrupta
1406 1182 1623 1237 progressi

123 1257 269 1308 duces,
301 1260 343 1298 et
372 1255 516 1298 Civilis
548 1255 604 1298 ita
636 1256 787 1310 coepit.
841 1255 902 1298 ‘Si
937 1255 1044 1310 apud
1076 1256 1231 1298 Vitellii
1261 1256 1444 1311 legatum
1474 1256 1626 1299 defen-

124 1331 263 1383 derer‚
297 1343 433 1385 neque
465 1330 576 1373 facto
607 1343 702 1372 meo
743 1330 866 1372 venia
906 1342 1043 1384 neque
1081 1330 1202 1372 dictis
1239 1331 1342 1373 fides
1382 1331 1622 1374 debebatur.

123 1406 280 1447 Cuncta
312 1405 421 1447 inter
449 1417 528 1446 nos
555 1405 738 1456 inimica,
769 1404 953 1457 hostilia,
986 1404 1037 1446 ab
1068 1404 1139 1446 illo
1172 1410 1335 1459 coepta,
1371 1419 1395 1447 a
1419 1419 1485 1447 me
1504 1410 1677 1448 auctam

123 1484 254 1523 erant.
314 1480 425 1535 Erga
456 1480 758 1534 Vespasianum
798 1484 918 1521 vetus
959 1479 1059 1522 mihi
1105 1480 1402 1535 observantia3
1450 1485 1491 1523 et
1530 1493 1623 1524 cum

259 1659 294 1693 3.
323 1658 443 1703 vulqus
470 1657 529 1692 Or.
655 1660 688 1693 4.
719 1660 902 1693 atrociora
927 1658 993 1701 Ma,
1024 1663 1061 1692 ut
1091 1659 1268 1693 divinat-at
1294 1660 1485 1694 Heinsius·
1521 1667 1624 1697 atro-

124 1707 220 1741 cion
244 1706 283 1740 G.
375 1707 492 1740 rabies
517 1706 589 1741 Ma:
620 1707 647 1741 G
673 1708 783 1741 rabie.
873 1709 907 1743 5.
935 1708 1012 1752 obp.
1042 1707 1106 1742 Ma.
1188 1710 1242 1743 10.
1269 1709 1397 1742 tedium
1421 1709 1487 1744 Ma.
1566 1713 1620 1747 13.

121 1754 293 1791 vitellium
318 1753 393 1791 Mat
428 1755 558 1790 Vitellii
584 1756 623 1790 G.
710 1757 765 1791 15.
793 1763 917 1803 caepta
944 1756 1010 1791 Ma.
1097 1763 1223 1792 auctae
1252 1756 1327 1793 Ma.
1355 1757 1383 1792 G
1408 1764 1525 1793 aucta.

122 1940 221 1963 suam
248 1931 492 1964 coniecturam
517 1932 701 1976 prompsit,
728 1933 835 1978 igna-

905 1935 997 1968 mine
1032 1940 1141 1980 atque
1180 1934 1272 1979 apud
1309 1934 1462 1969 eundem
1499 1935 1523 1971 4
1553 1937 1622 1972 15:

123 1988 183 2012 rus
208 1989 228 2011 a
246 1979 323 2012 Nic.
337 1978 484 2013 Heinsio
512 1985 721 2024 occupatam
741 1992 833 2015 esse.

906 1984 1008 2029 requi
1034 1984 1183 2017 crimine
1207 1984 1350 2018 insons'.

206 2074 327 2109 Civilis
365 2076 465 2110 rabie
514 2083 619 2111 semet
657 2078 697 2110 in
732 2089 836 2111 arma

120 2128 255 2158 trusos:
291 2134 370 2158 rara
395 2124 573 2160 brevitate
598 2125 704 2160 simul
733 2127 835 2160 civi..

121 2170 191 2206 lem
224 2178 423 2216 accusant,
467 2174 573 2208 simul
613 2180 729 2208 semet
765 2176 833 2219 ipsi

123 2226 318 2254 excusant:
358 2233 438 2255 nam
468 2223 528 2267 qui
556 2223 733 2265 truditur,
770 2234 834 2257 sua

120 2269 305 2303 voluntate
334 2271 458 2315 nequit
483 2270 548 2304 uti.
667 2271 833 2305 donnesti-

120 2317 171 2351 cis
195 2317 318 2351 malis.-
359 2317 484 2351 domus
517 2329 604 2352 suae
630 2319 758 2361 malis,
797 2320 832 2353 h.

121 2376 152 2398 e.
182 2366 261 2398 neci
289 2366 407 2399 fratris
435 2371 471 2399 et
496 2368 569 2399 suis
598 2367 764 2401 vinculis.
791 2367 831 2400 H.

121 2412 168 2446 IV
200 2414 243 2448 13
271 2419 305 2447 et
332 2415 390 2448 32.
446 2413 500 2447 Cf.
532 2414 573 2447 Η.
599 2414 613 2448 1
639 2415 708 2449 53:
739 2415 833 2448 Cae--

993 2079 1079 2124 Cap.
1120 2080 1178 2115 26.
1246 2079 1422 2114 Nabaliae
1470 2080 1623 2125 fluminis

903 2140 1013 2174 pons.-
1048 2129 1115 2163 fuit
1141 2128 1310 2163 fluviolus
1337 2128 1468 2173 aliquis
1496 2129 1532 2162 in
1559 2140 1622 2163 re..

907 2178 1016 2222 gione
1042 2178 1300 2212 transrhenana
1328 2183 1364 2212 et
1393 2177 1522 2211 finibus
1539 2178 1619 2212 Fri..

905 2226 1057 2269 siorum,
1098 2237 1169 2272 quo
1197 2226 1325 2260 Civilis
1368 2232 1621 2270 concesserat3

905 2285 939 2307 v.
971 2286 1001 2308 c.
1033 2275 1091 2309 23.
1138 2275 1176 2308 ln
1205 2274 1377 2309 chronico
1408 2273 1620 2308 tlottandico

905 2323 1068 2356 versibus
1096 2324 1320 2366 composito,
1360 2321 1455 2367 quod
1494 2322 1620 2356 secuto

904 2370 1118 2404 duodecimo
1154 2373 1323 2414 scriptum
1361 2380 1441 2404 esse
1475 2370 1519 2404 ab
1552 2381 1620 2404 au-

905 2423 1004 2452 ctore
1031 2418 1181 2452 Nicolao
1209 2419 1333 2453 Colino
1361 2419 1507 2461 dicunt,
1546 2424 1620 2453 est:

121 2462 205 2494 cina
236 2483 281 2487 —
315 2463 456 2506 privata
482 2462 630 2496 vulnera
657 2464 711 2496 rei
740 2463 832 2508 pub-

118 2509 212 2544 licae
236 2510 339 2544 malis
367 2511 505 2556 operire
530 2512 663 2545 statuit.

195 2608 236 2640 πὶ
260 2628 304 2633 —
326 2608 426 2640 noxii
452 2609 576 2652 capitis
602 2620 717 2653 poena
742 2620 831 2653 pae-

118 2655 304 2688 nitentiam
342 2658 524 2699 fateantur
546 2669 557 2690 .-
601 2658 760 2701 cogitant
787 2657 831 2691 de

119 2702 236 2736 Civile
284 2709 343 2735 aut
387 2703 558 2736 tradendo
599 2710 657 2737 aut
691 2705 830 2738 interfi-

120 2751 270 2792 ciendo;
311 2762 427 2795 poena
464 2756 518 2784 est
553 2751 731 2785 ablativus
772 2754 830 2786 in-

119 2799 306 2832 strumenti
342 2801 400 2844 qui
429 2799 560 2832 dicitur
584 2826 593 2841 ,
634 2811 829 2844 suspensus

120 2858 164 2880 cx
188 2849 383 2891 fateantur.
414 2847 529 2880 Monui
559 2854 704 2893 propter
723 2848 829 2883 Orel-

119 2895 218 2935 lium,
247 2897 334 2929 mire
353 2900 602 2929 annotantem:
626 2897 722 2931 ‘nota
739 2908 830 2931 con..

118 2946 352 2977 structionem
375 2955 454 2977 cum
479 2943 650 2987 ablativo,
677 2950 715 2978 ut
737 2946 828 2990 apud

118 2992 259 3027 Livium
288 2993 307 3027 7
334 2993 407 3028 20:
459 2992 576 3027 eodem
603 2995 728 3029 noxios
755 2996 829 3029 cri-

909 2478 951 2510 op
979 2467 1034 2500 die
1059 2467 1197 2512 Bruyye
1224 2479 1293 2501 tan
1321 2467 1376 2501 die
1397 2467 1619 2503 Nau-Wak.

906 2515 960 2548 Cf.
990 2515 1234 2561 Cannegeiter
1272 2516 1314 2549 de
1351 2515 1619 2573 Breitenburqo,

903 2564 1071 2597 matribus
1098 2564 1218 2598 Brittis
1246 2565 1411 2608 Brittice,
1437 2565 1621 2611 principia

902 2619 1127 2645 monumenta
1154 2620 1184 2646 et
1213 2614 1393 2657 antiquiss.
1424 2613 1619 2647 Britanno-

902 2672 978 2693 rum
1014 2672 1079 2706 per
1120 2661 1271 2694 Galliam
1313 2668 1344 2694 et
1391 2662 1618 2695 Germaniam

901 2709 1009 2742 sedes.
1039 2709 1160 2754 Hagae
1186 2708 1314 2743 Comit.
1341 2709 1450 2750 1734;
1471 2719 1505 2752 p.
1522 2709 1544 2742 3
1562 2719 1617 2755 sq.

986 2779 1114 2813 Vitellii
1151 2779 1326 2823 legatum.-
1373 2778 1616 2813 Hordeonium

901 2826 1067 2860 Flaccum
1095 2827 1203 2868 dicit;
1233 2838 1266 2861 v.
1296 2827 1337 2860 Η.
1367 2826 1410 2860 lv
1437 2828 1479 2862 13
1499 2833 1534 2861 et
1558 2828 1613 2862 18.

986 2908 1071 2942 crya
1105 2897 1354 2942 Vespasianum
1389 2918 1433 2924 ——
1470 2904 1502 2932 et
1539 2911 1616 2934 cum

896 2946 1055 2990 privatus
1089 2951 1199 2988 esset,
1237 2946 1345 2979 annates·
1375 2947 1615 2981 vocabamur:

900 3003 970 3027 non
997 2998 1166 3029 accurate
1198 2994 1366 3030 recitavit
1389 2994 1480 3031 haec
1505 2995 1613 3034 Sido-
