1768 3216
157 193 230 229 we
721 184 784 220 DE
811 183 1103 220 ouAroninvs

161 309 256 363 quid
289 306 398 349 aliud
429 302 678 347 aridissimis
708 303 997 358 Hermagorae
1033 306 1074 344 et
1103 302 1355 358 Apollodori
1384 303 1502 352 libris
1531 315 1661 360 prae-

158 384 329 438 cipitur,
363 381 404 421 in
436 380 597 421 honore
630 382 745 429 erat3
778 378 888 432 quod
921 378 958 420 si
989 378 1081 433 quis
1117 377 1320 420 odoratus
1351 378 1658 433 philosophiam

156 459 369 500 videretur
401 460 441 497 et
472 468 525 497 ex
553 467 602 496 ea
629 454 767 496 locum
800 453 979 508 aliquem
1011 453 1192 495 orationi
1220 466 1321 496 suae
1353 454 1586 508 insereret,
1617 453 1660 497 in

158 532 316 574 caelum
346 531 536 573 laudibus
566 530 791 572 ferebatur.
835 529 922 572 Nec
953 529 1122 570 mirum:
1155 532 1275 571 erant
1295 528 1404 571 enim
1424 529 1529 573 haee
1546 540 1658 573 nova

131 612 198 650 set
230 607 472 661 incognita,
520 610 559 647 et
599 605 784 659 ipsorum
817 617 982 659 quoque
1014 609 1226 647 oratorum
1257 603 1499 659 paucissimi
1528 615 1657 659 prae-

158 687 277 736 cepta
307 682 519 723 rethorum
551 684 621 722 aut
649 680 994 735 philosophorum
1034 680 1185 734 placita
1226 683 1530 735 cognoverant.
1602 680 1658 723 At

155 757 334 799 Hercule
369 755 623 811 pervulgatis
656 756 737 798 iam
771 755 988 809 omnibuS,
1019 767 1128 797 scum
1165 756 1236 798 vix
1274 755 1317 797 in
1347 755 1508 799 cortina
1539 755 1658 810 quis-

156 845 275 887 quam
308 832 481 874 adsistat
512 832 610 885 quin
636 831 852 874 elementis
887 831 1120 874 studiorum
1139 863 1150 883 ,
1197 831 1276 873 etsi
1302 843 1386 872 non
1416 831 1656 883 instructus,

157 913 197 950 at
226 912 339 950 certe
369 908 545 948 imbutus
576 907 643 959 sit,
672 907 792 948 novis
825 911 865 949 et
896 906 1113 961 exquisitis
1146 906 1409 961 eloquentiae
1439 906 1658 948 itineribus

105 992 143 1022 ιο
158 995 260 1037 opus
292 987 379 1034 est,
420 994 496 1035 per
527 993 632 1035 quae
664 986 807 1023 orator
835 981 1045 1023 fastidium
1077 982 1238 1023 aurium
1279 981 1474 1036 effugiat,
1518 981 1659 1035 utique

157 1057 262 1111 apud
284 1069 357 1099 eos
390 1057 550 1098 iudices
574 1057 643 1110 qui
674 1056 716 1098 vi
745 1061 785 1098 et
812 1061 1029 1111 potestate,
1065 1069 1150 1098 non
1183 1057 1273 1099 iure
1301 1061 1370 1098 aut
1393 1056 1556 1111 legibus
1577 1068 1658 1098 eo-

155 1136 385 1187 gnoseunt,
418 1144 497 1172 nec
526 1131 735 1185 accipiunt
766 1136 953 1186 tempora
986 1132 1061 1174 sed
1094 1132 1371 1184 constituunt,
1415 1143 1495 1173 nee
1528 1142 1659 1186 expe-

254 1242 284 1274 1.
315 1240 568 1285 Hermagorae,
599 1239 807 1285 Apollodori
832 1239 871 1283 F,
898 1250 971 1274 non
1001 1240 1036 1274 P.
1138 1243 1171 1277 2.
1201 1240 1292 1286 quod
1315 1241 1347 1275 si
1370 1239 1444 1275 FP:
1473 1245 1504 1274 et
1531 1240 1563 1274 si
1591 1251 1658 1275 ve-

154 1295 247 1323 teres
277 1288 465 1323 editiones.
552 1289 587 1323 3.
612 1289 794 1322 uideretur
819 1289 859 1322 P:
886 1289 913 1323 F
938 1290 1089 1323 uidetur.
1191 1296 1222 1324 et
1249 1302 1292 1324 ex
1318 1290 1364 1324 P:
1391 1295 1494 1334 atque
1521 1301 1564 1324 ea:
1589 1300 1658 1324 ve-

155 1344 248 1372 teres
277 1337 466 1371 editiones.
542 1338 700 1370 inscrere
728 1336 762 1370 P.
852 1338 887 1372 4.
917 1344 993 1372 erat
1022 1338 1061 1380 F,
1088 1349 1158 1374 nou
1187 1338 1222 1373 P.
1315 1340 1348 1374 5.
1374 1338 1581 1385 paucissimi
1610 1337 1657 1372 P:

150 1387 366 1433 paucissima
392 1391 534 1420 veteres
562 1386 750 1420 editiones.
845 1386 879 1420 8.
909 1388 1049 1421 assistat
1076 1387 1112 1431 P,
1140 1393 1178 1421 ut
1202 1387 1308 1422 solet.
1419 1387 1517 1433 quin]
1549 1387 1608 1432 qm·
1633 1386 1657 1421 P

154 1447 232 1469 ‹um
260 1436 411 1469 ceteris:
441 1436 596 1468 correxit
622 1435 862 1469 Heumannus.
969 1437 1002 1471 9.
1030 1439 1081 1483 at]
1114 1443 1146 1471 et
1174 1436 1213 1480 F,
1241 1447 1310 1470 non
1337 1436 1373 1470 P.
1471 1434 1657 1480 yoneribm

153 1495 332 1529 superser.
360 1484 401 1517 iti
428 1488 462 1516 et
487 1483 571 1527 syll.
595 1495 637 1529 qe
663 1488 795 1528 puncto
821 1483 1011 1518 subnotata
1037 1485 1073 1518 P.
1131 1487 1185 1520 11.
1214 1491 1274 1519 aut
1301 1484 1431 1531 legibus
1457 1484 1507 1518 P:
1533 1489 1564 1518 et
1588 1484 1655 1530 leq.

152 1533 191 1567 F.
314 1534 368 1567 12.
396 1543 461 1566 nec
487 1531 529 1566 P:
557 1537 590 1565 et
615 1532 654 1575 F,
682 1538 714 1566 et
738 1544 804 1566 nec
826 1533 1003 1568 editiones
1031 1538 1186 1568 veteres.
1261 1532 1446 1581 empecta‘te‘
1474 1535 1511 1579 (e
1536 1537 1657 1568 extre-

152 1593 244 1616 mum
272 1586 404 1626 puncto
430 1581 675 1626 subnotatum)
704 1580 741 1615 P.

938 1677 1046 1723 plura
1070 1677 1209 1722 scripsit
1231 1676 1438 1721 Theodorus,
1466 1676 1564 1713 cuius
1589 1688 1657 1712 au-

941 1726 1087 1760 ditorem
1113 1726 1371 1770 Hermayoram
1407 1731 1486 1761 sunt
1519 1726 1577 1772 qm·
1602 1728 1657 1762 vi-

150 1677 261 1722 petita
289 1676 444 1720 pertinet
476 1675 518 1710 ad
558 1675 741 1710 licentiam
774 1677 871 1710 anti-

155 1726 233 1770 quis
259 1724 492 1769 scriptoribus
526 1724 762 1767 familiarem,
802 1736 871 1771 qua

155 1774 379 1807 traiiciuntur
404 1773 575 1817 epitheta,
603 1774 652 1806 ita
678 1778 716 1807 ut
742 1773 785 1807 ad
809 1784 870 1807 eos

155 1833 256 1856 casus
287 1823 487 1857 reserantur
514 1832 602 1867 quos
629 1832 714 1867 prae
741 1823 870 1856 ceteris

155 1872 312 1905 eminere
354 1871 491 1905 volunt.
557 1871 660 1905 Conf.
697 1870 871 1905 Lobeckii

154 1925 273 1954 annot.
304 1920 346 1953 ud
374 1918 563 1963 Sophoclis
588 1919 735 1953 Aiacem
763 1920 844 1954 v.7.

227 1969 468 2012 Hermaporae
509 1973 540 2001 et
579 1966 788 2013 Apollodori
823 1967 868 2001 li-

159 2016 253 2048 bris.-
288 2016 524 2061 Hermagoras
567 2020 601 2048 et
627 2015 870 2060 Apollodorus

154 2063 306 2109 Augusti
334 2063 554 2108 temporibus
581 2065 733 2110 τέχνας,
772 2063 807 2098 h.
837 2075 868 2097 e.

154 2117 345 2156 praecepta
373 2111 603 2157 eloquentiae
634 2113 670 2145 in
698 2121 870 2155 compen-

155 2161 250 2194 dium
275 2161 432 2204 redacta,
460 2161 657 2205 scripsere,
686 2160 777 2194 alter
801 2159 870 2194 Te-

153 2220 235 2242 mno
262 2209 397 2252 insula,
441 2209 532 2243 alter
556 2209 728 2255 Pergamo
758 2213 869 2243 ortus.

153 2257 206 2291 De
233 2259 351 2301 priore
388 2257 513 2292 Strabo
541 2257 670 2293 X1113
712 2259 749 2299 ὃ.
777 2259 798 2292 5
835 2267 868 2314 p.

153 2306 247 2341 6³¹.
287 2313 368 2346 ταῖς
399 2307 438 2342 δὲ
468 2306 537 2343 νῦν
563 2308 766 2343 Λίολικαῖς
795 2306 868 2341 πό-

153 2356 258 2392 λεσιν
286 2357 339 2391 ἔτι
366 2358 430 2390 καὶ
455 2351 523 2394 τὰς
545 2358 674 2402 Λῖγας
699 2357 869 2415 προσλη-

153 2406 270 2439 πτέον
296 2406 359 2439 καὶ
387 2401 453 2448 τὴν
483 2406 660 2461 Τῆμνον,
705 2401 798 2439 ὅθεν
826 2401 869 2448 ἦν

148 2451 392 2499 Ἑομαγόρας
426 2453 444 2486 6
483 2448 549 2490 τὰς
578 2448 779 2499 ῥητορικὰς
809 2457 868 2489 τέ·-

148 2513 247 2546 χνας
288 2501 531 2547 συγγράψας.
590 2500 716 2534 Suidas
752 2510 779 2534 s.
808 2512 843 2535 v.

148 2548 397 2596 Ερμαγόρας
435 2550 587 2596 Τήμνου
637 2549 701 2592 τῆς
733 2551 869 2586 Αἰολί-

154 2597 230 2639 δος,
257 2598 276 2632 6
306 2599 707 2653 ἐπικληθεὶςΚαρίων,
729 2597 866 2645 ῥήτωρ

152 2649 285 2691 τέχνας
328 2640 529 2695 ῥητορικας
561 2647 602 2681 ἐν
634 2648 788 2692 βιβλίοις
826 2647 866 2688 ς’,

152 2698 242 2739 περὶ
269 2697 505 2741 ἐξεργασίας,
527 2697 616 2741 περὶ
642 2698 866 2742 πρέποντος,

152 2747 239 2790 περὶ
267 2755 468 2790 ᾳρασεως,
500 2747 603 2792 περὶ
649 2743 864 2800 σχηαόεῑων.

153 2791 355 2827 ἐπαίδευσε
397 2792 428 2825 δ’
473 2793 581 2830 οὗτος
613 2788 711 2839 μετὰ
748 2795 866 2827 Κεκι-

152 2842 232 2874 λίου
278 2841 319 2877 ἐν
375 2839 495 2889 Ῥώμῃ
559 2843 623 2876 ἐπὶ
664 2843 868 2900 Καίσαρος

154 2888 381 2948 Αὐγούστου
430 2893 494 2925 καὶ
538 2891 689 2937 τελευτᾷ
731 2889 832 2938 πόρρ
812 2903 866 2936 ρω

153 2936 215 2980 τῆς
242 2935 397 2981 ἡλικίας.
425 2923 682 2980 Quintilianus
692 2936 739 2973 111
761 2939 774 2972 1
802 2938 865 2974 18·

942 1775 1069 1809 detint.
1123 1775 1209 1808 Cum
1244 1773 1313 1808 hoc
1348 1785 1419 1809 non
1453 1771 1656 1809 miscendus

941 1824 1055 1858 maior
1093 1828 1178 1857 natu
1205 1823 1462 1870 Hermagoras,
1503 1823 1548 1859 de
1586 1833 1656 1870 quo

942 1871 1016 1906 Cic.
1045 1872 1089 1906 de
1116 1872 1255 1908 Invent.
1299 1872 1310 1906 Ι
1340 1872 1363 1907 8
1390 1877 1426 1911 et
1451 1873 1519 1915 51,
1557 1872 1655 1914 Brut.

941 1921 987 1956 76
1014 1925 1049 1955 et
1077 1920 1135 1955 78.
1203 1920 1446 1962 Quintilianus
1479 1921 1525 1956 ΙΙΙ
1556 1923 1571 1958 l
1603 1921 1657 1956 16.

940 1969 994 2003 De
1022 1968 1244 2013 Apollodoro
1280 1970 1424 2014 aequali
1457 1969 1658 2016 Hermago-

941 2028 1000 2057 rae
1028 2017 1155 2052 Strabo
1181 2017 1261 2052 XIII
1285 2017 1309 2052 4
1335 2020 1358 2053 3
1392 2029 1426 2064 p.
1458 2018 1553 2062 625,
1597 2017 1657 2053 ubi

940 2070 1108 2101 recenset
1132 2066 1229 2102 viros
1239 2065 1478 2126 Pergamenos
1506 2077 1570 2102 sua
1591 2077 1656 2102 ae-

940 2119 1013 2148 tate
1041 2114 1182 2149 claros:
1227 2117 1291 2154 καὶ
1317 2113 1610 2175 Ἀπολλόδωρος
1637 2115 1655 2151 6

943 2162 1081 2223 ῥητωρ,
1111 2163 1132 2199 o‘
1157 2157 1222 2200 τὰς
1254 2165 1390 2210 τέχνας
1424 2162 1656 2213 συγγράψας

939 2214 1002 2247 καὶ
1038 2211 1105 2255 τήν
1138 2211 1466 2259 Ἀπολλοδώρειον
1506 2213 1657 2260 αἵρεσιν

939 2260 1473 2356 2¹5¹.⁰⁶{3235225.1,00t“².‘055„
1487 2261 1657 2346 διὶξῗέἕε

942 2371 1008 2404 ρος
1030 2360 1142 2416 φιλία
1157 2371 1222 2395 του
1204 2359 1443 2405 Σεβαστοῦ,
1464 2356 1656 2395 διδάσκα-

939 2408 1006 2442 λον
1033 2406 1245 2454 τῶνλόγων
1264 2407 1486 2455 γενόιιενον.
1510 2406 1655 2450 Quinti-

939 2455 1055 2488 lianus
1069 2454 1113 2487 111
1131 2456 1146 2488 1
1167 2458 1234 2492 17:
1258 2457 1450 2501 praecipue
1477 2461 1595 2490 tamen
1616 2456 1655 2490 in

938 2515 974 2536 se
1000 2509 1247 2538 converterunt
1276 2505 1392 2538 studia
1420 2503 1654 2549 Apollodorus

938 2551 1194 2596 Perqamenus,
1224 2554 1282 2597 qui
1302 2558 1513 2598 praeceptor
1542 2552 1653 2599 Apol-

938 2600 1056 2634 loniae
1090 2600 1256 2635 Caesaris
1298 2601 1445 2647 Auyusti
1476 2601 1572 2645 fuit,
1622 2607 1654 2636 et

943 2648 1139 2683 Theodorus
1180 2650 1376 2687 Gadareus.
1459 2648 1653 2684 Suetonius

937 2698 1030 2742 Aug.
1056 2696 1115 2732 89.
1562 2693 1569 2704 “

1008 2792 1045 2824 in
1076 2793 1239 2826 eortina:
1277 2792 1435 2835 cortina,
1462 2793 1558 2837 quod
1586 2803 1650 2828 vas

936 2840 1125 2874 rotundum
1153 2851 1352 2886 cavumque
1385 2842 1530 2886 proprie
1557 2840 1650 2876 dici-

935 2892 1016 2932 tur,
1044 2900 1139 2923 nunc
1165 2889 1427 2924 multitudinem
1454 2890 1493 2923 in
1518 2899 1651 2924 corona

936 2937 1178 2972 assistentium
1207 2938 1382 2984 designat,
1406 2948 1525 2985 neque
1550 2942 1649 2973 recte
