1768 3216
137 252 163 278 ι
184 241 226 280 G.
249 239 311 282 ³70.
612 240 750 297 LIBER
779 242 822 278 V.
877 242 964 279 Cn.
991 243 1149 281 214-22.
1569 246 1643 280 403

136 361 240 414 bus;
285 363 326 403 et
354 371 488 414 prono
522 372 645 404 amne
674 360 797 416 rapti,
829 359 943 403 nullo
985 360 1259 416 prohibente,
1300 360 1454 407 vallum
1481 334 1640 407 ineunt.

134 435 270 480 Prima
316 435 469 478 caedes
510 439 602 477 astu
646 431 1004 495 adiutaessafincisis
1042 435 1408 478 tabernaculorum
1457 436 1641 491 funibus,

135 510 309 556 suismet
335 509 525 552 tentoriis
557 506 782 564 c‘oopertos
810 509 1089 552 trucidabant.
1136 510 1260 552 Aliud
1289 522 1442 566 agmen
1470 510 1641 553 turbare

137 586 329 638 classem,
361 584 520 626 inicere
550 576 712 637 vincla,
745 583 912 627 trahere
942 581 1103 639 puppis.
1165 585 1298 640 thue
1329 585 1382 627 ad
1414 585 1639 628 fallendum

133 659 317 712 silentio,
351 658 407 700 ita
439 663 586 713 coepta
618 659 765 712 caede,
799 671 879 713 quo
907 658 999 714 plus
1031 658 1208 701 terroris
1239 659 1459 713 adderent,
1490 664 1670 702 cunctas

135 733 386 778 clamoribus
423 733 675 797 miscebant.
751 720 928 775 Romani
970 732 1213 775 vulneribus
1264 734 1390 776 exciti
1436 739 1640 789 quaerunt
1704 719 1709 722 ’

134 822 263 862 arina,
295 813 419 851 ruunt
449 821 524 863 per
554 809 671 862 vias,
702 808 825 863 pauci
857 812 1006 851 ornatu
1036 808 1230 862 militari,
1261 808 1450 863 plerique
1480 809 1638 851 circum

132 884 305 928 brachia
335 888 444 926 torta
474 887 591 926 veste
623 888 663 925 et
693 883 849 925 strictis
881 883 1166 925 mucronibus,
1235 883 1329 925 Dux
1358 884 1637 926 semisomnus

132 972 183 1002 ac
211 970 342 1014 prope
364 958 551 1001 intectus
583 970 729 1000 errore
759 957 939 1000 hostium
970 962 1175 1000 servatur.
1245 958 1433 1012 Namque
1464 962 1638 1013 praeto-

130 1035 235 1078 riam
266 1045 414 1075 navem
454 1033 609 1075 vexillo
656 1022 894 1088 insignem,
935 1032 1019 1073 illic
1067 1033 1215 1075 ducem
1259 1033 1368 1085 rati,
1415 1033 1689 1087 abripiuntur

131 1109 306 1154 Cerialis
331 1109 430 1151 alibi
452 1113 618 1150 noctem
645 1111 805 1163 egerat,
835 1112 878 1149 ut
895 1108 1084 1162 plerique
1104 1107 1341 1161 credidere,
1375 1108 1428 1149 ob
1452 1112 1635 1162 stuprum

131 1184 328 1227 Claudiae
359 1184 558 1227 Sacratae
589 1183 774 1225 mulieris
806 1182 949 1225 Ubiae.
1010 1183 1061 1225 Et
1093 1182 1244 1238 vigiles
1274 1182 1478 1238 flagitium
1517 1195 1636 1225 suum

131 1259 249 1302 ducis
281 1258 493 1301 dedecore
527 1258 796 1310 excusabant,
830 1261 1037 1311 tamquam
1071 1257 1174 1299 iussi
1204 1257 1345 1310 silere,
1377 1270 1431 1299 ne
1454 1258 1634 1311 quietem

130 1333 220 1375 eius
251 1333 464 1374 turbarent
474 1346 485 1383 ;
525 1332 579 1373 ita
611 1332 848 1374 intermisso
881 1332 1003 1387 signo
1037 1336 1078 1372 et
1107 1331 1283 1373 vocibus
1315 1344 1362 1374 se
1394 1344 1559 1386 quoque
1591 1332 1634 1372 in

127 1420 318 1452 somnum
347 1407 502 1462 lapsos.
562 1407 689 1449 Multa
718 1407 812 1448 luce
844 1407 1003 1449 revecti
1033 1392 1201 1459 hostes,
1235 1406 1409 1460 captivis
1441 1406 1684 1460 navibus,15

263 1546 298 1580 2.
328 1544 401 1579 ced.
430 1543 494 1580 Ma.
579 1545 613 1579 3.
642 1545 741 1578 toriis
767 1543 839 1579 Ma:
868 1544 1028 1578 tentoriis
1053 1544 1115 1577 AR
1142 1548 1177 1577 et
1209 1553 1287 1577 corr
1315 1543 1355 1577 G.
1423 1544 1480 1589 ,4.
1508 1545 1633 1589 puppis

127 1591 201 1628 Ma:
225 1605 335 1639 pupes
360 1592 399 1627 G.
537 1593 571 1628 5.
609 1599 710 1639 cepta
736 1593 818 1627 cede
849 1591 913 1627 Ma.
1036 1592 1070 1627 6.
1106 1593 1264 1626 romanis
1289 1590 1370 1626 Ma:
1414 1590 1442 1625 G
1465 1592 1631 1629 Romani.

125 1641 219 1676 ooln.
248 1641 306 1676 Or.
382 1652 468 1686 quer
493 1652 571 1676 cum
598 1641 662 1675 lin.
693 1640 757 1675 Ma.
811 1642 843 1676 7.
872 1642 990 1674 ornati
1014 1641 1164 1674 militari
1189 1640 1253 1683 Ma,
1282 1641 1402 1674 ornati
1430 1640 1634 1675 militariter

126 1689 187 1724 BG
213 1693 249 1724 et
277 1690 530 1725 Oxonienses:
566 1695 766 1724 correctum
805 1691 841 1723 in
868 1690 1027 1734 Spirensi
1056 1694 1090 1723 et
1116 1701 1136 1723 a
1162 1688 1331 1722 Pichena.
1429 1689 1464 1724 9.
1492 1699 1632 1733 nanque

131 1737 197 1773 lua.
305 1741 359 1773 11.
387 1739 474 1772 alibi
498 1749 590 1772 naue
618 1737 683 1780 Illas,
709 1738 785 1772 alia
810 1739 898 1772 naui
923 1744 1059 1772 noctem
1086 1736 1136 1771 G:
1177 1737 1264 1770 alibi
1286 1742 1423 1770 noctem
1453 1737 1633 1781 Spirensis

132 1791 168 1821 et
191 1786 422 1830 Puteolanus,
449 1789 534 1821 item
563 1787 755 1821 Vaticanus
787 1787 877 1822 1863
904 1791 939 1820 et
972 1786 1075 1821 1958.
1150 1788 1205 1821 12.
1235 1785 1372 1819 claudie
1396 1791 1538 1820 sacrate
1564 1786 1631 1820 Ma.

129 1835 298 1870 mulieris.
326 1835 386 1870 ubi
411 1841 443 1870 et
466 1835 589 1880 oiqiles
615 1834 680 1878 Ma,
709 1837 815 1870 etiam
845 1835 884 1878 G,
912 1835 974 1869 sed
1000 1835 1132 1869 omisso
1160 1839 1306 1879 puncto,
1332 1839 1368 1868 et
1387 1835 1524 1868 ceteri.-
1553 1846 1631 1868 mu-

130 1885 230 1918 lieris
262 1884 382 1919 Vbiae.
416 1883 542 1929 uigiles
577 1885 686 1918 tacite
723 1883 940 1926 Rhenanus,
973 1883 1132 1918 mulieris
1177 1882 1295 1918 Ubiae.
1324 1889 1357 1917 et
1381 1883 1503 1929 vigiles
1529 1882 1632 1917 Wal-

130 1932 267 1968 therus.
358 1933 412 1967 15.
443 1932 558 1967 labsus
584 1931 647 1967 Ma.

132 2068 269 2101 iectura
293 2072 331 2100 ut
361 2066 473 2112 vulgo
500 2070 647 2111 recepta
665 2076 738 2100 non
756 2076 845 2111 opus

132 2119 198 2151 est.

211 2163 295 2208 Cap.
321 2165 380 2199 22.
428 2163 572 2198 disiecto
599 2165 751 2210 (tymme,
786 2164 845 2197 in..

132 2212 280 2246 curiosis
318 2211 473 2257 oiqilit’s:
526 2223 652 2258 agmen
690 2222 760 2246 non
801 2212 844 2246 de

131 2260 284 2294 navibus
314 2259 446 2294 dictum
476 2266 530 2295 est
556 2261 620 2295 sed
646 2261 690 2294 de
718 2261 845 2294 militi-

131 2308 197 2343 hus
226 2307 383 2352 pedestri
419 2309 550 2343 itinere
587 2309 843 2343 remeantibus.

131 2356 291 2391 Navibus
326 2357 437 2402 igitur
469 2362 604 2390 tantum
631 2355 782 2390 Cerialis
810 2362 845 2390 et

134 2415 213 2450 pars
260 2405 428 2438 comitum
474 2405 592 2439 rediit.
688 2405 843 2439 Disiecta

133 2453 272 2498 agmine
298 2453 413 2487 diurni
443 2454 625 2499 temporis,
655 2454 844 2488 incuriosis

132 2501 261 2547 vigiliis
306 2503 471 2536 nocturni
517 2513 602 2536 cura
642 2503 845 2537 intermissa

133 2550 333 2585 denotatur.

194 2598 325 2633 vallum
342 2600 481 2633 ineunt.-
507 2599 640 2634 vallum
669 2604 704 2634 et
730 2604 845 2633 castra

134 2648 169 2680 in
190 2647 294 2681 laeva
307 2647 461 2681 fluminis
484 2649 560 2693 ripa
577 2648 705 2692 posita.
732 2647 843 2682 Paulo

134 2699 217 2728 ante
249 2706 362 2740 prono
400 2707 502 2729 amne
539 2696 582 2730 de
614 2696 739 2730 Rheno
774 2706 844 2741 quo

134 2748 261 2777 vectus
293 2748 347 2776 est
376 2742 526 2777 Cerialis
554 2744 843 2790 intelligendum,

135 2791 230 2837 quod
256 2802 326 2824 non
354 2802 555 2834 monerem,
597 2794 663 2826 nisi
694 2793 738 2827 de
771 2792 844 2826 Lu-

134 2841 193 2884 pia
220 2839 425 2884 Rupertiuin
457 2841 637 2886 cogitasse
673 2841 843 2875 viderem.

206 2899 270 2932 per
294 2890 393 2922 vias:
436 2900 499 2933 pcr
536 2890 612 2922 vias
651 2894 844 2923 castrorum

136 2936 171 2969 in
199 2936 304 2971 laevo
332 2937 447 2972 Rheni
476 2937 591 2971 litore.

209 2990 239 3018 et
265 2985 386 3031 oiqi'les
413 3007 458 3013 —
485 2985 719 3021 excusabant:
762 2989 861 3030 par-'

913 2065 1024 2099 ticula
1051 2070 1083 2099 et
1122 2065 1157 2098 in
1195 2064 1373 2109 principio
1409 2065 1528 2108 posita
1553 2064 1630 2099 fere

913 2114 1012 2149 valet
1046 2119 1078 2147 et
1115 2124 1227 2156 sane,
1268 2119 1300 2147 et
1326 2118 1437 2156 certe,
1483 2117 1522 2147 ut
1561 2113 1630 2147 boc

914 2163 1137 2198 enuntiatum
1167 2160 1258 2196 illud
1290 2167 1328 2195 ut
1356 2161 1514 2207 plerique
1548 2173 1629 2196 cre-

914 2212 1033 2245 didere
1050 2211 1171 2256 aliquo
1196 2215 1408 2255 argumento
1430 2211 1628 2244 confirmet.

913 2259 1065 2294 Perinde
1103 2258 1280 2303 particula
1319 2263 1351 2291 et
1376 2268 1486 2301 saepe
1514 2269 1534 2291 a
1560 2258 1629 2291 Ta-

917 2309 988 2342 cito
1016 2307 1175 2341 adhibita
1203 2311 1281 2348 est,
1317 2305 1431 2339 veluti
1458 2305 1472 2339 1
1500 2307 1570 2340 35:
1597 2312 1629 2340 et

912 2356 1012 2389 miles
1039 2377 1082 2382 --
1121 2355 1278 2388 strictum
1304 2354 1425 2388 obtulit
1449 2354 1628 2399 gladium,-

916 2404 982 2439 61:
1024 2409 1055 2437 et
1082 2402 1192 2437 cladis
1233 2403 1306 2436 eius
1343 2405 1544 2448 superstites
1583 2424 1628 2430 —-

912 2452 1140 2498 reserebant5
1175 2451 1206 2485 ll
1235 2452 1297 2486 12:
1337 2457 1369 2485 et
1394 2451 1630 2486 cernebantur

913 2502 1039 2547 iqnes3
1063 2500 1146 2535 xlv
1169 2501 1236 2535 55:
1261 2505 1294 2534 et
1319 2505 1380 2534 tua
1405 2500 1542 2545 quidem
1568 2511 1628 2534 er-

911 2561 959 2595 θα
991 2561 1044 2583 me
1078 2560 1228 2584 munera
1259 2567 1294 2573 —
1328 2554 1477 2583 aeterna
1513 2554 1626 2582 erunt.

915 2599 955 2633 H.
986 2599 1000 2633 1
1027 2599 1074 2633 48
1098 2610 1107 2631 ε
1151 2604 1183 2632 et
1211 2597 1380 2632 Claudius
1401 2602 1545 2643 postera
1572 2597 1626 2630 die

913 2647 980 2682 soli
1009 2649 1161 2681 omnium
1197 2646 1299 2681 Vinio
1330 2645 1495 2689 fictilibus
1518 2645 1626 2677 mini-

913 2697 1025 2730 serari
1049 2698 1167 2738 ἐπιδεέες
1203 2694 1270 2729 59:
1310 2700 1341 2727 et
1380 2699 1483 2727 erant
1507 2694 1546 2726 in
1573 2694 1626 2726 ci-

913 2746 1019 2778 vitate
1064 2745 1262 2788 Lingonum
1300 2747 1375 2775 octo
1415 2742 1627 2775 Batavorum

914 2793 1084 2826 cohortes.
1115 2792 1153 2825 G.
1183 2790 1250 2826 26:
1280 2797 1310 2824 ct
1337 2795 1492 2835 superest
1518 2800 1625 2835 agen

914 2842 981 2876 29:
1010 2846 1041 2874 et
1072 2840 1214 2873 Chattos
1239 2850 1319 2872 suos
1353 2838 1463 2872 satius
1491 2838 1626 2882 Hercy-

915 2891 991 2922 nius
1015 2888 1237 2932 prosequitur
1276 2886 1378 2921 simul
1403 2898 1448 2920 ac
1474 2887 1624 2931 deponit.

917 2939 958 2971 A.
980 2937 1042 2972 10:
1071 2942 1103 2970 et
1127 2941 1175 2970 est
1205 2946 1247 2969 ea
1273 2936 1403 2982 species
1430 2935 1523 2969 citra
1551 2935 1625 2969 Ca-

915 2985 1100 3019 ledom'am.
