1768 3216
172 229 220 264 32
749 218 1055 256 HISTORIARVM
1440 227 1472 252 a.
1499 224 1536 252 11.
1561 214 1648 253 822.

0 340 47 398 5³5,
88 344 143 386 51⁷..
171 343 434 399 quintanique
471 339 619 383 turbidi
650 339 755 382 adeo
785 342 829 382 ut
859 337 1023 392 quidam
1054 347 1154 379 saxa
1183 335 1226 376 in
1257 333 1414 376 Galbae
1440 331 1649 388 imagines

11 389 30 399 Α
76 394 95 400 Q
170 419 359 461 iecerint:
392 417 525 471 quinta
554 416 723 458 decuma
755 428 804 457 ac
837 417 952 457 sexta
985 413 1155 455 decuma
1187 410 1378 466 legiones
1408 409 1511 452 nihil
1540 407 1649 453 ultra

170 493 367 536 fremitum
396 495 436 534 et
463 491 593 533 minas
625 502 749 532 ausae
780 489 937 531 initium
969 486 1209 541 erumpendi
1234 483 1648 539 circumspectabant.

167 567 221 609 At
253 567 293 607 in
324 566 536 620 superiore
575 565 760 608 exercitu
803 567 944 618 quarta
985 576 1034 604 ac
1073 561 1398 604 duoetvicesima
1439 559 1648 615 legiones,

135 641 293 685 sisdem
323 640 503 682 hibernis
548 639 785 692 tendentes,
835 639 924 692 ipso
955 637 1222 680 kalendarum
1266 635 1550 678 Ianuariarum
1580 633 1651 678 die

147 718 349 769 ,rumpunt
377 714 577 769 imagines
608 713 775 766 Galbae,
809 716 950 766 quarta
981 699 1094 767 legio
1122 711 1364 765 promptius,
1400 708 1651 753 duoetvice-

163 780 263 833 sima
296 778 557 842 cunctanter,
597 800 692 831 mox
723 800 941 830 consensu.
1000 786 1064 828 Ac
1094 799 1146 828 ne
1176 786 1456 828 reverentiam
1485 784 1649 840 imperii

165 877 315 907 exuere
344 864 604 913 viderentur,
645 866 810 905 senatus
839 861 1059 916 populique
1091 861 1266 904 Romani
1303 860 1539 904 oblitterata
1564 859 1647 903 inm

164 939 328 981 nomina
358 942 616 981 sacramento
636 938 906 991 advocabant,
938 937 1049 979 nullo
1079 936 1311 991 legatorum
1333 936 1647 979 tribunorumve

115 1026 237 1068 iopro
270 1013 395 1055 Galba
423 1013 598 1066 nitente,
632 1013 895 1067 quibusdam,
926 1017 969 1054 ut
998 1012 1039 1054 in
1069 1012 1265 1065 tumultu,
1296 1011 1524 1055 notabilius
1552 1007 1648 1054 tur-

164 1087 364 1130 bantibus.
422 1087 512 1129 Non
551 1092 686 1130 tamen
728 1087 937 1142 quisquam
967 1088 1009 1128 in
1049 1087 1215 1129 modum
1260 1087 1469 1129 contionis
1511 1089 1583 1129 aut
1622 1098 1648 1129 e

164 1165 359 1216 suggestu
399 1161 572 1203 locutus.
630 1163 771 1216 Neque
810 1162 916 1204 enim
957 1166 1046 1204 erat
1080 1161 1215 1204 adhuc
1256 1161 1322 1203 cui
1362 1162 1645 1216 imputaretur.

162 1237 373 1290 Spectator
399 1235 542 1290 flagitii
572 1235 833 1279 Hordeonius
871 1237 1043 1279 Flaccus
1073 1236 1307 1279 consularis
1337 1236 1500 1292 legatus
1540 1235 1717 1280 ade-56

161 1314 237 1363 rat,
268 1321 352 1351 non
374 1321 636 1364 compescere
652 1315 831 1364 ruentes,
862 1323 946 1353 non
969 1312 1152 1354 retinere
1172 1311 1338 1365 dubios,
1371 1323 1457 1354 non
1491 1310 1650 1354 cohor-

113 1384 239 1428 rstari
266 1385 398 1427 bonos
431 1397 576 1438 ausus,
611 1386 684 1428 sed
715 1386 857 1441 segnis
885 1386 1084 1440 pavidus,
1128 1390 1168 1428 et
1197 1385 1396 1429 socordia
1426 1385 1646 1430 innocens.

293 1507 327 1543 2.
355 1501 464 1541 nichil
487 1505 551 1541 Ma.
624 1508 656 1544 3.
684 1508 824 1552 fremitu
848 1507 915 1543 Ma.
1001 1509 1036 1544 4.
1062 1509 1243 1555 superiore
1268 1505 1334 1551 Ma,
1359 1517 1433 1542 non
1457 1507 1645 1555 superiori.

162 1553 424 1589 duoetvicesima
448 1555 525 1589 Ma:
554 1555 694 1591 duodev.
721 1556 789 1591 BG.
836 1557 881 1591 cf.
911 1556 953 1590 ad
982 1568 1012 1591 c.
1044 1557 1099 1592 18.
1200 1557 1233 1592 5.
1262 1557 1393 1591 hisdem
1418 1555 1484 1592 Mn.
1583 1554 1641 1591 Kl.

162 1613 240 1636 cum
266 1603 327 1637 lin.
355 1608 484 1637 transv.
512 1603 577 1638 Ma.
652 1605 685 1639 6.
712 1611 873 1651 rumpunt
902 1605 1038 1639 editor:
1069 1605 1123 1640 Ma
1150 1605 1382 1652 dirrumpam.
1467 1611 1649 1652 promptu·

159 1649 232 1684 Ma:
260 1650 287 1685 G
309 1652 508 1698 promptius.
584 1653 874 1688 duoetvicensima
899 1653 965 1689 Ma.
1040 1653 1077 1689 8.
1109 1654 1296 1688 obliterata
1325 1653 1391 1689 Ma.
1458 1653 1488 1690 9.
1515 1665 1646 1689 sacra-

157 1705 272 1733 menta
298 1699 399 1733 GMaz
426 1708 643 1736 sacramento
669 1702 741 1736 AC.
828 1704 883 1737 11.
909 1708 970 1737 aut
997 1715 1014 1736 e
1044 1708 1205 1749 suyqeslu
1233 1701 1369 1737 editor:
1397 1701 1451 1737 Ma
1475 1707 1538 1738 aut
1561 1713 1647 1750 mq-

157 1753 264 1791 9estu,
292 1747 488 1783 Groslotius
514 1761 531 1784 e
556 1757 725 1796 suggestu.
803 1753 856 1786 12.
884 1752 956 1797 inp.
983 1749 1049 1786 Ma.
1122 1753 1178 1786 14.
1206 1751 1391 1786 cohartari
1415 1749 1482 1787 Ma.

158 1855 247 1890 haec
270 1857 380 1891 verba
404 1858 592 1893 ostendent
624 1860 767 1895 solemni
797 1872 859 1895 sa-

161 1911 334 1939 cramento
360 1911 496 1940 sextum
522 1918 639 1941 casum
667 1919 764 1951 esse,
789 1920 860 1942 non

160 1953 313 1996 tertium,
332 1954 424 1997 quod
438 1955 586 1989 credidit
598 1955 859 1991 Doederlinius.

232 2007 392 2045 rumpunt
423 2003 591 2047 imagines
627 2005 779 2038 Galbae:
813 2005 862 2039 li-

161 2046 215 2081 bri
241 2048 389 2082 Medicei
417 2050 632 2097 dirrumpunt
667 2058 779 2086 ortum
819 2064 862 2086 ex

928 1863 1056 1896 rentia.
1122 1861 1254 1897 Contra
1294 1863 1493 1910 dirumpere
1524 1873 1646 1910 neque

930 1910 1015 1943 alibi
1049 1910 1141 1954 apud
1178 1910 1335 1946 'saeuum
1373 1913 1571 1957 reperitur,
1609 1917 1647 1948 et

930 1957 1024 1991 idem
1065 1959 1174 1993 verba
1214 1960 1416 2004 simplicia,
1469 1961 1530 1996 ubi
1565 1960 1644 1996 fieri

930 2010 1060 2088 poltest‚
1087 2007 1209 2041 formis
1236 2011 1443 2054 compositis
1460 2010 1645 2055 praeferre

931 2064 969 2088 so
989 2059 1034 2088 et.

161 2096 320 2139 proximo
356 2098 498 2132 nomine
540 2100 593 2133 die
632 2103 784 2145 repetito
829 2106 864 2135 et

162 2153 345 2188 perperam
372 2146 561 2189 applicato.
589 2147 673 2182 Inde
693 2149 785 2194 quod
805 2149 863 2183 fe-

165 2197 287 2225 cerunt
310 2193 512 2237 interpolati
535 2195 628 2239 libri,
656 2197 862 2243 dirumpunt,

164 2237 232 2273 hoc
257 2245 309 2274 est
345 2242 380 2274 in
419 2242 504 2277 duas
543 2250 660 2288 partes
700 2257 863 2290 rumpere

166 2290 445 2337 (zersprenyen),
481 2302 550 2325 non
578 2298 696 2337 aptum
723 2300 863 2329 ceterae

163 2334 233 2369 loci
262 2339 470 2373 sententiae.
497 2340 582 2374 Nam
601 2342 770 2377 militibus
792 2353 863 2377 non

163 2383 343 2428 diffindere
376 2386 506 2421 Galbae
546 2389 718 2434 imagines
764 2391 860 2425 cordi

163 2434 247 2465 tunc
273 2437 363 2474 erat,
404 2434 466 2468 sed
488 2447 646 2481 rumpere
673 2438 716 2472 de
742 2439 861 2473 vexil-

163 2477 227 2521 lis,
261 2484 299 2512 ut
325 2480 468 2515 Galbam
502 2483 637 2518 desisse
671 2487 863 2530 imperato-

163 2536 237 2560 rem
263 2528 527 2574 signifiearent;
554 2532 599 2566 cf.
626 2532 769 2569 H.141.
800 2536 863 2569 Cui

162 2575 299 2609 notioni
342 2578 451 2611 servit
492 2591 673 2625 rumpere,
718 2583 864 2617 verbum

162 2622 268 2666 paulo
306 2623 431 2659 fortius
471 2637 573 2670 quam
604 2629 759 2674 deripere
786 2636 820 2664 et
846 2642 866 2665 a

163 2669 281 2704 Tacito
308 2682 416 2717 saepe
443 2673 630 2709 admissum
656 2687 717 2720 pro
745 2679 866 2713 formis

164 2720 379 2763 compositis,
407 2726 446 2754 ut
472 2721 503 2756 II
525 2724 585 2758 17:
615 2724 680 2758 itta
705 2732 867 2771 rupturus

162 2766 224 2811 (ξ
249 2772 503 2816 per-rupturus).
548 2771 590 2805 H.
620 2773 650 2806 V
675 2775 742 2809 20:
769 2786 866 2808 rum-

159 2824 244 2858 pere
271 2816 514 2864 (abrumpere)
552 2820 753 2855 inchoatum
774 2834 866 2868 pon-

165 2866 230 2894 tem
257 2864 466 2901 nitebantur.
520 2868 655 2905 X130:
693 2878 867 2916 rumperet

166 2909 225 2950 (=
252 2910 472 2962 dirumperet)
507 2916 642 2951 tabulas
674 2920 862 2965 nuptiales.

167 2954 210 2991 Η.
236 2955 343 2995 120:
380 2967 485 3010 rupta
517 2969 727 3003 sacramenti
762 2979 865 3004 reve-

1001 2114 1073 2136 non
1094 2124 1139 2130 ›—
1165 2106 1203 2138 in
1221 2106 1358 2141 modum
1383 2107 1562 2144 coniiouie.
1582 2113 1646 2143 aut

933 2161 950 2183 e
966 2158 1143 2197 suyyestu:
1169 2154 1206 2187 in
1230 2155 1366 2190 modum
1392 2157 1644 2203 comionis'qui

931 2198 1111 2244 loquitur,
1148 2212 1278 2237 corona
1313 2205 1537 2240 audientium
1570 2206 1645 2240 cir-

933 2248 1114 2283 cumdatus
1137 2256 1211 2295 est3
1240 2264 1258 2285 e
1282 2259 1444 2299 suyyestv
1468 2254 1534 2300 qui*
1556 2263 1645 2289 ver-

931 2295 975 2329 ba
1001 2297 1104 2340 facit,
1144 2305 1204 2332 aut
1239 2302 1444 2336 contionem
1479 2307 1542 2337 aut
1564 2306 1649 2337 tur-¹

931 2343 1010 2378 bam
1050 2351 1085 2380 et
1127 2348 1288 2394 singulos
1329 2350 1467 2397 alloqui
1510 2354 1645 2396 poten.

931 2391 1053 2438 Itaque
1088 2395 1242 2440 glossam
1280 2408 1360 2433 esse
1395 2405 1458 2434 ana
1482 2404 1646 2446 ⁸⁸⁸qu

931 2451 1002 2474 non
1028 2448 1125 2477 recte
1140 2445 1223 2478 olim
1249 2448 1453 2491 suspicatus
1472 2457 1563 2492 sum,
1579 2448 1644 2482 nod

932 2499 1002 2522 non
1028 2490 1150 2526 Latine
1177 2494 1246 2527 dici
1263 2502 1424 2541 suyqestu
1449 2496 1644 2542 loqm'vore

932 2539 1072 2581 monui,
1114 2543 1272 2585 quamvis
1309 2555 1348 2577 eo
1385 2549 1548 2590 suyqeae·
1580 2543 1642 2578 vel

933 2586 1002 2619 alto
1028 2595 1187 2632 suyyestu
1211 2590 1323 2635 loqui,
1350 2592 1457 2627 etiam
1481 2598 1644 2638 aogmata

936 2634 1051 2668 delabi
1085 2637 1142 2671 vel
1182 2639 1253 2672 labi
1284 2645 1320 2673 et
1347 2641 1482 2675 similia*¹
1506 2648 1645 2685 ponere

934 2692 1139 2718 concessum
1166 2688 1232 2729 sit3
1258 2689 1352 2732 quod
1381 2688 1521 2724 vellem·
1541 2689 1643 2724 noe-

934 2730 1103 2765 derlinius
1143 2735 1248 2778 paulo
1281 2736 1492 2783 diligentius
1518 2738 1642 2772 consi*-

934 2776 1090 2812 derasset
1120 2792 1222 2825 quam
1256 2783 1349 2819 hunc
1388 2785 1649 2820 soloecismum<

934 2828 1025 2860 tueri
1057 2828 1229 2865 voluisset
1258 2838 1319 2866 aut
1352 2834 1520 2878 exemplo
1559 2844 1643 2868 cor-

934 2880 1035 2918 rupto
1063 2877 1140 2921 (Xll
1160 2879 1206 2913 38
1231 2881 1317 2915 vicis
1342 2887 1376 2916 et
1401 2882 1554 2917 castellis
1577 2893 1642 2928 pro

935 2933 952 2955 e
978 2924 1062 2957 vicis
1087 2931 1118 2958 et
1144 2929 1190 2973 c.)
1217 2933 1276 2961 aut
1303 2929 1393 2965 locis
1417 2932 1563 2966 minime
1588 2932 1642 2966 si-

933 2970 1089 3018 milibus,
1120 2975 1232 3021 qualis
1257 2983 1338 3013 sunt
1363 2978 1405 3015 11.
1425 2977 1474 3015 111
1493 2980 1536 3016 15
1557 2980 1643 3016 Bri-
