1768 3216
117 221 142 262 ι’
163 225 204 263 G.
230 227 290 264 69.
575 228 709 264 LIBER
735 227 779 263 11.
831 227 920 264 Cn.
947 228 1105 265 68—70.

1554 232 1623 266 161

118 345 287 399 auxilia,
319 346 471 401 ingens
502 358 699 389 numerus
731 351 772 389 et
800 347 932 401 prima
964 348 1101 389 statim
1131 347 1371 409 defectione
1396 348 1505 390 inter
1532 349 1631 392 ina-

0 395 234 517 ‚dymin
217 420 315 489 belli
346 421 601 492 adsumptus
1157 404 1223 411 2⁷*
1263 403 1523 417 *s-——ae—ffl-fl.
1542 410 1567 414 >⁷

119 484 285 550 imperii
330 492 432 550 opes
472 482 735 549 sufficerent,
796 497 996 551 amputari
1036 497 1251 552 legionum
1298 494 1732 552 auxiliorumque‘lz':

0 595 73 647 aa&
119 582 316 613 numeros
348 571 485 624 iubet,
514 572 653 614 vetitis
685 572 1012 655 supplementis3
1054 576 1095 612 et
1136 572 1374 626 promiscae
1405 573 1631 616 missiones
1674 596 1689 615 ψ
1729 593 1764 637 21}

121 643 417 687 offerebantur.
478 646 701 688 Exitiabile
733 647 773 688 id
804 647 868 689 rei
898 646 1115 700 publicae,
1148 647 1354 701 ingratum
1386 648 1529 700 militi,
1563 649 1663 690 cuis

123 719 272 763 eadem
301 722 440 763 munia
480 721 589 764 inter
629 734 818 776 paucos,
869 722 1139 776 periculaque
1186 735 1235 764 ac
1280 722 1400 765 labor
1442 724 1629 767 erebrius

122 795 331 838 redibant.
381 796 432 837 Et
462 796 574 838 vires
606 796 704 837 luxu
736 796 1134 850 corrumpebantur,
1166 801 1313 838 contra
1343 802 1529 840 veterem
1562 798 1633 840 di·-

122 869 339 925 sciplinam
371 852 433 913 es
442 871 625 912 instituta
656 872 885 923 maiorum,
933 871 1040 925 apud
1082 883 1187 925 quos
1218 872 1370 914 virtute
1402 884 1522 926 quam
1553 885 1635 927 pe—

125 948 248 989 cunia
279 959 349 989 res
379 946 566 989 Romana
598 947 745 990 melius
777 947 902 989 stetit.
1279 931 1284 937 ’

35 1017 130 1057 70.
287 1021 390 1064 Inde
419 1022 608 1064 Vitellius
650 1022 899 1064 Cremonam
941 1022 1087 1075 flexit,
1142 1026 1182 1063 et
1231 1026 1419 1076 spectato
1458 1033 1686 1071 mutierem

124 1096 335 1139 Caecinae
365 1096 560 1139 insistere
576 1096 929 1139 Bedriacensibus
962 1098 1119 1151 campis
1151 1110 1200 1139 ac
1230 1098 1411 1153 vestigia
1443 1099 1629 1140 recentis

121 1156 327 1215 victoriae
366 1171 546 1214 lustrare
586 1172 720 1214 oculis
770 1173 1022 1226 concupivit.
1107 1172 1292 1214 Foedum
1345 1176 1467 1227 atque
1509 1178 1631 1215 atrox

126 1247 424 1301 spectaculum.
474 1246 586 1289 Intra
618 1247 981 1302 quadragesimum
1012 1259 1178 1302 pugnae
1211 1247 1323 1288 diem
1353 1247 1495 1289 lacera
1528 1259 1631 1289 cor-

121 1334 253 1377 pora,
286 1322 423 1364 trunci
453 1326 593 1375 artus,
634 1326 775 1377 putres
806 1323 992 1364 virorum
1026 1334 1310 1377 equorumque
1342 1323 1527 1375 formae,
1560 1323 1631 1364 in-

123 1389 233 1439 fecta
266 1397 362 1439 tabo
393 1397 556 1450 humus,
587 1398 774 1452 protritis
807 1398 1029 1439 arboribus
1060 1410 1110 1439 ac
1142 1398 1332 1453 frugibus
1375 1398 1466 1440 dira
1495 1398 1687 1442 vasti-1⁵

122 1475 202 1514 tas
270 1471 358 1514 Nec
403 1472 539 1519 minus
587 1472 810 1533 inhumana
844 1484 942 1526 pars
985 1472 1106 1525 viae,
1153 1484 1275 1526 quam
1319 1473 1629 1514 Cremonenses

122 1546 242 1589 lauru
275 1547 470 1601 rosisque
511 1530 857 1598 constraverant,
912 1547 1112 1588 extructis
1167 1547 1367 1588 altaribus
1408 1547 1629 1600 caesisque

123 1621 303 1664 victimis
332 1622 496 1676 regium
526 1621 568 1663 in
600 1633 781 1671 morem3
813 1633 919 1674 quae
949 1621 1058 1662 laeta
1091 1622 1132 1662 in
1162 1634 1363 1675 praesens
1395 1633 1494 1662 mox
1523 1632 1628 1675 per-

261 1760 297 1795 2.
322 1759 395 1792 iam
419 1758 477 1792 A:
512 1764 583 1792 tam
612 1756 687 1800 Ma,
715 1759 755 1791 tri
780 1760 930 1804 (tamen)
958 1758 986 1791 G
1013 1762 1047 1791 et
1075 1756 1148 1791 alii.
1273 1758 1308 1792 4.
1342 1758 1540 1802 promiscae
1566 1755 1633 1800 Ma,

127 1809 350 1855 promiscuae
376 1806 417 1842 G.
489 1807 525 1842 8.
557 1807 688 1840 virtute?
717 1805 782 1841 Ma.
862 1807 919 1841 13.
946 1807 1276 1852 quadragensimum
1302 1806 1368 1841 Ma.
1447 1807 1502 1841 17.
1530 1806 1635 1840 lauru

128 1856 235 1892 GMa:
261 1857 364 1891 lauro
390 1855 431 1890 B.
548 1866 714 1900 rosasque
740 1854 807 1899 Illa,
834 1856 925 1889 rosis
951 1866 1015 1900 que
1042 1854 1081 1898 G,
1109 1866 1258 1900 rosaque
1295 1854 1465 1890 Orellius.
1565 1867 1633 1889 ces.

127 1906 197 1942 lila-
276 1905 332 1940 18.
355 1905 545 1952 pernitiem
570 1902 645 1951 ma„
1203 1926 1222 1943 ,

673 407 973 464 Οεῐεηιηῗῖῐ
985 409 1279 476 largitionibus
1311 422 1506 465 adfectae
1543 424 1627 466 iam
1663 430 1699 447 ‘'-
1756 415 1763 421 ‘

129 2027 174 2062 de
198 2027 328 2062 robore
356 2027 509 2061 militum
539 2027 608 2062 hoc
634 2027 716 2061 loco
744 2028 845 2061 acci-

129 2076 323 2121 piendum,
358 2086 430 2110 non
468 2076 512 2111 de
554 2078 632 2121 ipso
668 2078 842 2119 exercitu,

128 2130 168 2159 ut
191 2125 280 2160 fecit
304 2124 572 2159 Doederlinius.

199 2173 286 2218 Cap.
313 2175 372 2209 70.
398 2173 480 2207 inde
514 2174 670 2208 Vitellius
697 2175 845 2208 Cremo-

57 2255 64 2265 „
130 2233 215 2256 nam
237 2223 354 2267 flexit:
386 2233 406 2255 a
432 2223 555 2256 Ticino
593 2226 645 2268 (c.
672 2223 739 2269 68)
769 2222 845 2262 Bo-

129 2272 274 2304 uoniam
302 2273 354 2315 (c.
382 2271 447 2316 71)
481 2276 580 2304 recta
602 2272 662 2304 via
698 2271 847 2315 protici-

132 2329 238 2352 scens
257 2317 466 2352 Cremonam
483 2329 553 2352 non
571 2320 764 2365 attigisset,
784 2320 848 2354 sed

133 2377 199 2411 per
238 2366 455 2401 Placentiam
499 2377 542 2401 eo
590 2368 847 2402 contendisset.

134 2414 205 2450 Sed
231 2426 311 2449 cum
343 2416 472 2460 proelii
506 2416 624 2450 locum
650 2418 848 2461 praeterire

132 2463 259 2507 nollet,
286 2475 307 2498 a
332 2465 392 2498 via
417 2465 578 2499 instituta
608 2465 651 2499 ad
670 2465 847 2500 sinistram

134 2517 268 2558 partem
294 2514 401 2558 [texit.

204 2563 304 2596 intra
336 2562 640 2607 quadragesimum
675 2563 762 2597 diem
791 2563 848 2596 la·

135 2621 220 2644 cera
265 2622 447 2656 corpora:
484 2612 577 2645 inter
615 2611 850 2658 quadraginta

135 2658 213 2692 dies
245 2669 396 2703 corpora
431 2669 579 2701 eorum,
616 2670 708 2704 quae
743 2671 851 2705 supra

123 2698 280 2739 humum
314 2707 442 2740 relicta
470 2712 553 2740 sunt
580 2707 671 2751 (vid.
698 2719 775 2752 cap.
804 2709 851 2743 45

138 2759 228 2788 extr.
231 2758 263 2801 )‚
291 2765 309 2788 a
338 2754 506 2797 canibus,
541 2755 668 2789 avibus
695 2756 851 2802 aliisque

137 2802 264 2836 bestiis
292 2803 486 2837 dilacerata
513 2808 549 2836 et
577 2804 697 2838 adesa.

202 2863 269 2885 uec
293 2853 405 2886 minus
430 2852 627 2885 inhumana
642 2864 729 2898 pars
751 2854 851 2886 riae:

137 2899 336 2934 inhumana
369 2905 423 2934 est
460 2900 580 2934 aliena
615 2900 659 2934 ab
700 2900 853 2934 humano

137 2959 258 2991 sensu,
286 2949 476 2994 superbiae
504 2948 723 2982 Vitellianae
748 2959 855 2994 supra

138 2996 329 3032 humanum
355 2997 497 3032 modum
522 2999 738 3032 inserviens.
792 2998 855 3032 ln-

245 3084 372 3114 Tacitus
395 3083 448 3113 ΙΙΙ.

915 2026 1093 2073 telligitur
1119 2037 1200 2071 pars
1238 2026 1320 2060 viae
1357 2025 1401 2059 ab
1428 2025 1517 2059 urbe
1544 2024 1634 2059 Cre-

914 2085 1020 2109 mona
1047 2075 1089 2109 ad
1114 2073 1243 2120 proelii
1268 2085 1428 2119 campum
1457 2074 1634 2109 ducentis.

914 2123 1018 2158 Falsa
1045 2125 1088 2158 ad
1116 2124 1150 2159 h.
1176 2124 1200 2158 l.
1230 2124 1512 2158 comminiscitur
1533 2123 1636 2157 Wal-

914 2173 1049 2207 therus.
1518 2185 1521 2188 ·

999 2221 1103 2255 lauru
1139 2223 1295 2266 rosisque
1338 2226 1633 2254 constraverunt.-

917 2270 1069 2304 Medicei
1094 2266 1260 2314 rosasque
1286 2279 1350 2313 pro
1366 2269 1523 2312 rosisque
1551 2268 1635 2302 hinc

917 2324 1038 2351 natum
1063 2345 1072 2361 ‚

919 2369 1054 2413 (Rosea
1078 2369 1236 2412 streuen)
1269 2366 1388 2399 scriba
1421 2375 1531 2409 prave
1570 2375 1636 2399 co-

920 2417 1060 2461 gitavit.
1100 2414 1355 2450 Doederlinius
1371 2414 1637 2448 commendavit

918 2475 1068 2509 rosaque
1100 2469 1136 2498 et
1161 2464 1255 2498 idem
1283 2462 1440 2498 Orellius
1478 2463 1514 2496 in
1545 2473 1637 2496 con-

920 2518 1020 2547 textu
1049 2514 1190 2557 posuit:
1218 2523 1288 2546 non
1316 2522 1456 2557 sequar,
1484 2512 1635 2555 primum

918 2562 1014 2607 quod
1038 2562 1250 2595 variationis
1276 2565 1452 2594 amantem
1473 2571 1554 2594 esse
1566 2560 1635 2593 'l'a-

921 2612 1028 2644 citum
1058 2611 1236 2656 cognovi,
1277 2614 1350 2642 tum
1390 2608 1486 2653 quod
1518 2608 1636 2641 colle-

921 2661 1016 2693 ctiva
1042 2661 1096 2692 vis
1114 2660 1250 2692 numeri
1270 2657 1462 2702 singularis
1480 2667 1518 2689 se
1547 2665 1637 2688 con-

921 2710 1012 2742 tinet
1050 2709 1085 2741 in
1132 2708 1239 2741 cenis
1283 2704 1553 2745 locutionibus,
1598 2708 1638 2736 nt

918 2762 1045 2802 potare
1080 2758 1119 2789 in
1152 2767 1259 2795 rosa,
1307 2754 1424 2785 titere
1456 2753 1494 2784 in
1534 2762 1636 2794 rosa,

923 2816 995 2838 esse
1021 2806 1059 2837 in
1089 2815 1184 2844 rosa,
1217 2808 1277 2835 aut
1304 2800 1492 2833 adiuvatur
1518 2799 1637 2833 addito

923 2852 1103 2896 epitheto,
1142 2850 1255 2884 veluti
1293 2851 1328 2882 in
1357 2848 1494 2883 Horatii
1521 2848 1637 2884 Car.m

922 2901 936 2934 l
966 2902 987 2935 5
1018 2903 1057 2934 1:
1084 2900 1194 2933 multa
1218 2899 1257 2931 in
1284 2909 1380 2931 rosa.

994 2959 1075 2981 mox
1099 2947 1292 2996 perniciem
1317 2946 1401 2993 ipsis
1426 2947 1570 2991 fecere:
1603 2956 1638 2983 v.

924 2998 966 3032 n
992 2996 1040 3030 111
1065 2997 1112 3031 32
1137 3000 1173 3030 et
1190 2996 1248 3031 33.

1391 3061 1439 3103 11

1131 2318 1226 2363 quod
1268 2329 1369 2350 rosas
1410 2322 1635 2350 consternere
1674 2324 1685 2330 ‘
