1768 3216
832 0 954 31 «μ”ἐμειι
978 0 1106 27 ,feder-¹·
1142 11 1171 22 ‘-
1249 0 1262 20 l
1314 0 1332 15 r

337 44 400 109 ‘2⁵‘ss
552 96 571 116 r
747 0 774 86 f
959 51 1213 124 rstlfffl
1641 0 1665 56 δ

143 144 196 194 7⁵¹
283 115 376 176 (ἴέκ
536 117 577 164 s'
759 120 787 137 r.
848 119 890 134 Ῥ
956 121 961 133 ²

166 240 238 275 198
763 225 1071 263 uis‘romAavm
1447 237 1479 261 a,
1506 234 1542 261 u.
1568 224 1654 262 322,

166 357 331 398 leraret.
392 352 454 392 Ac
486 362 538 390 ne
569 348 749 390 inermes
790 345 1034 400 provinciae
1075 341 1266 386 barbaris
1306 341 1545 384 nationibus
1580 354 1661 385 ex·—

165 430 426 483 pone1·entur,
457 422 666 476 principes
699 421 976 463 Sarmatarum
1009 419 1220 473 Iazugum,
1252 428 1383 472 penes
1411 429 1516 471 quos
1549 417 1661 459 civi-

166 501 257 543 tatis
286 498 486 553 regimen,
524 497 565 536 in
597 495 882 537 commilitium
914 493 1077 535 adsciti.
1132 491 1300 534 Plebem
1332 503 1498 546 quoque
1519 495 1560 533 et
1577 490 1662 533 vim

165 573 355 626 equitum,
389 582 467 624 qua
498 570 588 612 sola
618 569 769 618 valent,
806 568 1060 609 offerebant:
1094 567 1318 608 remissum
1350 565 1391 607 id
1411 577 1574 619 munus,
1608 577 1662 608 ne

132 647 269 688 sinter
297 645 531 687 discordias
563 648 733 706 egiterna
773 643 1038 695 molirentur,
1083 645 1153 684 aut
1193 642 1354 695 maiore
1395 654 1448 684 ex
1489 641 1659 684 diverso

162 720 356 763 mercede
386 721 448 761 ius
465 702 624 773 lasque
654 723 868 761 exuerent.
916 717 1152 760 Trahuntur
1181 718 1223 759 in
1253 720 1394 772 partes
1411 716 1514 761 Sido
1538 720 1662 772 atque

162 795 327 836 Italicus
356 806 481 849 reges
499 794 740 846 Suevorum,
775 793 866 847 quis
897 797 1016 834 vetus
1042 793 1291 846 obsequium
1314 804 1416 847 erga
1430 791 1659 844 Romanos,

163 867 737 935 εῑὶςθέἕῇῇᾴᾳςοῐηῳῖξεε
777 868 1014 936 ρειρῑἰέῃῆῑίον.
1077 867 1214 909 Posita
1257 867 1299 908 in
1340 866 1448 909 latus
1488 865 1658 919 auxilia,

162 928 312 984 infesta
351 943 518 994 Raetia,
557 942 622 983 cui
663 928 1116 995 PorciusSeptiminus
1154 945 1405 996 procurator
1437 945 1548 994 erat,
1592 941 1663 982 in-

115 1020 381 1070 incorruptae
421 1029 522 1071 erga
564 1016 768 1058 Vitellium
808 1016 918 1057 fidei.
979 1016 1112 1071 Igitur
1155 1016 1351 1059 Sextilius
1402 1015 1518 1059 Felix
1569 1027 1662 1058 cum

299 1156 332 1189 2.
357 1154 529 1200 principis
554 1152 618 1187 Ma.
701 1154 868 1200 Iazuqum
893 1153 968 1189 Ma:
997 1153 1176 1199 Lazuqum
1203 1154 1242 1188 G.
1322 1165 1458 1200 paene:
1482 1152 1550 1188 Ma.
1626 1155 1661 1190 6.

164 1208 327 1236 trauntur
352 1204 390 1236 in
413 1208 514 1245 parte
542 1201 618 1236 Ma:
656 1202 845 1237 trahuntur
870 1204 909 1237 in
933 1203 1047 1247 partis
1077 1202 1116 1237 G.
1204 1203 1237 1237 7.
1273 1202 1457 1237 sueborum
1483 1201 1548 1238 Mn.
1624 1203 1659 1238 8.

163 1252 344 1285 commissa
370 1250 504 1285 editor:
533 1250 587 1284 Ma
613 1252 839 1295 commissior‚
866 1251 958 1286 ABG
988 1255 1024 1285 et
1051 1250 1275 1287 Oxonienses
1306 1251 1520 1295 commissae,
1549 1255 1586 1286 et
1610 1252 1663 1286 sic

162 1299 285 1345 vulg0.
361 1300 393 1334 9.
418 1301 621 1345 incorrupte
647 1299 712 1334 Ma.

165 1434 279 1468 chena
304 1444 390 1467 vere
428 1434 608 1468 intellexit
651 1436 777 1480 aponio
814 1446 875 1469 sa-

161 1484 256 1525 lium,
288 1487 325 1516 ut
351 1483 386 1516 iu
413 1481 466 1515 Ma
495 1483 639 1529 legitur,
671 1494 749 1518 esse
776 1484 875 1530 Apo..

161 1533 220 1564 nio
247 1532 374 1573 Satur,
412 1531 468 1565 cui
495 1533 580 1565 nino
608 1533 642 1565 in
671 1532 781 1567 altera
809 1544 874 1577 pa-

162 1580 246 1623 gina
275 1591 319 1613 ex
345 1585 500 1613 monstro
541 1581 705 1614 ninocum
730 1584 778 1616 ita
808 1593 874 1626 ap-

161 1628 363 1672 plicandum
394 1634 508 1671 esset,
550 1634 587 1662 ut
614 1629 714 1664 fieret
743 1631 875 1664 Satur-

162 1677 259 1711 nino,
307 1676 361 1710 Ex
386 1678 470 1710 nino
498 1689 574 1711 cum
600 1679 635 1711 in
663 1678 744 1712 aliis
772 1679 875 1712 codi-

163 1724 262 1758 cibus
289 1725 459 1759 facillima
494 1726 719 1761 aberratione
743 1729 876 1762 innoc-12

162 1773 222 1806 vel
248 1773 459 1816 innocuum,
500 1779 606 1820 atque
632 1786 763 1809 novum
791 1776 875 1810 inde

162 1821 287 1854 vitium
325 1823 514 1856 exercitum
552 1834 613 1867 pro
649 1826 804 1858 exercitu
839 1826 875 1857 in

162 1869 349 1914 plerisque*
372 1871 497 1914 (etiam
524 1870 644 1918 inMfl)
671 1877 790 1905 natum
809 1877 873 1906 est.

231 1918 269 1949 in
295 1919 529 1952 commilitium
543 1920 690 1953 adsciti:
717 1920 762 1954 cf.
779 1920 875 1956 160:

166 1964 371 1997 Chauci-
403 1967 442 1998 iu
481 1968 714 2001 commilitium
752 1969 878 2002 adsciti

163 2018 252 2046 sunt.
268 2013 431 2047 Militaris
443 2014 576 2049 locutio
596 2015 736 2049 videtur
750 2017 874 2050 fuisse.

230 2060 364 2106 plebem
391 2073 521 2106 quoque
556 2070 587 2097 et
621 2065 688 2097 vim
715 2065 875 2108 equitum,

164 2120 232 2152 qua
265 2109 340 2142 sola
378 2109 516 2152 valent,
563 2112 781 2158 offerebant:
826 2115 876 2146 cis

164 2157 312 2200 equitum
354 2160 519 2203 opposita
567 2166 620 2194 est
655 2161 876 2204 principibus

164 2206 286 2248 paucis
314 2210 349 2239 et
373 2208 526 2252 singulis
554 2209 760 2253 quibusdam
783 2221 875 2255 gen-

162 2254 207 2286 tis
238 2255 405 2300 lazugum
426 2282 434 2297 ,
472 2261 578 2301 alque
605 2259 877 2304 ἐπεξηγητικῶς

161 2301 299 2335 additur
324 2303 367 2336 ad
387 2304 521 2349 plebem
545 2316 686 2350 quoque.
722 2306 874 2352 Iazuges

163 2351 255 2383 enim
296 2350 372 2384 solo
413 2353 594 2396 equitatu,
630 2365 700 2387 non
740 2355 873 2398 pedite,

161 2397 339 2432 valebant.
391 2400 558 2435 Romanis
586 2403 766 2447 principes
795 2404 874 2437 suf.

161 2445 341 2488 siciebant,
368 2449 511 2483 nornine
537 2451 810 2494 commilitones,
835 2463 874 2486 re

160 2494 238 2537 ipsa
259 2496 357 2538 pacis
396 2501 430 2529 et
456 2498 586 2541 quietis
614 2500 743 2544 pignus
774 2501 873 2534 obsi-

161 2541 307 2586 desque.
363 2543 514 2590 Iazuges
549 2547 714 2580 dicuutur
751 2549 809 2593 qui
838 2550 873 2582 in

159 2589 270 2624 Dacia
307 2595 342 2624 et
368 2593 542 2627 orientem
576 2606 699 2630 versus
734 2607 753 2629 a
781 2596 872 2630 Pan-

159 2639 265 2672 nonia
291 2640 349 2673 siti
374 2643 516 2676 nonnisi
543 2642 688 2678 flumine
710 2645 871 2679 Danubio

160 2698 178 2719 a
206 2689 391 2730 provincia
416 2689 562 2725 discreti
588 2693 783 2738 agitabant.
817 2694 871 2728 Cf.

159 2735 294 2768 Plinius
322 2736 363 2771 N.
395 2738 435 2771 H.
465 2740 514 2773 tv
541 2741 598 2776 25.

245 2785 425 2819 remissum
464 2789 502 2822 id
538 2800 660 2823 munus
699 2791 873 2834 (ev-lassam

157 2831 257 2864 ward
289 2832 395 2866 iltnen
432 2835 494 2870 das
536 2837 728 2880 Geschenk)
751 2852 762 2873 .-
803 2839 871 2874 hoc

160 2889 236 2912 cum
276 2882 446 2916 nonnulla
485 2885 650 2921 irrisione
686 2889 870 2933 scriptoris

159 2925 289 2961 dictum
317 2934 370 2963 est
396 2930 440 2965 de
465 2942 611 2969 munere
640 2935 684 2970 ab
714 2938 758 2971 iis
784 2938 869 2983 qui-

159 2972 223 3007 bus
250 2975 394 3011 offertur
419 2980 626 3027 repudiato,
665 2983 728 3019 sed
765 2984 872 3021 beni-

946 1435 1026 1482 gnis
1053 1435 1173 1469 verbis
1203 1445 1272 1468 non
1308 1435 1462 1469 admisso
1498 1439 1535 1469 et
1570 1440 1663 1470 tam-

946 1494 1049 1529 quam
1076 1485 1112 1517 in
1140 1484 1356 1518 beneficium
1381 1484 1566 1519 offerentis
1591 1494 1664 1519 non

944 1537 1107 1577 accepto.
1161 1532 1214 1566 Cf.
1249 1533 1295 1567 XI
1321 1534 1364 1568 3:
1401 1534 1576 1567 remittere
1602 1533 1665 1568 be-

943 1582 1104 1625 neficium
1127 1581 1306 1615 Asiaticus
1333 1582 1405 1624 ait‚·
1433 1581 1479 1616 ΠΙ
1506 1582 1574 1617 55:
1602 1594 1664 1616 re-

944 1631 1050 1663 missa
1075 1629 1245 1664 aedilibus
1273 1629 1353 1664 calis
1385 1641 1483 1665 cura.

1015 1690 1059 1712 ue
1086 1680 1179 1712 inter
1206 1679 1403 1713 discordias
1423 1685 1571 1714 externa
1587 1691 1664 1714 mo-

945 1727 1118 1762 lirentur:
1157 1733 1306 1761 eoeterna
1332 1739 1423 1774 quae
1451 1739 1471 1762 a
1498 1729 1664 1763 denneste-

945 1776 995 1809 cis
1025 1782 1060 1810 et
1086 1776 1244 1810 civilibus
1263 1776 1502 1811 Romanorum
1528 1777 1664 1812 abhor-

944 1829 1035 1858 rent.
1090 1825 1214 1870 Itaque
1242 1830 1391 1859 externa
1415 1825 1535 1860 moliri
1569 1825 1662 1862 idem

946 1877 1116 1917 estatque
1130 1872 1272 1907 hostilia
1283 1874 1422 1918 ayitare
1438 1877 1524 1920 (auf
1535 1874 1664 1910 Feind-

945 1920 1054 1954 licltes
1076 1922 1231 1964 sinum).
1287 1921 1342 1956 Cf.
1371 1922 1413 1956 Η.
1443 1922 1491 1956 lv
1517 1923 1585 1959 32:
1627 1929 1664 1958 ut

946 1969 1129 2002 absisteret
1153 1968 1239 2002 betto
1266 1981 1351 2004 neve
1381 1976 1528 2004 externa
1554 1973 1664 2006 armis

945 2017 1046 2061 falsis
1071 2016 1216 2051 celaret.
1246 2018 1291 2052 xl
1312 2020 1380 2053 24:
1409 2019 1575 2054 acleersus
1599 2032 1663 2054 ea:-

947 2071 1049 2099 terna
1074 2066 1264 2110 floruimus.

1016 2114 1150 2147 maiore
1177 2127 1220 2148 ex
1250 2115 1384 2149 diverso
1409 2116 1589 2151 mercede:
1617 2117 1655 2152 cf

946 2161 986 2195 Η.
1015 2161 1105 2197 1175
1130 2170 1294 2207 paratum
1324 2176 1366 2197 ex
1393 2165 1528 2199 diverso
1549 2177 1663 2212 prae-

944 2211 1061 2244 mium.
1108 2210 1266 2257 Utroque
1292 2213 1373 2246 loco
1401 2224 1465 2257 per
1490 2214 1663 2248 diuersum

945 2264 1063 2302 partes
1091 2260 1304 2295 Vitellianae
1331 2261 1547 2296 denotantur
1576 2262 1659 2297 Fla.

944 2308 1059 2341 vianis
1086 2308 1270 2343 adversae.

1016 2357 1204 2391 trahuntur
1232 2359 1269 2391 in
1295 2365 1416 2404 partes
1446 2360 1530 2394 Sido
1560 2366 1663 2405 atque

945 2405 1115 2438 Italicus.-
1144 2416 1213 2440 non
1231 2407 1349 2441 solum
1377 2409 1444 2452 ipsi
1469 2408 1532 2443 sed
1553 2410 1659 2443 etiam

944 2452 1077 2487 delecti
1105 2455 1355 2499 popularium,
1393 2456 1488 2502 quod
1513 2461 1586 2490 tum
1615 2468 1659 2491 ex

944 2500 998 2534 his
1041 2503 1159 2536 verbis
1203 2504 1246 2538 ad
1286 2505 1405 2548 priora
1445 2506 1659 2550 comparatis

944 2549 1118 2596 colligere
1145 2553 1242 2596 licet,
1270 2557 1343 2586 tum
1369 2564 1400 2587 c.
1425 2554 1469 2588 21
1497 2553 1658 2588 disertim

943 2605 1166 2633 memoratur.

1017 2653 1047 2681 et
1072 2661 1156 2694 qens
1187 2650 1271 2693 fidei
1302 2651 1485 2684 commissa
1512 2652 1658 2698 patien-

941 2695 1030 2729 tior:
1055 2710 1140 2742 9ens
1161 2699 1246 2743 fidei
1274 2701 1479 2743 commissa,
1521 2705 1560 2734 ut
1586 2711 1655 2747 ego

942 2747 1106 2790 correxi,
1145 2752 1198 2780 est
1233 2759 1322 2794 gens
1349 2748 1546 2783 Suevorum
1574 2748 1658 2784 fidei

941 2792 1082 2827 Sidonis
1123 2800 1230 2841 atque
1262 2796 1380 2830 Italici
1431 2808 1451 2831 a
1469 2789 1656 2832 lRomanis

942 2844 1150 2886 commissa;
1178 2843 1250 2878 vid.
1279 2844 1342 2878 Xlt
1370 2844 1417 2880 29
1444 2849 1479 2878 et
1503 2846 1562 2888 30,
1589 2852 1656 2879 an-

939 2894 1012 2922 not.
1042 2891 1084 2924 ad
1113 2892 1174 2926 XIl
1199 2892 1258 2935 29,
1286 2891 1417 2927 collato
1446 2892 1476 2927 H
1503 2893 1562 2929 63.
1612 2893 1656 2928 Hi

935 2937 1051 2974 Suevi
1083 2940 1136 2975 illi
1163 2945 1266 2983 sunt,
1305 2950 1395 2987 quos
1426 2940 1562 2976 Drusus
1595 2941 1656 2975 Ti-

941 2985 1032 3022 berii
1065 2987 1160 3024 filius
1204 2988 1297 3024 ultra
1328 2987 1530 3026 Danubium
1560 2990 1656 3026 inter
1708 3022 1716 3027 .
