1768 3216
129 150 155 195 q·
172 150 217 190 0.
242 148 303 191 69.
594 157 729 193 LIBER
755 158 801 193 11.
859 157 946 194 civ.
973 157 1131 195 66-68.
1564 160 1634 195 159

129 267 220 315 rum
251 273 380 317 edere
409 277 637 330 parabant,
678 289 888 331 nunquam
927 276 981 318 ita
1023 276 1074 319 ad
1114 287 1238 318 curas
1278 276 1436 318 intento
1467 275 1634 318 Vitellio

127 350 174 392 ut
200 348 455 404 voluptatum
486 351 818 394 oblivisceretur.

59 427 120 468 68
265 425 317 468 Et
360 426 528 480 quidem
573 431 714 490 partes
755 426 946 468 modeste
993 426 1265 469 distraxerat:
1306 427 1434 482 apud
1450 427 1635 469 victores
1662 456 1678 493 Ι

130 503 221 542 orta
252 500 431 554 seditio,
463 501 628 543 ludicro
660 502 795 554 initio,
827 520 853 548 ,μ
885 520 910 548 *
943 520 968 548 a
999 519 1025 547 »ι
1086 513 1283 543 numerus
1315 514 1535 544 caesorum
1566 502 1637 544 in·
1660 494 1768 558 Ὗ*

132 573 289 616 vidium
330 574 441 616 bello
473 576 672 617 auxisset.
743 576 1020 618 Discubuerat
1058 576 1248 618 Vitellius
1278 577 1410 618 Ticini
1450 577 1667 622 adhibitos
1703 561 1768 624 Ἰῑ

130 649 183 692 ad
214 649 359 704 epulas
388 650 606 706 Verginio.
664 651 810 706 Legati
841 652 1076 711 tribunique
1108 664 1161 693 ex
1191 651 1376 693 moribus
1407 652 1638 707 imperato-

130 734 223 766 rum
260 725 528 767 severitatem
571 726 831 767 aemulantur
877 726 944 768 vel
984 727 1242 789 tempestivis
1280 720 1486 768 conviviis
1525 739 1637 782 gau-

131 799 251 852 dent3
287 800 464 854 perinde
494 801 613 842 miles
646 802 827 842 intentus
866 805 935 842 aut
965 801 1144 842 licenter
1174 801 1273 855 agit.
1347 802 1467 856 Apud
1499 802 1636 843 Vitel-

128 866 228 917 lium
257 875 398 917 omnia
429 875 679 929 indisposita
710 865 934 918 temiitenta
955 907 966 927 ,
1015 876 1249 930 pervigiliis
1282 889 1331 917 ac
1361 876 1635 918 bacchanali-

129 948 208 992 bus
238 960 361 1004 quam
386 949 634 1004 disciplinae
667 954 707 991 et
739 950 889 992 castris
920 950 1132 1004 propiora.
1177 935 1326 1005 *Igitur
1356 948 1519 993 duobus
1551 952 1634 992 nii-
1648 965 1687 994 ιο

127 1023 294 1078 litibus,
334 1025 467 1067 altero
498 1018 680 1080 legionis
712 1025 907 1079 quintae,
957 1025 1088 1067 altero
1130 1038 1154 1066 e
1186 1025 1313 1067 Gallis
1344 1025 1631 1079 auxiliaribus,

126 1110 205 1154 per
232 1099 450 1142 lasciviam
481 1099 533 1141 ad
564 1104 776 1142 certamen
807 1100 990 1141 luctandi
1017 1101 1224 1153 accensis,
1255 1104 1473 1155 postquam
1492 1100 1633 1155 legio-

126 1173 270 1218 narius
298 1174 563 1242 progi—Qrat,
604 1175 826 1217 insultante
858 1174 976 1216 Gallo
1010 1179 1049 1216 et
1092 1175 1144 1216 iis
1176 1175 1246 1229 qui
1277 1176 1328 1217 ad
1360 1176 1632 1230 spectandum
1682 1212 1760 1242 effi,

129 1254 419 1291 convenerant
446 1249 488 1290 in
519 1250 653 1291 studia
688 1250 892 1302 diductis,
944 1262 1120 1303 erupere
1159 1250 1384 1304 legionarii
1415 1251 1456 1291 in
1487 1251 1631 1304 perni-

128 1323 236 1366 ciem
276 1323 523 1367 auxiliorum
571 1337 621 1366 ac
665 1324 772 1366 duae
813 1325 1009 1366 cohortes
1051 1325 1313 1367 interfectae.
1389 1325 1630 1367 Remedium
1652 1337 1688 1366 ιε

268 1474 306 1508 4.
334 1472 453 1507 hiatus
476 1478 584 1507 notae
609 1479 690 1507 sunt
716 1474 760 1508 ab
788 1473 936 1508 editore.
1015 1487 1084 1508 ces.
1114 1473 1181 1508 Ma.
1271 1475 1305 1508 5.
1333 1475 1488 1508 ausisset
1514 1474 1567 1508 Ma
1595 1479 1631 1508 et

128 1520 219 1556 alii:
245 1522 346 1556 auxit
369 1522 398 1556 G
424 1525 509 1567 (per
534 1527 670 1569 comp.)
691 1529 728 1557 et
754 1522 991 1557 Oxonienses.

129 1569 169 1604 G.
260 1572 372 1605 cuniis
397 1571 462 1614 Ma,
488 1572 663 1605 conuiuiis
695 1572 734 1605 G.

129 1616 160 1652 G
183 1619 345 1665 perinde.

129 1714 238 1751 Gna:
264 1721 464 1751 correctum
489 1718 527 1750 in
554 1717 665 1762 Spir„

129 1863 291 1893 tra-verat
304 1883 315 1901 ,
356 1858 428 1893 nisi
459 1869 624 1891 numerus
660 1869 843 1892 caesorum

126 1905 299 1941 &vidium
322 1905 410 1941 betto
437 1908 611 1950 auxisset,
651 1907 687 1940 in
714 1907 843 1952 quibus

128 1956 253 1990 iuncta
285 1960 368 1990 sunt
401 1966 493 2001 quae
533 1957 602 1989 rite
634 1956 734 2002 iungi
774 1967 841 1990 ne-

129 2009 279 2050 queunt.
291 2003 488 2038 Audiamus
497 2006 731 2039 recentiores
743 2004 844 2039 Doe-

128 2052 303 2088 derlinius
328 2053 550 2100 cogitatione
571 2053 770 2098 supplenda
787 2053 844 2087 di-

129 2102 179 2136 cit
217 2107 250 2136 et
274 2101 415 2136 ludicra
447 2108 581 2136 lantum
619 2114 675 2136 res
711 2104 845 2147 suisset,

129 2149 250 2184 addito
279 2149 360 2185 ‘sed
385 2151 495 2185 verba
535 2151 706 2185 iuvidiam
746 2150 844 2185 bello’

130 2197 340 2233 obscuriora
380 2205 490 2242 sunt3
537 2209 620 2233 mox
658 2210 721 2244 pro
757 2199 845 2233 bello

129 2251 246 2282 tentat
262 2246 411 2291 Vitellio,
438 2258 509 2294 quo
536 2247 628 2281 nihil
655 2248 845 2282 lucramur.

131 2294 289 2330 Orellius
305 2295 479 2330 Gallicum
506 2297 739 2340 interpretem
750 2297 845 2330 Lou-

132 2344 245 2379 andre
273 2349 432 2379 sectatus
458 2345 602 2389 scripsit
630 2345 665 2378 in
692 2350 847 2378 annota-

130 2394 257 2427 tione:
291 2392 510 2428 ‘sententiae
546 2395 596 2427 ita
633 2393 847 2427 cohaerent:

128 2440 331 2476 “ludicrum
372 2443 515 2488 quidem
554 2441 624 2476 fuit
660 2441 849 2476 seditionis

131 2491 286 2535 initium,
311 2490 376 2525 sed
402 2490 532 2525 caedes
558 2489 651 2525 MCC
676 2491 753 2525 fere
780 2490 850 2524 ho-

131 2539 265 2574 minum
294 2540 394 2573 auxit
415 2540 598 2573 'invidiam
625 2541 735 2574 totius
759 2539 849 2574 belli

133 2587 271 2630 civilis,
297 2587 392 2633 qnod
409 2588 521 2622 semel
536 2593 754 2622 transactum
780 2590 850 2622 iam

133 2634 347 2677 videbatur,
380 2639 590 2679 praesertim
624 2648 702 2670 cum
738 2647 850 2681 repu-

134 2687 273 2725 tarent,
316 2693 421 2728 quam
457 2695 501 2717 ex
536 2684 608 2719 levi
646 2695 753 2718 causa
787 2685 850 2719 illa

135 2736 213 2765 orta
239 2730 371 2765 esset'’.
414 2731 467 2765 Ex
493 2731 549 2765 his
574 2731 665 2766 nihil
694 2733 849 2775 Tacitus,

134 2790 179 2814 ac
204 2780 234 2812 si
251 2779 401 2824 perinde
426 2785 464 2813 ut
489 2781 768 2824 interpretantur
780 2781 850 2824 illi,

134 2829 351 2873 scripsisset,
379 2829 495 2862 omnis
522 2828 709 2863 brevitatis
733 2841 775 2865 ac
793 2829 852 2864 di-

135 2875 245 2911 lucidi
270 2878 444 2911 sermonis
486 2879 599 2911 virtus
626 2879 852 2922 pessumdata

135 2929 243 2961 esset.
287 2925 412 2973 Neque
442 2937 526 2961 vere
554 2928 632 2972 ipse
666 2927 751 2962 olim
787 2938 851 2962 su-

1064 1524 1097 1558 7.
1125 1523 1310 1556 severitate
1340 1522 1414 1556 Ma:
1441 1524 1632 1557 seueritate?

820 1572 855 1606 8.
879 1572 988 1617 piade
1009 1583 1087 1605 cum
1114 1584 1135 1616 p
1164 1571 1314 1605 caudato
1342 1572 1521 1617 (proinde)
1549 1571 1628 1605 Ma:

454 1620 488 1655 9.
515 1620 664 1653 bachari.
694 1619 768 1654 Ma:
796 1621 918 1654 bacch.
947 1620 985 1654 G.
1088 1621 1143 1654 13.

128 1666 193 1701 sed
215 1667 260 1702 ab
287 1667 411 1702 eadem
437 1679 483 1701 m.
510 1674 710 1702 correctum
737 1669 929 1714 spectanda
955 1667 1196 1702 conuenerant
1223 1667 1288 1702 Ma.

743 1719 904 1763 pernicie
931 1716 1006 1752 Ma:
1030 1718 1195 1763 pernicie‘
1220 1716 1259 1751 G.

1170 1620 1408 1665 spectaculum
1431 1626 1606 1653 uerierunt
1617 1646 1627 1662 ‚

1384 1667 1438 1703 14.
1474 1668 1628 1702 deductis

911 1859 1110 1903 spicionem
1130 1859 1226 1892 movi
1246 1858 1417 1892 adversus
1441 1859 1481 1891 πῖ
1505 1870 1630 1892 meme..

912 1919 974 1941 νας
999 1929 1043 1933 -
1060 1906 1147 1940 bello
1174 1908 1354 1941 auxisset:
1379 1918 1458 1941 nam
1486 1917 1630 1951 prorsus

913 1956 1037 1990 deerat
1063 1967 1171 1990 causa
1198 1955 1351 1990 addendi
1378 1966 1483 1989 nova.
1521 1955 1629 1989 Immo

915 2004 1048 2039 excidit
1067 2004 1263 2039 membrum
1282 2006 1457 2039 sermonis
1484 2005 1518 2037 in
1536 2004 1631 2039 hunc

914 2053 1058 2087 modum
1096 2054 1173 2087 fere
1208 2054 1492 2087 concinnatum:
1538 2054 1633 2098 apud

914 2103 1064 2136 victores
1091 2108 1170 2136 orta
1192 2102 1327 2145 seditio,
1355 2102 1490 2136 ludicro
1517 2103 1630 2145 initio,

914 2163 1024 2196 neque
1061 2151 1169 2196 digna
1204 2157 1418 2194 memorum,
1460 2152 1531 2185 nisi
1561 2162 1632 2184 πη-

915 2211 1031 2233 merus
1054 2211 1237 2233 caesorum
1262 2200 1434 2233 incidiam
1459 2200 1546 2233 bello
1564 2211 1633 2232 au-

914 2250 1033 2282 xisset.
1060 2248 1232 2281 Nimirum
1254 2247 1360 2281 homo
1388 2249 1522 2293 gravis,
1549 2258 1633 2281 nar-

915 2301 1055 2330 raturus
1096 2307 1172 2330 rem
1204 2306 1268 2340 per
1307 2307 1346 2330 se
1382 2295 1523 2329 futilem
1554 2301 1588 2329 et
1613 2307 1634 2329 a

917 2345 1092 2390 dignitate
1118 2345 1292 2378 historiae
1322 2345 1488 2385 alienam,
1519 2355 1634 2378 excu-

918 2394 1068 2427 sationis
1083 2403 1190 2427 causa
1204 2394 1400 2438 praemittit
1418 2393 1503 2437 quid
1518 2394 1633 2438 ipsum

918 2442 1114 2487 impulerit,
1138 2447 1179 2475 ut
1205 2442 1383 2486 epulantis
1401 2442 1538 2476 Vitellii
1566 2453 1634 2475 ex-

920 2492 1126 2536 ercitusque
1139 2490 1325 2525 lasciviam
1341 2495 1376 2525 et
1389 2490 1510 2524 turbas
1532 2491 1633 2535 operi
1646 2530 1653 2536 ἦ

919 2550 984 2574 suo
1008 2541 1196 2574 insereret.
1224 2538 1375 2574 Nomine
1403 2539 1490 2572 bello
1516 2540 1653 2584 signi-1

920 2589 1042 2623 ticavit
1066 2588 1201 2623 bellum
1219 2588 1329 2621 civile
1354 2599 1374 2621 a
1389 2587 1533 2620 Vitellio
1555 2597 1654 2626 nio-5

920 2642 1006 2671 tum.
1045 2637 1168 2671 Scriba
1195 2636 1345 2670 Medicei
1374 2636 1454 2669 libri
1483 2635 1540 2668 vel
1568 2641 1652 2667 an-t

920 2687 1053 2731 tiquior
1078 2686 1209 2729 aliquis
1244 2696 1263 2718 a
1300 2695 1409 2727 neque
1442 2683 1486 2716 ad
1511 2683 1637 2726 proxi-

920 2745 1014 2768 mum
1041 2745 1208 2767 numerus
1234 2732 1425 2765 aberravit.

992 2782 1199 2826 indisposita
1224 2779 1412 2813 temulenta
1429 2791 1440 2812 .·
1467 2779 1561 2813 conf.
1593 2778 1636 2812 ad

921 2831 966 2864 xl
992 2830 1028 2864 6.
1159 2829 1349 2861 remedium
1385 2827 1546 2862 tumultus
1570 2829 1639 2872 suit

922 2879 1013 2911 alins
1039 2875 1224 2911 tumultus:
1250 2877 1285 2909 in
1314 2876 1505 2910 caedendis
1531 2876 1638 2910 auxi-

922 2927 1034 2960 liat-iis
1059 2925 1251 2972 legionarii
1278 2925 1428 2970 amplius
1454 2925 1637 2972 progressi

1515 3202 1534 3216 K
