1768 3216
172 236 256 280 Μ

181 360 388 409 philosophi
427 370 446 394 a
490 360 695 396 Domitiano
737 372 809 396 non
846 363 901 397 bis

229 420 292 455 sed
318 419 429 455 semel
452 421 540 456 urbe
571 421 712 467 expulsi
737 423 769 457 A
798 423 832 457 2.

180 479 338 525 phoenix
376 481 452 514 avis
488 491 509 514 a
533 480 654 516 Tacito
681 487 896 517 memoratus

234 544 270 574 et
296 539 340 574 de
367 551 411 575 eo
442 541 588 576 fabulae
617 542 660 576 ad
677 542 910 577 recreandum

230 600 384 635 animum
415 601 438 636 6
464 602 522 637 28.

181 659 362 695 Pichenae
399 671 498 695 error
538 662 582 697 de
617 661 822 698 Corbulone
861 664 902 698 11

232 720 287 755 18.

179 781 362 826 piissimus
386 782 417 816 A
443 782 502 818 43.

182 839 346 875 Pinarius
381 841 668 887 pro'l’omponio
710 843 907 878 restituen-

228 901 292 935 ‹lus
318 901 340 934 6
369 902 403 936 8.

180 959 244 995 Cn.
274 960 413 995 Pisonis
441 962 647 996 consulatus
673 962 695 997 3
725 963 780 998 16.
824 963 902 997 eius

227 1020 322 1055 filius
347 1032 563 1066 praenomen
594 1024 744 1057 mutavit
770 1023 792 1058 3
817 1025 876 1059 17.

179 1081 320 1116 Pisonis
346 1081 524 1116 Liciniani
549 1088 717 1128 parentes
753 1083 903 1118 fratres..

231 1152 300 1187 que
328 1153 347 1175 a
374 1140 523 1176 Claudio
552 1147 586 1177 et
612 1142 754 1178 Nerone
774 1144 905 1178 sublati

233 1201 259 1236 Η
291 1202 306 1234 1
340 1202 395 1236 14.
432 1203 546 1236 oratio
573 1204 651 1237 eius
678 1204 793 1237 virum
821 1206 905 1250 qui-

233 1260 313 1295 dem
337 1261 528 1307 integrum,
557 1263 618 1296 sed
636 1273 705 1296 non
724 1268 907 1308 potentem

232 1321 429 1354 animorum
456 1321 607 1356 militum
635 1327 806 1357 monstrat
828 1323 854 1357 H
886 1325 902 1358 1

229 1380 287 1416 29.

184 1440 223 1475 G.
251 1440 332 1475 Piso
360 1442 482 1476 varias
509 1442 554 1476 ob
583 1453 708 1478 causas
744 1454 764 1478 a
797 1444 906 1478 scho-

227 1500 332 1535 liasta
358 1501 541 1537 luvenalis
570 1503 733 1538 laudatus
768 1504 808 1539 15
835 1504 895 1539 48.

227 1562 305 1595 eius
333 1562 463 1596 levitas
489 1563 573 1598 ibid.

179 1621 342 1666 placidus
369 1632 432 1656 ore
459 1622 487 1656 ll
514 1625 533 1658 2
565 1624 623 1659 48.

178 1681 285 1728 plane
311 1693 374 1727 pro
405 1693 491 1718 sane
516 1684 538 1718 3
565 1685 623 1728 34,
654 1685 697 1720 13
725 1685 782 1720 50.
826 1686 907 1730 pla-

228 1753 274 1777 ne
300 1748 382 1787 post
405 1743 641 1780 Gabinianum
668 1745 696 1781 Ο
724 1746 782 1781 26.

180 1802 287 1848 plano
316 1803 383 1837 sita
410 1804 439 1838 H
467 1804 487 1837 3
519 1804 571 1839 19.

180 1862 373 1908 plebiscita
398 1864 430 1898 h.
452 1876 483 1899 e.
504 1866 675 1911 principis
690 1871 908 1912 senatusque

226 1923 370 1958 decreta
406 1935 498 1970 quae
533 1926 575 1959 ad
614 1926 757 1971 plebem
784 1928 899 1972 perti-

226 1989 312 2018 nent
344 1985 384 2019 11
418 1986 472 2019 14.

185 2042 290 2088 plebs
319 2049 354 2078 et
380 2045 534 2089 populus
560 2045 588 2078 H
616 2045 638 2079 3
664 2046 722 2081 58.

179 2102 317 2137 Plinius
382 2103 670 2138 Germanicorum
727 2105 905 2140 bellorum

230 2164 385 2208 scriptor
405 2166 421 2198 1
443 2164 500 2199 69.
517 2164 688 2199 historiae
703 2170 901 2210 temporum

227 2233 371 2258 suorum
399 2229 523 2259 auctor
555 2225 597 2259 13
624 2225 682 2261 20.

182 2283 368 2318 Poeninae
393 2284 505 2329 Alpes
541 2295 561 2318 a
590 2286 805 2332 cognomine
843 2287 910 2320 deo

228 2354 356 2378 nomen
388 2349 572 2379 traxerunt
598 2346 626 2379 H
648 2349 658 2379 1
684 2346 743 2381 61.
769 2345 903 2381 Poeni-

228 2414 311 2437 num
340 2405 407 2438 iter
434 2404 466 2438 H·
494 2406 511 2438 1
541 2404 599 2440 70.

179 2464 327 2508 politior
354 2469 389 2498 ct
422 2465 582 2498 ornatior
610 2464 756 2500 Crassus
785 2466 812 2501 O
847 2467 901 2501 18.

175 2524 348 2568 Pollucia,
378 2535 447 2558 non
477 2525 630 2559 l’ollutia
662 2527 704 2561 16
734 2527 787 2560 10.

176 2583 430 2622 πολύπτωπον
458 2585 485 2618 G
509 2585 544 2619 4.

175 2645 397 2689 pomerium,
432 2654 503 2678 non
527 2645 746 2689 pomoerium
779 2646 820 2679 12
846 2647 905 2682 23.

226 2706 377 2749 pomerii
425 2704 565 2738 Romuli
616 2704 811 2749 descriptio
858 2708 898 2740 12

227 2764 284 2798 24.
319 2764 411 2798 idem
440 2775 459 2798 a
487 2764 636 2798 Claudio
665 2769 700 2798 et
726 2764 806 2799 aliis
834 2776 900 2798 au-

226 2829 319 2858 ctum
350 2825 393 2859 12
420 2824 467 2858 23
495 2829 530 2858 et
556 2825 617 2859 24.

175 2884 368 2931 Pompeiae
395 2884 575 2920 Macrinae
601 2884 708 2930 stirps
733 2884 756 2920 6
786 2884 841 2920 18.

177 2943 368 2992 Pompeius
397 2955 589 2990 oppressus
619 2946 636 2981 1
663 2947 698 2981 2.

861 245 1004 281 INDEX

953 363 1170 408 Pomponius
1190 362 1375 398 Secundus
1394 356 1590 398 carminum
1605 366 1682 398 trs..

992 424 1155 470 gicorum
1172 424 1326 468 scriptor
1342 424 1363 459 5
1389 423 1424 458 8.
1452 425 1580 458 verum
1598 423 1680 458 eius

995 493 1214 527 praenomen
1243 482 1412 528 Publius,
1439 492 1512 518 non
1545 482 1675 518 Lucius

1014 545 1053 577 11
1086 543 1141 578 13.

958 613 1048 648 pons
1074 603 1229 638 Mulvius
1258 604 1286 638 H
1314 604 1335 637 2
1361 602 1420 638 89.

955 663 1084 698 Pontes
1109 663 1211 710 longi
1244 665 1261 698 1
1287 663 1346 699 63.

953 723 1086 758 Pontus
1113 734 1264 771 regnum
1301 725 1336 758 in
1363 723 1574 769 provinciae
1598 723 1678 759 for.

1000 795 1092 818 mam
1120 783 1302 818 redactum
1330 783 1357 818 H
1384 784 1406 819 3
1429 783 1491 820 47.

958 843 1146 889 Poppaeae
1173 843 1326 879 Sabinae
1354 843 1458 890 origo
1488 843 1532 878 13
1556 843 1615 879 45.

950 903 1104 949 populus
1143 909 1248 939 vetus
1277 909 1312 938 et
1336 905 1433 948 prior
1462 905 1478 937 1
1509 904 1541 939 1.
1579 913 1614 949 p.
1641 907 1677 937 et

1001 963 1133 1008 plebs!
1156 965 1191 999 8.
1217 965 1273 998 111
1295 964 1318 997 4
1333 968 1369 998 et
1382 963 1428 999 35
1441 967 1485 1010 ζει
1502 963 1561 1007 50,
1579 963 1676 999 358.

952 1023 1155 1058 Porsennae
1186 1023 1305 1058 dedita
1333 1023 1415 1058 urbs
1443 1023 1474 1058 Η
1497 1022 1520 1058 3
1547 1023 1606 1060 72.

955 1089 1079 1129 portae
1106 1089 1301 1119 castrorum
1337 1084 1518 1129 praetoria
1549 1088 1585 1118 et
1613 1082 1680 1118 de-

1006 1155 1155 1179 cumana
1189 1146 1203 1178 1
1233 1144 1291 1180 66.

956 1205 1133 1249 positivus
1162 1204 1291 1251 gradus
1333 1214 1397 1249 pro
1434 1203 1679 1250 comparativo

1011 1263 1426 1302 157.}1183.A4.

956 1321 1143 1368 possidere
1170 1323 1199 1357 H
1227 1324 1249 1358 3
1275 1323 1309 1358 8.
1349 1322 1531 1368 possessio
1558 1322 1589 1358 Α
1622 1323 1677 1359 18.

952 1384 1146 1428 posteritas
1184 1385 1207 1417 i.
1236 1394 1268 1418 e.
1305 1383 1400 1429 quod
1438 1383 1595 1418 futurum
1625 1388 1680 1418 est

1008 1445 1035 1478 H
1063 1444 1085 1478 2
1112 1443 1170 1479 53.
1198 1453 1269 1478 non
1299 1443 1394 1478 idem
1421 1442 1515 1490 quod
1541 1444 1678 1490 posteri

994 1504 1019 1538 4
1044 1505 1101 1539 35.

955 1569 1100 1609 postero
1128 1564 1249 1599 iduum
1276 1563 1334 1598 die
1363 1562 1488 1598 Latine
1524 1573 1596 1597 non
1622 1563 1680 1598 di-

1007 1625 1099 1659 citur
1125 1624 1154 1658 H
1185 1627 1196 1658 1
1230 1624 1288 1659 26.

958 1685 1139 1720 Postumia
1163 1685 1223 1719 via
1253 1684 1280 1718 H
1308 1683 1330 1718 2
1355 1683 1401 1718 24
1429 1687 1465 1718 et
1489 1685 1558 1727 42,
1585 1683 1608 1718 3
1632 1684 1676 1718 21

1001 1750 1037 1780 et
1060 1745 1118 1780 23.

957 1809 1076 1850 potest
1102 1815 1122 1839 a
1147 1804 1264 1839 scriba
1291 1804 1460 1839 omissum
1493 1803 1536 1839 13
1562 1804 1620 1840 56.

959 1870 1116 1910 potestas
1144 1870 1180 1899 et
1206 1865 1367 1909 potentia
1397 1865 1422 1899 H
1457 1867 1471 1898 1
1506 1867 1535 1899 1.

951 1927 1175 1972 potissimum
1200 1935 1379 1971 quemque
1399 1926 1594 1959 amicorum
1609 1934 1679 1959 vo-

1003 1991 1071 2031 cat,
1099 1996 1170 2020 non
1199 1990 1274 2030 pot.
1302 1995 1369 2019 am.
1398 1995 1431 2019 v.
1463 1986 1503 2020 11
1535 1984 1594 2020 31.

962 2057 1047 2091 prae
1073 2047 1109 2080 in
1140 2046 1407 2091 comparatione
1433 2044 1461 2080 0
1491 2046 1544 2080 18.

955 2107 1166 2151 praecipere
1198 2105 1335 2140 bellum
1375 2105 1404 2138 H
1439 2106 1462 2139 3
1496 2105 1554 2140 65.
1603 2106 1680 2140 laus

1001 2170 1194 2211 praecepta
1221 2164 1249 2199 Ο
1276 2164 1311 2199 9.

957 2226 1143 2270 praecipiti
1171 2224 1229 2258 die
1256 2224 1285 2258 H
1311 2223 1333 2257 3
1363 2223 1422 2259 86.

960 2286 1192 2330 praecipuum
1218 2288 1479 2318 sacramentum
1506 2287 1562 2318 est
1582 2282 1610 2319 G
1634 2284 1678 2318 14

952 2346 1128 2392 praefecti
1162 2349 1358 2379 castrorum
1396 2344 1423 2378 H
1458 2345 1474 2378 1
1503 2344 1571 2387 82,
1607 2346 1630 2379 3
1657 2346 1677 2381 7

1005 2411 1041 2440 et
1078 2405 1132 2439 14.
1213 2404 1413 2439 cohortium
1453 2402 1680 2438 auxiliarium

1005 2471 1040 2500 et
1066 2465 1197 2500 tribuni
1226 2464 1411 2510 legionum
1452 2463 1528 2508 pari
1556 2464 1681 2498 ordine

1005 2531 1108 2569 sunt3
1149 2526 1293 2569 saepius
1327 2534 1348 2557 a
1372 2523 1495 2557 Tacito
1530 2533 1680 2568 compo-

1005 2591 1162 2629 nuntur3
1198 2596 1218 2619 a
1255 2584 1418 2629 principe
1443 2583 1681 2617 nominaban-

1005 2651 1062 2679 tur
1103 2647 1145 2681 12
1186 2645 1245 2680 35.
1315 2642 1530 2687 simpliciter
1573 2643 1682 2686 positi

1004 2710 1085 2740 sunt
1112 2705 1312 2739 cohortium
1340 2707 1376 2736 et
1404 2702 1538 2736 alarum
1559 2703 1681 2737 socia..

1000 2766 1086 2799 lium
1126 2766 1167 2799 15
1214 2765 1272 2799 25.
1360 2763 1544 2809 legionum
1589 2762 1680 2796 nulli

1001 2825 1029 2858 H
1069 2827 1085 2858 1
1123 2825 1181 2859 82.
1252 2823 1410 2868 equitum
1453 2822 1476 2855 i.
1514 2832 1547 2856 e.
1599 2821 1678 2856 alae

998 2884 1144 2919 socialis
1173 2885 1195 2919 2
1221 2883 1279 2919 68.
1307 2881 1467 2917 cohortis
1498 2882 1522 2915 i.
1549 2892 1580 2916 e.
1609 2891 1674 2916 co⁹>

1003 2944 1115 2979 hortis
1142 2943 1353 2980 auxiliariae
1386 2942 1426 2977 12
1457 2941 1511 2977 17.
