1768 3216
168 235 239 268 126

750 223 1055 260 HISTORIARVM

1431 230 1462 253 a.
1490 228 1526 255 11.
1552 218 1635 255 822.

156 349 345 403 cupidine
375 345 699 404 reverentiusstet
729 340 941 394 aequalius
973 338 1067 380 duci
1097 335 1310 390 parebant.
1352 333 1501 377 Gravis
1527 333 1639 377 alio-

156 424 249 477 quin
280 422 426 464 seditio
458 421 683 469 exarserat,
717 423 835 470 quam
869 414 1016 456 altiore
1038 411 1154 452 initio
1179 416 1337 463 (neque
1363 409 1472 451 enim
1497 421 1636 451 rerum

155 511 176 539 a
206 496 380 538 Caecina
410 497 617 547 gestarum
650 491 839 533 ordinem
871 486 1111 539 interrumpi
1143 488 1406 538 oportuerat)
1438 487 1637 537 repetam.
1669 482 1684 498 ⁸

153 570 351 612 Cohortes
391 568 660 618 Batavorum,
707 576 807 618 quas
847 563 956 604 bello
997 560 1174 603 Neronis
1217 572 1239 600 a
1281 562 1425 612 quarta
1476 557 1639 600 decima

119 643 314 698 slegione
347 642 583 696 digressas,
632 653 722 682 cum
767 637 1016 679 Britanniam
1047 638 1259 689 peterent,
1301 633 1443 675 audito
1485 631 1640 675 Vitellii

149 722 260 760 motu
292 717 331 758 in
364 717 528 758 civitate
557 715 786 769 Lingonum
817 712 942 754 Fabio
975 710 1135 753 Valenti
1159 709 1376 767 adiunctas
1393 707 1640 769 rettulimus,

39 782 45 804 ⁵
149 793 323 848 superbe
363 792 562 846 agebant,
603 794 647 831 ut
693 789 891 840 cuiusque
920 786 1100 841 legionis
1132 784 1309 826 tentoria
1343 782 1640 835 accessissent,

19 899 45 915 l
152 868 357 911 coercitos
391 880 412 908 a
444 878 489 908 se
521 864 919 919 quartadecimanos,
943 861 1119 903 ablatam
1143 859 1301 902 Neroni
1322 858 1495 911 ltaliam,
1518 861 1641 912 atque

153 956 310 985 omnem
341 941 437 983 belli
467 941 670 982 fortunam
702 939 741 980 in
773 938 952 992 ipsorum
983 948 1106 981 manu
1133 935 1252 977 sitam
1275 934 1491 979 iactantes.
1525 933 1642 976 Con-

103 1017 406 1064 mtumeliosum
439 1016 479 1057 id
511 1015 727 1066 militibus,
760 1013 953 1055 acerbum
985 1011 1080 1054 duci
1091 1024 1102 1062 3
1152 1014 1345 1064 corrupta
1385 1009 1536 1064 iurgiis
1573 1011 1643 1052 aut
1670 1030 1679 1035 ν

151 1092 252 1134 rixis
303 1091 536 1144 disciplina3
587 1089 637 1130 ad
681 1093 929 1143 postremum
980 1086 1132 1129 Valens
1181 1097 1204 1127 e
1243 1084 1469 1139 petulantia
1517 1083 1640 1126 etiam
1680 1092 1681 1097 ’

151 1166 358 1221 perfidiam
390 1165 660 1218 suspectabat.
709 1164 836 1218 Igitur
867 1162 1009 1204 nuntio
1041 1161 1178 1203 adlato
1197 1160 1358 1214 pulsam
1375 1158 1641 1201 Trevirorum
1654 1161 1712 1201 28

152 1241 254 1283 alam
285 1240 553 1294 Tungrosque
584 1251 605 1279 a
638 1238 773 1280 classe
814 1237 990 1279 Othonis
1032 1241 1071 1278 et
1110 1235 1424 1278 Narbonensem
1467 1233 1642 1277 Galliam

152 1315 380 1366 circumiri,
427 1313 544 1355 simul
577 1326 672 1354 cura
705 1313 845 1354 socios
878 1312 1020 1353 tuendi
1053 1315 1093 1353 et
1122 1310 1290 1352 militari
1322 1313 1413 1353 astu
1444 1308 1641 1351 cohortes

102 1389 332 1431 isturbidas
364 1401 436 1441 ac,
468 1389 503 1430 si
532 1401 611 1430 una
644 1388 802 1440 forent,
847 1387 1110 1441 praevalidas
1143 1384 1440 1440 dispergendi,
1480 1386 1640 1438 partem

151 1463 393 1505 Batavorum
424 1463 484 1505 ire
515 1463 555 1504 in
585 1463 810 1504 subsidium
845 1462 970 1504 iubet.

151 1542 327 1592 tumque,
359 1550 545 1580 maerere
575 1538 703 1589 socii,
748 1538 928 1579 fremere
967 1536 1173 1591 legiones.

1033 1461 1153 1511 Quod
1184 1460 1254 1502 ubi
1286 1459 1468 1502 auditum
1491 1458 1646 1514 vulga-

1236 1533 1388 1577 Orbari
1418 1546 1467 1576 se
1496 1532 1645 1576 fortis-

151 1612 345 1654 simorum
374 1612 555 1654 virorum
586 1612 764 1662 auxilio;
791 1615 962 1653 veteres
993 1610 1088 1652 illos
1122 1614 1162 1653 et
1195 1613 1253 1651 tot
1283 1608 1486 1651 bellorum
1501 1607 1645 1650 victo-

150 1698 243 1739 res,
274 1690 486 1741 postquam
518 1686 560 1728 in
591 1691 817 1740 conspectu
847 1686 901 1729 sit
929 1685 1088 1739 hostis,
1125 1684 1239 1727 velut
1269 1697 1322 1727 ex
1353 1683 1446 1727 acie
1476 1682 1643 1726 abduci.

271 1830 300 1863 1.
330 1829 486 1874 aequalis
510 1840 684 1874 superscr.
709 1842 730 1864 υ
757 1828 822 1865 Ma.

153 1886 215 1920 que
242 1876 280 1910 G.
344 1878 377 1912 5.
406 1878 631 1913 brittanniam
658 1878 720 1914 Ma.

155 1972 212 2007 Or.
290 1975 343 2009 17.
368 1985 501 2009 merere
527 1974 591 2009 Ma.

155 2103 245 2161 libro
273 2108 322 2151 (c.
350 2106 395 2143 66
421 2111 529 2154 extr.)
564 2109 726 2144 relictum
758 2110 859 2144 exci-

155 2162 268 2197 piens.

228 2202 441 2237 rettulimust
483 2203 565 2250 lege
594 2205 673 2239 libri
702 2210 859 2250 proxime

158 2252 350 2295 superioris
378 2262 407 2285 c.
435 2251 481 2286 59
508 2258 542 2286 et
564 2253 621 2289 64.

228 2300 386 2343 cuiusque
424 2300 569 2345 leyionis
615 2305 785 2337 tentoria:
825 2306 860 2338 in

156 2349 314 2381 exercitu
354 2348 512 2383 Valentis
560 2349 649 2385 duae
696 2352 860 2398 legiones

155 2395 316 2441 integrae
332 2396 390 2430 vel
410 2406 523 2440 paene
538 2399 711 2444 integrae,
739 2403 862 2446 quinta

159 2442 219 2485 (H.
240 2444 331 2489 161)
361 2449 394 2477 et
418 2447 528 2488 prima
553 2446 678 2481 Italica
704 2459 746 2481 ex
763 2450 861 2496 Lug-

156 2489 372 2524 dunensibus
399 2492 549 2526 abducta
574 2494 634 2538 (H.
662 2495 674 2528 l
702 2496 789 2543 64),
819 2510 862 2532 ex

157 2537 235 2572 aliis
262 2539 407 2573 vexilla.

230 2586 314 2631 Cap.
342 2588 399 2622 28.
442 2591 497 2622 sin
523 2590 690 2624 victoriae
715 2594 860 2637 sanitas,

154 2635 424 2670 sustentaculum
451 2637 627 2671 columen.-
674 2650 743 2673 non
771 2641 861 2675 bene

154 2682 238 2716 olim
267 2683 310 2718 de
336 2685 478 2719 nomine
509 2687 644 2721 sanitas
686 2692 859 2733 tamquam

155 2730 345 2765 subditicio
373 2734 553 2778 cogitavi:
581 2735 647 2770 iam
676 2742 773 2770 recta
797 2749 862 2770 ex-

155 2778 347 2821 plicatione
374 2780 628 2816 dubitationem
649 2784 860 2827 praecidam.

157 2825 293 2880 Quippe
320 2829 387 2862 duo
410 2830 563 2865 membra
589 2837 722 2875 assunt,
754 2843 861 2866 unum

155 2877 321 2909 victoriae
347 2879 500 2921 sanitas,
539 2878 686 2913 alterum
721 2887 860 2915 susten-

157 2922 306 2957 taculum
331 2925 505 2969 columen,
545 2937 615 2961 non
642 2929 860 2974 iungendum

158 2979 236 3004 cum
260 2973 403 3007 nomine
435 2975 627 3020 victoriae,
662 2977 726 3012 sed
763 2979 862 3013 iuxta

789 1879 822 1913 7.
851 1879 948 1912 cuius
977 1877 1049 1912 Ma:
1077 1879 1263 1923 quoiusque
1290 1877 1328 1911 G.

153 1936 229 1959 rum
255 1925 340 1971 (non
365 1928 418 1960 ire
443 1928 611 1974 virorum)
634 1927 699 1970 Ma,
727 1933 946 1961 erenei-orum
972 1927 1010 1961 G.

672 1976 725 2011 19.
754 1975 859 2010 uelud
883 1974 949 2010 Ma.
975 1978 977 1980 ’

890 1830 926 1864 3.
953 1829 1177 1875 interrumpit
1202 1825 1282 1863 Mu:
1308 1827 1521 1874 interrumpi
1542 1836 1645 1862 eraso

1409 1878 1463 1913 12.
1489 1877 1646 1911 {reuire-

1078 1928 1131 1962 15.
1158 1924 1296 1973 preual.
1323 1923 1388 1960 Ma.
1469 1924 1524 1960 16.
1551 1919 1644 1972 vol‘q'.

927 2110 1081 2154 positum
1109 2113 1144 2144 et
1171 2108 1215 2146 de
1234 2107 1375 2142 victore
1401 2106 1563 2146 exercitu
1580 2117 1646 2142 ac·-

929 2157 1146 2202 cipiendum,
1178 2158 1280 2191 cuius
1306 2155 1589 2195 sustentaculum
1612 2159 1649 2190 et

930 2207 1095 2241 columen
1118 2207 1154 2240 in
1183 2205 1284 2239 ltalia
1310 2209 1525 2242 verteretur.
1551 2202 1648 2238 The-

930 2255 1051 2289 odisee
1083 2259 1275 2290 converto:
1311 2254 1435 2291 ‘weun
1469 2252 1528 2290 die
1564 2252 1650 2290 sio,

930 2303 1161 2349 gesfrische‚
1215 2302 1278 2337 dei·
1310 2300 1529 2346 Stutzpunkt
1573 2300 1645 2336 und

931 2351 1057 2386 Giebel
1084 2351 1287 2391 aufltalien
1306 2349 1467 2386 heruhe’.
1494 2349 1648 2389 Susten-

931 2400 1087 2434 taculum
1118 2400 1154 2434 id
1192 2405 1247 2435 est
1273 2410 1343 2445 quo
1377 2400 1578 2438 innituntur
1603 2397 1648 2433 de

931 2450 1083 2483 victoria
1137 2453 1173 2483 et
1214 2449 1374 2492 imperio>
1412 2446 1646 2490 decer-taturi,

932 2497 1096 2533 columen
1125 2496 1215 2531 illud
1240 2496 1335 2546 quod
1348 2501 1526 2541 tamquam
1548 2505 1648 2532 sum-v

930 2556 1023 2579 mum
1065 2550 1101 2580 et
1135 2544 1319 2589 excelsum
1359 2545 1532 2589 consequi
1567 2548 1648 2578 stu-

932 2593 1026 2637 dent,
1054 2599 1088 2627 et
1115 2590 1454 2634 siceiu'Annalibus
1480 2592 1550 2637 (Vl
1579 2592 1646 2639 37)

931 2641 1161 2688 Abdagaeses
1197 2641 1356 2676 columen
1386 2641 1543 2686 partium
1577 2649 1647 2674 vo·-

933 2695 1041 2724 catur.
1071 2690 1266 2736 Utrumque
1281 2691 1425 2734 proprie
1452 2689 1583 2727 dicitnr
1602 2689 1647 2727 de

931 2738 1093 2772 aedificio
1122 2745 1156 2774 et
1183 2739 1266 2773 hinc
1293 2740 1393 2772 varie
1420 2737 1645 2772 transfertur.

930 2785 1005 2818 Non
1034 2798 1118 2821 vere
1145 2787 1301 2822 Orellius
1338 2786 1497 2820 columen
1529 2787 1646 2823 intet-

931 2839 1088 2876 pretatur
1117 2835 1224 2879 pilam
1256 2834 1428 2870 firmando
1457 2836 1558 2880 operi
1584 2833 1645 2870 vei

930 2892 1028 2915 muro
1067 2886 1217 2927 positam
1252 2883 1554 2931 (Strebepfeiler)‚
1591 2883 1646 2918 σί-

931 2930 1134 2973 gnificatum
1170 2943 1214 2966 ex
1244 2932 1408 2965 Vitruvio
1449 2937 1485 2965 et
1521 2930 1644 2967 archi-

930 2982 1089 3015 tecturae
1115 2979 1320 3017 auctoribus
1347 2985 1538 3026 sumptum.
1573 2979 1644 3016 sed
