1768 3216
714 199 1025 263 ms‘romAnvm
1405 239 1438 262 a.
1466 237 1502 262 u.
1529 226 1613 264 822.

125 236 199 272 244

123 351 307 393 Moesiae
348 359 514 403 pacem,
568 343 648 385 sibi
699 342 873 385 salutem
911 341 1265 395 'securitatemque
1306 341 1448 384 ltaliae
1493 341 1614 384 cordi

123 426 252 467 fuisse
262 437 273 474 3
303 423 387 465 suis
413 418 769 462 exhortationibus
790 417 944 459 Gallias
963 416 1282 470 Hispaniasque,
1313 415 1614 459 validissimam

121 502 320 539 terrarum
351 498 505 548 partem
527 524 538 545 ,
572 492 623 534 ad
655 492 954 546 Vespasianum
988 503 1228 533 conversas.
1290 489 1373 532 Sed
1407 489 1615 533 cecidisse

120 571 162 610 in
192 570 354 610 inritum
386 568 573 620 labores,
609 567 644 609 si
674 567 858 621 praemia
891 566 1173 620 periculorum
1214 565 1294 607 soli
1334 564 1615 618 adsequantur

87 644 187 697 aqui
217 642 413 697 periculis
446 654 529 683 non
561 641 782 683 adfuerint.
843 642 931 683 Nec
954 640 1142 683 fefellere
1162 652 1209 681 ea
1229 640 1486 682 Mucianum:
1516 638 1614 681 inde

118 730 268 773 graves
300 716 540 768 simultateS,
573 728 673 770 quas
705 715 912 758 Antonius
943 715 1186 769 simplicius,
1217 714 1432 757 Mucianus
1463 713 1615 756 callide

119 803 251 846 eoque
283 791 570 845 inplacabilius
602 791 823 832 nutriebat.

253 868 307 907 At
334 864 524 906 Vitellius
555 865 701 907 fractis
734 864 839 919 apud
873 864 1121 906 Cremonam
1143 863 1270 905 rebus
1290 864 1458 906 nuntios
1481 862 1684 912 cladis54

120 940 347 991 occultans,
381 939 500 981 stulta
534 938 864 980 dissimulatione
895 937 1080 980 remedia
1112 938 1249 991 potius
1266 937 1467 979 malorum
1492 949 1614 991 quam
1648 957 1690 1027 (4
1722 935 1768 996 lu

66 1023 104 1077 io
118 1015 224 1078 mala
258 1014 488 1055 differebat.
552 1013 957 1075 Quippeyconfiten-ti
989 1012 1323 1072 consultantique
1368 1015 1616 1066 supererant
1625 1041 1765 1083 W,

85 1077 212 1143 *spes
242 1089 462 1142 viresque3
506 1099 599 1129 cum
632 1072 690 1129 ἶ
687 1073 900 1130 contrario
932 1087 1039 1130 laeta
1080 1087 1219 1129 omnia
1250 1071 1452 1142 fin}eret,
1496 1085 1613 1128 falsis

0 1155 45 1214 Τ
117 1162 452 1223 ingravescebat.
512 1162 658 1203 Mirum
690 1162 796 1216 apud
829 1163 962 1216 ipsum
995 1162 1048 1203 de
1078 1161 1189 1219 bello
1237 1161 1469 1212 silentium3
1510 1172 1615 1214 pro-

35 1230 39 1239 “
116 1236 235 1277 hibiti
264 1249 339 1290 per
370 1237 578 1278 civitatem
610 1248 850 1289 sermones,
892 1247 1027 1290 eoque
1057 1235 1196 1290 plures
1215 1267 1226 1287 ,
1267 1248 1345 1288 ac,
1385 1235 1422 1277 si
1451 1234 1613 1287 liceret,

114 1323 214 1352 vere
245 1310 476 1363 narraturi,
509 1310 604 1363 quia
635 1310 906 1363 vetabantur,
939 1293 1161 1351 atrocior}
1178 1309 1468 1364 vulgaverant.
1528 1309 1616 1351 Nec

63 1389 101 1420 1⁵
117 1384 242 1426 duces
273 1385 451 1426 hostium
484 1384 704 1439 augendae
736 1385 871 1444 famae
895 1384 1108 1439 ficerunt,
1153 1387 1297 1438 captos
1338 1383 1495 1425 Vitellii
1537 1395 1617 1425 ex·-

114 1458 347 1512 ploratores
381 1442 799 1513 circumductosfiue,
821 1462 863 1500 ut
895 1458 1052 1500 robora
1081 1454 1256 1499 victoris
1287 1457 1499 1499 exercitus
1533 1468 1617 1498 no-

115 1537 294 1584 scerent,
323 1533 596 1585 remittend03
626 1546 730 1587 quos
763 1534 898 1575 omnis
930 1533 1119 1575 Vitellius
1151 1536 1318 1574 secreto
1349 1535 1617 1586 percontatus

113 1605 290 1646 interfici
322 1607 452 1648 iussit.
513 1607 694 1649 Notabili
727 1608 961 1650 constantia
1010 1607 1199 1649 centurio
1231 1606 1357 1647 Iulius
1395 1605 1614 1660 Agrestis,

113 1684 207 1732 post
237 1680 385 1722 multos
426 1694 644 1724 sermones
691 1682 838 1735 quibus
878 1681 1088 1723 Vitellium
1136 1681 1188 1723 ad
1231 1680 1422 1722 virtutem
1462 1679 1615 1722 frustra

60 1765 99 1795 πο
114 1755 386 1807 accendebat,
419 1756 597 1809 perpulit
625 1760 669 1797 ut
700 1757 751 1798 ad
782 1757 895 1799 vires
927 1756 1108 1798 host-ium
1143 1755 1394 1809 spectandas
1426 1766 1616 1808 quaeque

113 1829 218 1882 apud
252 1829 499 1871 Cremonam
531 1835 623 1872 acta
656 1831 796 1873 forent
813 1831 902 1885 ipse
922 1831 1165 1872 mitteretur.
1207 1830 1295 1871 Nec
1328 1828 1616 1884 exploratione

114 1903 277 1946 occulta
311 1904 455 1947 fallere
486 1905 713 1947 Antonium
744 1905 986 1959 temptavit,
1019 1905 1095 1947 sed
1126 1904 1319 1946 mandata
1352 1903 1615 1957 imperatoris
1642 1951 1644 1953 ‚

1656 1216 1768 1263 m

249 2057 283 2092 6.
311 2069 422 2103 ,ᾳναυε
451 2057 528 2092 Ma:
558 2058 586 2093 G
609 2070 750 2105 gyrantes.
828 2060 862 2093 7.
888 2059 975 2103 inpl.
1004 2057 1069 2101 Ma,
1097 2069 1168 2092 non
1193 2058 1288 2105 impl.
1355 2060 1410 2094 12.
1438 2063 1522 2105 aput
1546 2056 1612 2093 Ma.

112 2106 167 2140 14.
194 2106 288 2151 ναῖς).
316 2105 380 2150 Ma,
408 2117 479 2140 non
506 2107 597 2153 voly.
701 2109 756 2142 17.
784 2109 894 2141 omnis
920 2106 998 2141 Ma:
1025 2107 1093 2141 oviis
1121 2106 1159 2142 G.
1256 2113 1437 2154 perennet.
1466 2107 1547 2142 On:
1574 2117 1615 2151 pr

111 2153 138 2186 G
159 2160 319 2199 percont.
372 2155 418 2190 cf.
449 2155 492 2189 ad
522 2156 546 2191 4
573 2157 626 2191 17.
705 2158 764 2192 21.
790 2162 874 2202 aput
900 2154 965 2190 Ma.

109 2297 171 2330 sed
198 2297 337 2331 turbata
364 2298 529 2333 ordinare
557 2304 592 2333 et
617 2300 652 2333 in
681 2300 823 2333 solitum

109 2350 237 2378 statum
265 2346 449 2380 reducere.
492 2347 617 2393 Neque
648 2347 737 2382 haec
763 2360 824 2382 re-

109 2392 194 2426 ferri
222 2399 369 2436 possunt
403 2395 444 2427 ad
483 2407 540 2429 res
568 2396 669 2429 Ponti
700 2397 825 2430 turba-

109 2445 162 2473 tas
191 2443 242 2484 (c.
270 2442 314 2475 47
333 2442 483 2488 —48)s
522 2455 601 2477 nam
629 2444 761 2479 Pontus
788 2447 824 2478 in

111 2486 257 2522 Oriente
287 2494 352 2531 est,
381 2491 416 2522 in
430 2490 516 2524 Asia
541 2502 611 2524 non
632 2497 696 2526 est.
724 2493 825 2526 Haud

110 2535 218 2570 dubie
245 2537 358 2570 forma
386 2537 475 2572 Asici
502 2539 737 2574 describentis
765 2542 824 2574 vi-

108 2586 159 2618 tio
188 2595 251 2628 pro
281 2585 356 2618 alia
381 2585 532 2621 admissa
559 2593 629 2622 est:
675 2590 825 2633 respicit

106 2633 283 2666 Antonius
300 2634 469 2668 Moesiam
495 2647 516 2670 a
538 2636 703 2671 Muciano
723 2647 824 2671 com-

106 2683 257 2725 positam
286 2684 337 2727 (c.
364 2682 445 2729 46).

177 2730 429 2764 validissimam
459 2737 636 2768 terrarum
658 2740 822 2780 partem:

105 2788 140 2811 v.
168 2783 288 2812 annot.
321 2778 365 2812 ad
390 2780 476 2826 Agr.
509 2792 539 2816 c.
567 2784 626 2819 24.

179 2826 265 2871 Cap.
293 2827 350 2861 54.
403 2829 526 2874 quippe
559 2832 738 2875 confitenti
775 2851 820 2858 —-

106 2875 395 2919 inyravescebat:
434 2877 576 2913 Tacitus
612 2890 691 2913 cum
731 2879 821 2914 haec

106 2924 267 2966 scripsit,
307 2924 492 2958 Vitellium
532 2932 710 2974 tamquam
748 2929 821 2962 acri

107 2971 229 3003 morbo
258 2978 457 3017 correptum
485 2986 526 3009 ac
553 2977 711 3012 medicos
738 2987 822 3012 suos

895 2299 1004 2333 stulte
1030 2298 1261 2333 frustrantem
1290 2298 1444 2346 ideoque
1471 2300 1507 2333 in
1537 2299 1615 2335 dies

895 2349 1195 2393 inqravescentem
1219 2348 1288 2382 sibi
1317 2349 1503 2394 cogitavit.
1545 2348 1615 2384 Te..

895 2407 992 2430 mere
1009 2396 1052 2429 ad
1078 2396 1170 2430 hanc
1196 2396 1468 2431 translationem
1494 2398 1614 2432 offen-

895 2444 946 2477 dit
969 2444 1169 2478 Ernestius.

970 2503 1053 2526 vere
1078 2493 1292 2527 narraturi:
1327 2492 1362 2526 h.
1390 2504 1423 2527 e.
1461 2505 1505 2527 ez·
1530 2505 1613 2527 vero

894 2540 954 2574 vel
980 2541 1080 2574 iuoeta
1102 2552 1224 2574 verum
1249 2542 1436 2575 narraturi.
1492 2541 1615 2576 Plures

894 2588 1171 2634 intelligendum
1215 2594 1269 2623 est
1309 2589 1353 2623 de
1387 2589 1612 2634 hominibus,

895 2647 965 2670 non
996 2636 1048 2671 de·
1069 2638 1306 2673 sermonibus.

969 2686 1126 2719 centurio
1154 2685 1266 2720 Iulius
1290 2686 1482 2732 Agrestis.-
1509 2687 1612 2721 simi-

892 2733 942 2768 lia
956 2733 1107 2768 Othonis
1132 2736 1335 2779 principatu
1349 2746 1370 2769 a
1389 2734 1505 2769 milite
1523 2745 1611 2781 gre-

893 2783 993 2828 gario
1029 2783 1124 2816 facta
1161 2782 1346 2817 traduntur
1383 2794 1403 2817 a
1435 2783 1610 2818 Suetonio

892 2830 973 2865 Oth.
998 2833 1053 2874 10,
1084 2831 1275 2866 Plutarcho
1301 2831 1384 2867 oth.
1410 2833 1465 2876 15,
1492 2831 1610 2867 Dione

892 2878 984 2924 apud
1016 2879 1151 2924 Xiphil.
1180 2879 1285 2914 LXIV
1313 2882 1369 2915 11.
1488 2891 1608 2914 suum-

892 2939 955 2973 que
982 2929 1160 2964 animum.-
1188 2929 1223 2964 h.
1245 2940 1277 2963 e.
1306 2928 1497 2963 consilium
1524 2939 1545 2963 a
1567 2938 1608 2964 se

892 2981 1020 3021 sponte
1046 2978 1186 3012 initum.
