1768 3216
25 1123 80 1162 ⁷1

94 245 185 287 ai&
205 250 266 286 ⁷⁰.
565 249 702 285 LIBER
730 249 796 285 lv.
846 249 934 286 Car.
964 249 1122 287 'lo-71.
1519 251 1594 284 355

91 362 278 418 pal-mr:
325 363 492 418 quidam
523 364 780 418 principum,
820 367 864 404 ut
897 364 1019 417 primi
1065 365 1261 419 posuisse
1288 364 1443 408 bellum
1470 365 1597 408 vide-

91 441 264 496 rentur,
305 438 347 480 in
379 439 570 480 civitates
602 451 708 492 quae
734 438 983 480 societatem
1022 439 1251 482 Romanam
1280 453 1366 482 non
1395 444 1598 483 exuerant

92 512 335 568 perfugere.
394 513 603 567 Legiones
635 525 659 554 a
688 511 899 567 Novaesio
940 512 1168 567 Bonnaque
1209 514 1249 555 in
1290 515 1514 567 Treviros,
1551 518 1598 556 ut

94 597 220 642 sum-a
246 587 598 638 memoravimus,
639 586 856 628 traductae
886 600 933 629 se
973 587 1088 641 ipsae
1118 589 1158 629 in
1188 589 1318 630 verba
1349 589 1596 643 Vespasiani

95 661 284 716 adigunt.
342 660 457 703 Haec
486 660 708 702 Valentino
740 661 916 703 absente
945 666 1085 716 gesta3
1132 663 1202 716 qui
1234 662 1306 703 ubi
1346 662 1628 705 adventabats

96 735 240 779 furens
278 739 512 789 cunctaque
550 747 694 777 rursus
735 736 778 776 in
818 735 960 778 turbas
1002 740 1043 778 et
1085 737 1256 778 exitium
1297 749 1594 790 conversum,

94 810 286 865 legiones
313 810 357 851 in
383 810 736 862 MediomatricOS,
770 811 929 852 sociam
962 811 1185 863 civitatem,
1217 811 1479 854 abscessere.
1508 813 1598 854 Va-

94 884 276 926 lentinus
304 896 355 927 ac
383 884 511 926 Tutor
540 885 583 925 in
611 897 726 926 arma
756 885 952 926 Treviros
982 885 1220 937 retrahunt,
1250 886 1407 927 occisis
1433 887 1598 928 Heren-

96 959 169 1002 nio
199 972 250 1002 ac
278 959 466 1002 Numisio
494 958 658 1013 legatis,
691 970 772 1012 quo
795 959 958 1001 minore
987 972 1062 1013 spe
1091 960 1243 1002 veniae
1263 964 1477 1002 cresceret
1501 961 1600 1002 vin-
1644 992 1646 995 >

97 1033 234 1076 culum
262 1033 453 1075 sceleris.

228 1107 308 1149 Hic
336 1107 436 1150 belli
465 1111 597 1149 status
628 1111 731 1159 erat,
763 1120 856 1149 cum
886 1108 1055 1150 Petilius
1084 1108 1260 1150 Cerialis
1286 1108 1597 1163 Mogontiacum

95 1182 224 1224 venit.
284 1182 384 1224 Eius
425 1181 606 1224 adventu
646 1186 815 1224 erectae
852 1194 975 1235 spes,
1022 1182 1113 1235 ipse
1159 1193 1327 1236 pugnae
1369 1182 1516 1224 avidus
1557 1186 1599 1224 et

97 1248 414 1300 contemnendis
445 1270 566 1311 quam
599 1257 798 1299 cavendis
828 1257 1017 1298 hostibus
1047 1256 1210 1308 melior,
1244 1256 1408 1298 ferocia
1437 1257 1598 1298 verbo-

95 1345 186 1374 rum
217 1333 387 1374 militem
420 1331 685 1384 incendebat,
715 1332 788 1372 ubi
817 1332 992 1385 primum
1024 1331 1232 1386 congredi
1259 1330 1462 1383 licuisset,
1497 1330 1597 1372 nul-

95 1407 178 1449 lam
204 1406 366 1461 proelio
400 1413 563 1448 ‘moram
602 1407 799 1448 facturus.
860 1405 1056 1448 Delectus
1095 1417 1170 1459 per
1217 1404 1391 1446 Galliam
1429 1405 1647 1447 habitosns

1611 1045 1650 1074 to

231 1545 267 1580 3.
291 1544 521 1589 pertingerent
547 1545 737 1588 expunctis
764 1543 833 1577 litt.
859 1548 898 1577 nt
922 1541 998 1577 Ma:
1019 1544 1252 1589 perfugerant
1278 1541 1317 1575 G.
1391 1542 1426 1576 3.
1454 1542 1597 1575 nonesto

99 1592 141 1635 G,
167 1597 204 1627 et
229 1592 387 1627 Orellius
414 1603 511 1626 nunc
537 1594 646 1627 tacite
671 1593 832 1626 Novesio.
906 1592 943 1626 4.
970 1593 1063 1637 ipsas
1089 1590 1191 1624 GMfl:
1218 1590 1373 1627 correxit
1398 1589 1597 1623 Ernestius.

96 1642 131 1677 6.
159 1647 288 1676 cuneta
314 1652 403 1685 qaae
427 1639 493 1682 Ma,
519 1646 647 1675 cuneta
673 1652 737 1686 que
764 1641 804 1674 G.
895 1641 1038 1673 exitium
1067 1638 1123 1673 Ma
1150 1641 1241 1695 (non
1268 1638 1471 1682 excidium).
1563 1639 1597 1672 7.

95 1689 275 1725 absessere
298 1688 428 1723 M³12G
454 1666 665 1731 abscessere.
724 1689 760 1724 9.
786 1689 941 1722 minores
966 1689 1041 1722 Ma:
1069 1687 1096 1721 G
1125 1688 1274 1721 minore.
1355 1688 1410 1721 11.
1440 1686 1499 1720 Mo
1525 1691 1597 1720 ont.

95 1736 175 1772 M':
199 1749 358 1784 moyoac.
386 1738 426 1772 G.
518 1737 572 1772 14.
600 1737 755 1783 liquisset
781 1736 861 1771 Ma.
887 1737 1041 1771 licuisset
1068 1735 1107 1770 G.
1212 1736 1266 1770 15.
1292 1735 1443 1780 facturis
1469 1734 1501 1768 M
1534 1745 1544 1767 :
1570 1733 1599 1768 G

95 1789 271 1832 [acturus.
347 1786 408 1821 dil.
435 1785 512 1821 Ma:
540 1786 606 1820 del.
634 1786 675 1820 G.

575 1858 599 1868 α

101 1919 263 1964 Ryckius
290 1923 326 1954 et
350 1923 477 1953 nactus
504 1923 558 1954 est
591 1920 651 1965 qui
680 1918 815 1963 proba-

98 1973 191 2003 rent.
238 1969 287 2003 At
324 1969 361 2002 in
397 1969 542 2002 sinistro
578 1968 686 2002 litore
722 1967 815 2001 nihil

100 2017 172 2051 loci
210 2016 334 2062 oppidi
374 2015 578 2060 aediliciis,
618 2021 655 2050 et
686 2017 815 2050 civitas

99 2064 195 2099 haud
231 2064 339 2099 dubie
373 2070 483 2109 tunc,
522 2070 562 2099 ut
596 2063 730 2107 hodie,
778 2067 814 2098 in

101 2113 228 2148 dextra
254 2112 410 2147 fluminis
435 2115 513 2158 ripa
540 2114 630 2157 fuit,
658 2113 718 2147 ubi
748 2124 815 2148 na-

99 2167 179 2196 tura
197 2166 235 2196 et
249 2161 362 2196 facies
380 2161 542 2196 locorum
561 2162 694 2207 oppido
711 2173 814 2207 quam

47 2251 50 2252 ⁷
100 2211 258 2244 maxime
281 2216 493 2255 opportuna.
539 2211 608 2246 Sed
635 2211 671 2244 id
699 2211 814 2255 ipsum

102 2269 181 2293 cum
216 2258 329 2293 Taciti
361 2259 481 2293 verbis
519 2259 705 2293 conciliari
733 2264 816 2303 pot-

102 2311 178 2341 est:
219 2317 301 2340 nam
326 2306 435 2341 Tutor
468 2307 550 2341 loco
576 2307 720 2349 fidebat,
756 2307 816 2351 qui

102 2355 147 2388 ab
185 2365 256 2388 una
297 2360 397 2399 parte
429 2355 635 2400 (meridiem
670 2358 816 2400 versus)

102 2402 291 2437 moenibus
322 2403 469 2448 oppidi,
516 2403 560 2437 ab
596 2402 710 2437 altera
761 2404 817 2447 (in

102 2452 406 2497 septentrionem)
448 2450 594 2485 flumine
621 2450 720 2485 Nava
747 2451 815 2485 de-

102 2500 328 2534 fendebatur.
365 2500 512 2534 Pontem
539 2500 743 2543 abruperat,
772 2510 818 2533 ne

102 2560 123 2583 a
151 2553 254 2594 tergo
281 2548 524 2583 invaderetur.
575 2548 692 2582 Aliter
717 2549 819 2583 Doe-

103 2596 301 2631 derlinius:
331 2598 417 2631 ‘non
445 2598 481 2631 in
507 2598 587 2640 ipso
615 2597 698 2631 vico
728 2607 819 2631 con-

103 2644 198 2680 sedit
221 2644 349 2687 Tutor,
387 2645 451 2678 sed
489 2655 600 2689 prope
635 2646 753 2679 vicum
781 2646 818 2678 in

104 2693 218 2727 altera
244 2698 280 2726 et
307 2694 452 2727 sinistra
478 2692 602 2727 Navae
627 2692 728 2737 ripa’.
766 2692 820 2726 Ea

106 2742 183 2786 ripa
210 2745 280 2774 tam
307 2745 518 2785 praerupta,
560 2746 600 2773 ut
639 2741 820 2775 exercitus

108 2790 311 2824 consistere
339 2789 389 2823 ibi
414 2799 486 2822 non
513 2789 637 2832 possit.
679 2788 725 2822 Et
748 2788 819 2822 Ta-

110 2839 201 2871 citus
235 2848 314 2871 cum
349 2842 493 2879 narrat,
527 2836 694 2882 Bingium
730 2847 821 2870 con-

109 2887 262 2920 cessisse
288 2885 474 2927 Tutorem,
510 2885 679 2929 oppidum
707 2885 751 2918 ab
778 2895 821 2918 eo

110 2935 276 2969 relictum
305 2938 340 2968 et
366 2933 459 2968 hosti
475 2933 585 2967 stulte
612 2943 823 2968 concessum

111 2994 192 3019 esse
219 2993 291 3017 non
316 2983 551 3030 significavit.

938 1918 1096 1964 proditus
1121 1919 1304 1962 fususque:
1331 1917 1374 1950 de
1404 1917 1472 1950 hoc
1487 1926 1597 1960 proe-

881 1966 931 2000 lio
960 1967 1142 2000 Ausonius
1169 1967 1206 2000 in
1223 1965 1374 2000 Mosella
1405 1967 1444 2000 1:
1473 1970 1596 1998 trans-

879 2016 994 2048 ieram
1046 2014 1196 2049 celerem
1236 2013 1406 2051 fnebudoso
1456 2014 1597 2058 flumine

882 2064 1031 2107 Navam,
1058 2063 1181 2097 addita
1203 2063 1352 2098 miratus
1376 2063 1488 2096 veteri
1504 2073 1598 2095 noea

879 2113 1020 2146 moenia
1052 2112 1174 2153 Viaco,
1201 2111 1365 2156 aequavit
1389 2109 1515 2145 Latias
1538 2110 1599 2143 ubi

881 2161 1054 2206 quondam
1081 2160 1201 2195 Gallia
1226 2160 1372 2193 Cannas
1387 2186 1396 2202 ‚
1434 2159 1597 2204 infletae-

881 2222 945 2254 que
972 2210 1091 2243 iacent
1123 2210 1248 2254 inopes
1277 2219 1382 2253 super
1415 2218 1507 2241 arva
1531 2218 1597 2241 ca-

882 2264 1013 2292 ternae.

965 2317 1000 2339 se
1034 2306 1134 2351 ipsae
1167 2305 1207 2338 in
1239 2303 1348 2338 verba
1390 2303 1598 2348 Vespasiani

882 2354 1047 2398 adigunt:
1072 2354 1197 2386 vitium
1220 2353 1254 2385 in
1274 2351 1485 2396 pronomine
1498 2353 1597 2396 ipsae

883 2412 904 2435 a
927 2401 1045 2435 scriba
1082 2401 1163 2435 libri
1191 2400 1343 2435 Medicei
1369 2400 1597 2433 commissum

883 2451 1009 2496 (ipsas)
1026 2449 1120 2484 idem
1147 2460 1189 2483 ac
1213 2448 1320 2493 paulo
1350 2452 1434 2482 ante
1462 2449 1499 2481 in
1526 2459 1597 2480 na-

882 2509 947 2532 nas
976 2508 1040 2542 pro
1066 2498 1202 2533 Navae.
1322 2496 1505 2531 Valentino
1529 2496 1596 2529 ab-

882 2553 999 2581 sente:
1021 2548 1104 2580 isin
1122 2546 1277 2580 concilio
1290 2545 1483 2579 Galliarum
1504 2545 1598 2588 apud

883 2596 1014 2630 Remos
1041 2596 1184 2629 interim
1211 2594 1350 2628 fuerat:
1386 2605 1416 2627 c.
1441 2593 1489 2627 68
1517 2603 1569 2637 sq.

957 2642 1042 2687 Cap.

884 2692 926 2725 H.
952 2691 1000 2726 ΙΙΙ
1009 2654 1076 2726 Ρ59
1106 2696 1142 2725 et
1168 2690 1227 2732 78,

885 2746 958 2774 ctus
991 2752 1056 2785 per
1091 2738 1245 2773 Galliam
1270 2738 1429 2770 habitos.-
1470 2736 1505 2768 in
1542 2734 1597 2767 his

885 2788 1085 2833 Lingonum
1104 2787 1334 2830 septuaginta
1354 2784 1453 2817 milia
1479 2793 1597 2816 arma-

884 2841 1021 2869 imum:
1047 2835 1239 2868 Frontinus
1260 2833 1473 2876 Strategem.
1500 2830 1550 2864 lv
1574 2831 1598 2865 3

890 2885 954 2919 14:
990 2883 1157 2927 auspiciis
1181 2881 1405 2926 imperatoris
1431 2880 1599 2912 Caesaris

887 2931 1084 2967 Domitiani
1101 2930 1260 2975 Auqusfi,
1281 2928 1492 2963 Germanico
1510 2926 1598 2961 bello

888 2979 977 3026 quod
1006 2977 1118 3013 Iulius
1148 2976 1271 3013 Civilis
1304 2978 1342 3011 in
1370 2976 1490 3012 Gallia
1522 2986 1599 3009 mo-

1074 2645 1130 2678 71.
1171 2642 1315 2676 Petilius
1343 2640 1516 2675 Cerialis:
1548 2639 1596 2673 cf.

1254 2690 1303 2724 lv
1329 2689 1388 2723 68.
1499 2687 1597 2720 dele-
