1768 3216
130 216 216 260 1⁴9,
243 222 303 260 69.
604 220 739 256 LIBER
764 219 825 257 111.
878 221 966 257 GAP.
995 221 1151 257 73-75.
1563 218 1637 256 20¹?

131 340 230 383 ruofi
244 338 460 394 imperium
479 337 651 393 adeptus
668 339 757 380 Iovi
770 338 942 381 Custodi
962 338 1155 393 templum
1173 337 1325 393 ingens
1343 344 1473 393 seque
1486 338 1530 380 in
1544 338 1639 380 sinu

132 414 202 458 dei
232 415 428 457 sacravit.
489 414 665 457 Sabinus
698 418 739 455 et
767 414 930 455 Atticus
963 414 1126 455 onerati
1157 412 1317 454 catenis
1349 416 1391 455 et
1419 413 1472 455 ad
1501 413 1638 455 Vitel-

132 490 231 532 lium·
264 483 377 531 ducti
408 492 669 543 nequaquam
700 488 853 541 infesto
885 499 1081 529 sermone
1121 487 1320 541 vultuque
1361 488 1637 542 excipiuntur,

134 563 406 607 frementibus
435 563 505 617 qui
539 563 601 604 ius
634 563 777 605 caedis
809 567 850 604 et
879 562 1064 616 praemia
1097 566 1300 621 animatae
1332 574 1488 616 operae
1516 565 1640 616 pete-
1666 549 1768 621 {sna}

132 639 246 682 bant.
307 638 498 680 Clamore
531 649 554 680 a
584 637 785 692 proximis
820 641 912 679 orto
946 636 1118 678 sordida
1159 647 1256 690 pars
1299 636 1435 692 plebis
1479 637 1671 691 suppli-3
1759 626 1762 631 ¹

135 714 243 756 cium
276 713 420 756 Sabini
451 714 656 767 exposcit,
688 713 821 754 minas
853 712 1200 765 adulationesque
1231 711 1392 753 miscet.
1453 712 1639 754 Stantem

133 794 210 842 pro
241 787 442 842 gradibus
465 787 609 828 Palatii
621 786 830 828 Vitellium
861 790 902 828 et
930 797 1079 840 preces
1106 785 1321 839 parantem
1338 785 1574 840 pervicere,
1596 791 1642 828 ut

135 861 368 903 absisteret.
427 855 529 902 Tum
553 861 796 902 confossum
822 860 1201 913 collaceratumque
1231 864 1272 902 et
1301 859 1469 902 absciso
1501 850 1641 914 capite

67 935 324 978 ⁷5trttncum
357 945 507 989 corpus
540 934 684 977 Sabini
715 935 757 975 in
790 934 1015 976 Gemonias
1046 934 1225 975 trahunt.
1285 933 1363 974 Hic
1394 934 1529 976 exitus
1559 934 1641 976 viri

137 1009 247 1052 haud
278 1019 382 1051 sane
423 1008 665 1063 spernendi.
731 1009 922 1063 Quinque
968 1012 1009 1050 et
1052 998 1224 1063 triginta
1255 1008 1462 1062 stipendia
1507 1009 1551 1049 in
1567 1022 1642 1069 a,re
1658 1024 1696 1056 ιο

1287 1065 1305 1073 ,ε
1310 1067 1315 1073 ,
1351 1065 1390 1075 μ’,
1394 1059 1555 1070 7„anan

64 1104 68 1106 ·
135 1076 303 1139 publica
333 1083 516 1135 fecerat,
558 1082 670 1124 domi
700 1083 955 1137 militiaeque
986 1083 1138 1125 clarus.
1201 1083 1489 1124 Innocentiam
1519 1083 1643 1124 iusti-

137 1140 319 1212 tiffiue
347 1158 436 1199 eius
472 1169 558 1199 non
589 1170 790 1212 argueres
802 1172 813 1209 3
860 1159 1068 1200 sermonis
1099 1157 1250 1199 nimius
1282 1161 1394 1200 erat:
1437 1157 1479 1199 id
1517 1163 1643 1199 unum

139 1236 298 1287 septem
330 1233 449 1274 annis
481 1233 629 1287 quibus
658 1233 874 1286 Moesiam,
908 1233 1132 1274 duodecim
1163 1231 1311 1286 quihus
1338 1232 1643 1286 praefecturam

138 1307 254 1352 urbis
286 1307 484 1359 obtinuit,
518 1300 789 1349 calumniatus
821 1311 884 1349 est
913 1319 1067 1349 rumor.
1135 1307 1181 1347 In
1211 1305 1292 1347 fine
1320 1306 1433 1348 vitae
1461 1306 1532 1348 alii
1565 1318 1642 1349 se·-

139 1391 280 1437 gnem,
312 1382 428 1423 multi
450 1382 708 1424 moderatum
737 1387 777 1424 et
797 1382 948 1423 civium
964 1380 1182 1436 sanguinis
1212 1392 1384 1435 parcum
1404 1381 1694 1426 credidere-is

140 1457 262 1510 Quod
307 1457 418 1500 inter
457 1457 592 1499 omnis
634 1456 894 1520 corQ,
944 1461 1039 1499 ante
1078 1456 1354 1510 principatum
1396 1455 1645 1511 Vespasiani
1679 1447 1768 1487 ³¹22&

141 1532 270 1575 decus
301 1531 605 1586 domus'penes
628 1532 824 1574 Sabinum
856 1536 957 1573 erat.
998 1532 1181 1574 Caedem
1212 1531 1302 1573 eius
1332 1531 1485 1574 laetam
1517 1531 1648 1573 fuisse

138 1606 332 1649 Muciano
368 1607 619 1660 accepimus.
680 1607 886 1648 Ferebant
914 1606 1101 1660 plerique
1132 1606 1254 1648 etiam
1285 1606 1381 1660 paci
1413 1605 1647 1647 consultum

141 1680 344 1735 dirempta
375 1680 652 1723 aemulatione
683 1681 792 1722 inter
835 1681 970 1734 duos,
1014 1692 1188 1735 quorum
1229 1680 1336 1723 alter
1384 1692 1430 1723 se
1477 1680 1647 1722 fratrem

283 1825 318 1858 3.
345 1823 505 1868 voltuque
533 1823 592 1858 Or.
668 1825 704 1859 4.
733 1830 905 1859 enavatae
931 1825 1015 1859 AB:
1044 1831 1216 1860 enooalae
1242 1825 1307 1867 Ma,
1334 1829 1467 1858 nauale
1494 1823 1533 1859 G.
1610 1825 1647 1859 5.

141 1884 166 1906 α
194 1872 296 1907 deest
324 1871 395 1906 Ma:
426 1873 526 1906 adest
552 1873 591 1906 G.
633 1872 678 1908 cf.
709 1885 738 1907 c.
767 1875 813 1910 70
839 1879 928 1907 extr.
1030 1875 1062 1908 7.
1102 1875 1188 1920 13ces
1218 1879 1403 1919 parentem
1440 1871 1521 1907 Ma:
1561 1873 1650 1919 Fces

139 1927 326 1968 parantem
352 1919 390 1955 G.
464 1921 499 1955 8.
528 1921 665 1955 conlac.
695 1921 758 1957 Ma.
839 1923 894 1959 10.
923 1934 1010 1968 re-p.
1043 1921 1106 1956 Ma.
1203 1923 1258 1957 17.
1283 1933 1416 1968 paenes
1443 1920 1509 1956 Ma.
1592 1921 1646 1960 19.

144 1969 282 2017 direpta
309 1968 381 2003 Ma:
415 1969 588 2015 dirempta
614 1969 652 2005 G.

142 2119 226 2155 gon.
245 2108 262 2142 l
287 2109 355 2145 491
385 2120 553 2154 casusque
580 2114 655 2144 tuos
681 2120 859 2155 expressa,

141 2157 304 2200 Phalera,
330 2169 433 2192 arma
453 2159 565 2204 geris)
591 2158 709 2192 simile
735 2169 860 2192 exem—

141 2205 238 2251 plum
285 2211 484 2240 structurae
527 2207 684 2241 Graecae
730 2205 860 2250 habet,

141 2254 206 2288 sed
244 2259 298 2288 est
340 2260 448 2299 poeta
494 2254 648 2289 Graecos
689 2256 860 2288 continuo

143 2302 319 2345 imitatus,
364 2307 399 2336 ct
422 2303 563 2336 Tacitus
602 2303 646 2336 ab
686 2303 861 2336 eiusmodi

143 2349 284 2384 deliciis
309 2349 521 2396 plerumque
550 2351 735 2385 abstinuit.
783 2352 862 2384 Au..

143 2402 249 2444 g'etur
274 2399 426 2433 offensio
455 2399 549 2444 quod
576 2401 613 2433 in
638 2398 749 2433 'l'aciti
776 2410 861 2432 ver-

143 2446 198 2480 bis
225 2447 295 2481 duo
321 2449 518 2481 accusativi
555 2447 743 2481 admodum
769 2448 861 2481 sini-

142 2496 215 2529 stre
252 2496 477 2542 iunguntur,
517 2495 552 2529 id
585 2495 680 2541 quod
717 2507 762 2530 ne
789 2497 862 2530 Va-

141 2543 253 2578 lerius
288 2543 432 2590 quidem
476 2554 584 2578 ausus
627 2544 734 2578 e'sset.
787 2545 862 2578 Ac·-

144 2591 239 2625 cedit
274 2593 368 2638 quod
413 2591 571 2626 additum
612 2593 651 2626 in
687 2604 862 2627 marmore

143 2648 207 2683 pro
231 2639 342 2674 Taciti
382 2640 560 2674 brevitate
593 2651 664 2673 non
698 2642 775 2685 ipsa
803 2652 862 2675 ara

145 2697 342 2722 marmorea
361 2693 442 2731 apte
456 2688 614 2733 intelligi
640 2693 770 2732 potest,
800 2690 864 2723 sed

103 2768 105 2770 ,
144 2734 266 2768 tabula
293 2745 491 2769 marmorea
527 2740 587 2769 aut
626 2746 736 2780 opere
774 2747 862 2771 ana-

146 2782 282 2828 glypho
317 2784 430 2818 incisa
459 2788 519 2817 aut
558 2783 663 2817 titulo
690 2781 862 2829 inscripta

145 2831 346 2876 significata
381 2831 533 2866 videtur.
590 2831 715 2877 ltaque
740 2839 860 2868 notam

90 2878 92 2881 ’
146 2880 343 2924 particulae
371 2886 402 2914 et
429 2891 448 2914 a
474 2879 714 2924 praecedente
739 2881 860 2916 littera

146 2934 157 2962 ι
182 2929 326 2976 (posuit)
340 2929 542 2973 absorptam
572 2932 606 2962 et
629 2928 775 2964 verbum
796 2941 860 2964 ex-

141 2987 307 3023 pressam·
333 2984 377 3012 ex
412 2978 610 3023 scripturae
648 2977 859 3024 compendio

932 2120 1119 2155 perperam
1147 2121 1211 2156 pro
1245 2122 1426 2157 expressos
1451 2110 1649 2146 resolutum

933 2170 1012 2194 esse
1039 2169 1269 2194 coniecerim.

1005 2236 1178 2264 enervatae
1206 2242 1356 2277 operae:
1384 2236 1556 2265 enavatae
1580 2241 1650 2264 uno

933 2277 1002 2311 hoc
1028 2278 1109 2312 loco
1137 2279 1296 2325 legitur,
1330 2280 1394 2314 sed
1436 2281 1535 2313 iuxta
1562 2291 1651 2313 ana-

933 2326 1063 2370 logiam
1079 2327 1173 2361 bene
1190 2328 1448 2362 conformatum
1468 2333 1532 2361 est.
1554 2328 1651 2362 Idem

932 2374 1120 2408 dicendum
1147 2377 1191 2410 de
1219 2388 1252 2410 v.
1278 2376 1606 2421 collaceratumquc.

1005 2446 1090 2490 Cap.
1120 2447 1177 2482 75.
1230 2448 1406 2494 stipendia
1432 2449 1470 2481 in
1497 2459 1537 2482 re
1559 2447 1651 2494 pub-

932 2493 1003 2527 liea
1025 2496 1188 2539 fecerat.-
1220 2496 1400 2541 stipendia
1426 2497 1462 2530 in
1487 2507 1526 2530 re
1556 2496 1651 2541 pub-

932 2541 1002 2576 lica
1048 2549 1130 2577 sunt
1176 2547 1402 2592 magistratus
1466 2545 1651 2587 militares,

934 2601 1005 2624 non
1033 2589 1377 2638 vulgaria-‘militum
1406 2594 1537 2626 munia.

1006 2641 1096 2684 quod
1141 2643 1235 2676 inter
1278 2643 1388 2675 omnis
1429 2641 1649 2675 constiterit.—

935 2690 1187 2723 coniunctivus
1238 2690 1450 2724 modestiam
1501 2699 1650 2723 asseve-

934 2738 1044 2770 rantis
1074 2739 1251 2782 exprimit.

1013 2786 1176 2830 ferebant
1213 2786 1371 2831 plerique
1418 2787 1522 2820 etiam
1566 2787 1652 2832 paci

933 2833 1154 2866 consultum.-
1191 2845 1264 2878 paae
1310 2835 1502 2879 opponitur
1542 2833 1651 2869 turbis

931 2881 1089 2914 civilibus
1109 2892 1200 2926 quac
1232 2892 1326 2916 nunc
1353 2882 1528 2926 obtinent,
1546 2884 1651 2918 etiam

927 2930 1011 2973 paci
1035 2929 1190 2962 refertur
1228 2930 1272 2965 ad
1298 2934 1436 2977 tempus
1463 2932 1649 2978 otiumque

930 2986 1012 3011 mox
1037 2976 1207 3012 futurum.
