1768 3216
754 217 1060 256 utsTomAvatt
1441 226 1474 251 a.
1501 224 1537 252 ιι.
1562 210 1649 252 822.

171 231 244 265 146

169 343 410 387 consedisse
439 338 599 380 incolae
632 338 875 386 memorant,
908 345 987 375 nec
1019 331 1171 393 deingle
1203 334 1326 373 coetu
1343 330 1554 373 hominum
1581 333 1651 373 aut

168 413 572 460 circumvolitantium
617 411 756 451 alitum
795 409 978 451 territam
1010 406 1246 461 pulsamve,
1294 405 1431 448 donec
1463 405 1571 450 Otho
1601 418 1650 448 se

165 492 251 544 ipse
281 488 553 537 interficeret3
592 490 674 526 tum
715 484 890 526 ablatam
931 496 983 524 ex
1024 481 1183 532 oculis3
1225 484 1265 523 et
1302 485 1489 534 tempora
1519 492 1650 539 ‘Q-

163 563 338 606 tantibus
379 562 535 603 initium
575 560 776 613 finemque
819 556 1007 599 miraculi
1035 569 1140 598 ,cum
1174 555 1351 597 Othonis
1384 555 1498 597 exitu
1529 566 1651 598 com-

131 652 148 683 ι
188 639 324 680 etisse.

159 651 183 693 p
294 711 338 751 In
379 710 522 752 sunere
564 709 652 750 eius
683 711 833 748 novata
864 707 975 747 luctu
1007 719 1056 748 ac
1089 705 1237 747 dolore
1278 705 1449 747 militum
1480 705 1648 747 seditio.
1661 711 1716 751 51

158 786 244 828 Nec
276 788 363 827 erat
393 785 460 838 qui
491 786 719 826 coerceret.
779 781 845 822 Ad
865 781 1109 835 Verginium
1140 780 1268 833 versi,
1301 780 1427 822 modo
1458 784 1503 822 ut
1531 780 1650 822 reci-

159 864 277 914 peret
306 859 533 914 imperium,
567 870 674 899 nunc
705 861 747 898 ut
777 856 989 911 legatione
1021 855 1128 917 apud
1158 855 1380 898 Caecinam
1412 868 1462 897 ac
1491 854 1650 898 Valen-

161 939 240 977 tem
272 934 532 989 fungeretur,
575 933 807 974 minitantes
838 931 1026 973 orabant.
1088 929 1313 985 Verginius
1350 942 1426 984 per
1456 941 1648 972 aversam
1695 933 1711 951 ‘

112 1009 306 1052 rodomus
345 1013 500 1061 partem
541 1008 673 1049 furtim
716 1007 930 1060 digressus
973 1006 1256 1060 inrumpentes
1307 1005 1528 1047 frustratus
1569 1008 1646 1046 est.

159 1083 307 1125 Earum
339 1095 442 1136 quae
472 1082 636 1123 Brixelli
670 1086 843 1136 egerant
873 1081 1106 1122 cohortium
1136 1092 1286 1135 preces
1307 1079 1486 1122 Rubrius
1506 1079 1647 1122 Gallus

159 1159 268 1209 tulit3
308 1162 346 1200 et
386 1158 507 1199 venia
546 1158 678 1198 statim
718 1157 934 1210 impetrata
977 1155 1309 1197 concedentibus
1351 1155 1403 1198 ad
1441 1155 1645 1198 victorem
1707 1160 1711 1166 '

157 1245 231 1286 per
260 1232 437 1274 Flavium
467 1232 660 1274 Sabinum
693 1232 743 1273 iis
778 1232 910 1285 copiis
942 1232 1091 1285 quibus
1121 1231 1374 1285 praefuerat.

290 1306 427 1348 Posito
458 1306 608 1360 ubique
639 1306 748 1347 bello
781 1318 932 1361 magna
963 1318 1059 1359 pars
1091 1310 1260 1348 senatus
1293 1294 1522 1348 extremum
1555 1305 1716 1351 dis-52

108 1378 310 1424 iscrimen
349 1381 469 1433 adiit,
506 1381 692 1434 profecta
735 1394 826 1423 cum
867 1381 1032 1423 Othone
1063 1381 1114 1423 ab
1148 1381 1275 1433 urbe,
1322 1381 1421 1423 dein
1464 1379 1647 1423 Mutinae

157 1456 313 1497 relicta.
374 1455 472 1496 Illuc
515 1449 691 1497 adverso
733 1456 785 1498 de
824 1456 986 1510 proelio
1028 1456 1222 1498 adlatum.
1284 1456 1365 1498 Sed
1414 1455 1564 1497 milites
1603 1459 1648 1496 ut

157 1530 301 1572 falsum
331 1542 534 1571 rumorem
566 1534 856 1584 aspernantes,
889 1530 999 1585 quod
1032 1531 1239 1573 insensum
1274 1530 1428 1586 Othoni
1458 1534 1647 1572 senatum

156 1604 472 1657 arbitrabantur,
506 1605 716 1647 custodire
746 1618 979 1658 sermones,
1011 1605 1165 1662 vultum
1189 1606 1455 1660 habitumque
1483 1605 1648 1647 trahere

156 1678 197 1718 in
228 1679 434 1729 deterius;
467 1680 669 1721 conviciis
700 1685 913 1734 postremo
946 1693 995 1722 ac
1026 1680 1192 1734 probris
1225 1692 1394 1722 causam
1418 1683 1459 1722 et
1485 1667 1652 1721 insti-uni

105 1765 145 1794 πο
158 1753 297 1794 caedis
329 1755 602 1807 quaerebant,
645 1767 737 1796 cum
780 1755 884 1797 alius
917 1755 1087 1809 insuper
1118 1759 1250 1797 metus
1281 1754 1547 1797 senatoribus
1579 1755 1648 1796 in-

157 1831 305 1879 staret,
347 1840 400 1868 ne
436 1829 683 1881 praevalidis
715 1830 796 1872 iam
828 1829 982 1872 Vitellii
1022 1830 1208 1884 partibus
1241 1833 1484 1872 cunctanter
1515 1841 1649 1872 exce-

283 1947 312 1978 1.
343 1947 445 1980 caeti't
471 1945 532 1980 Ma.
584 1949 617 1982 3.
648 1954 717 1982 turn
742 1949 863 1983 ablata
889 1947 953 1992 ΜΒ,
982 1953 1020 1983 tri
1047 1948 1170 1983 αωαιᾶ
1196 1947 1235 1983 G.
1289 1949 1322 1984 7.
1348 1948 1554 1995 uergem‘um
1580 1947 1646 1984 Ma.

159 1993 191 2028 9.
206 1995 391 2038 ueryenius
418 1994 479 2028 tila.
554 1996 738 2031 aduersam
765 1997 869 2031 GMa,
906 2003 1105 2032 correctum
1139 1996 1292 2032 inBodl.
1326 2001 1362 2031 et
1387 2007 1407 2031 a
1435 1996 1645 2031 Puteolano.

162 2042 215 2077 10.
241 2048 375 2087 partem
401 2042 500 2085 Gula,
538 2051 675 2089 portam
711 2046 737 2079 B
767 2051 801 2079 et
826 2046 928 2081 Bodl.
956 2047 1137 2092 deyressus
1165 2045 1238 2089 Ma,
1265 2046 1439 2091 diyrenm
1470 2045 1510 2081 G.
1586 2046 1647 2079 ἰη-

157 2097 333 2134 rumpente
362 2090 433 2124 Ma:
461 2091 488 2126 G
511 2093 750 2139 irrumpentes.
839 2098 892 2130 11.
924 2095 1008 2140 ᾔσεε
1035 2095 1100 2130 Ma.
1204 2097 1256 2130 12.
1285 2096 1400 2129 uenit(
1420 2093 1484 2129 Ma.
1589 2093 1645 2129 18.

157 2137 282 2172 voltum
309 2138 365 2173 Or.
443 2141 496 2175 19.
521 2148 690 2185 postremo
718 2143 781 2187 Ma,
805 2151 1014 2190 postremum
1043 2144 1069 2179 G
1097 2149 1131 2179 et
1162 2143 1400 2179 Oxonienses.
1463 2143 1522 2179 20.
1548 2139 1666 2188 quer.¹

157 2186 222 2221 Ma.
294 2188 461 2222 instrat-et
486 2189 551 2223 Ma.

241 2303 305 2326 nec
351 2294 473 2327 deinde
522 2301 618 2329 coetu
657 2296 831 2331 hominum
849 2309 860 2331 .·

155 2338 272 2373 addito
296 2341 418 2375 deinde
446 2343 666 2388 significatur
684 2356 785 2379 avem
812 2346 859 2379 il-

156 2387 224 2421 lain
250 2389 426 2423 insolitam
454 2392 555 2425 initio
583 2404 602 2426 a
629 2395 763 2437 paucis,
779 2404 859 2428 mox

157 2446 177 2468 a
203 2436 361 2479 plurimis
387 2444 578 2483 spectatam
608 2452 712 2485 esse3
751 2453 860 2486 neque

155 2484 236 2517 inde
262 2487 519 2521 commendavit
541 2489 721 2523 Petersen.
751 2490 859 2524 Paulo

155 2537 236 2565 ante
262 2533 394 2568 celeber
419 2535 514 2570 lucus
533 2542 586 2571 est
624 2539 682 2582 qui
710 2538 753 2571 ab
783 2541 859 2572 eius

154 2581 311 2626 regionis
352 2582 552 2619 hominibus
596 2586 744 2619 multum
783 2587 859 2620 sre-

153 2634 351 2673 quentatur.

223 2682 376 2724 tempora
402 2682 640 2726 reputantibus
678 2703 716 2709 -
760 2695 853 2717 com-

150 2726 300 2769 petisse:
339 2730 577 2773 reputantibus
622 2730 763 2764 dativus
802 2738 856 2766 est

151 2773 308 2814 pendens
347 2787 390 2809 ex
416 2778 525 2811 verbo
553 2779 771 2824 competisse5
807 2781 853 2815 cs.

151 2819 193 2853 Η.
219 2821 320 2864 1118,
364 2823 412 2858 lv
441 2826 495 2868 17,
531 2827 559 2860 V
591 2829 646 2861 11.
681 2826 767 2874 Agr.
799 2831 855 2864 11.

153 2866 267 2903 Germ.
293 2870 327 2903 6.

222 2915 307 2959 Cup.
337 2917 394 2951 51.
423 2925 455 2953 et
477 2923 580 2955 venia
605 2923 720 2957 statim
746 2908 857 2970 impe-

154 2965 276 2996 trata:
313 2970 343 2999 et
368 2964 460 3000 idem
486 2969 579 3013 quod
606 2972 732 3016 etiam5
770 2983 859 3007 con-

931 2297 1127 2332 cedentibus
1170 2323 1178 2331 .
1211 2325 1219 2332 .
1251 2323 1260 2332 .
1297 2297 1341 2331 iis
1369 2295 1479 2342 copiis
1503 2293 1645 2330 dativus

931 2351 998 2388 est,
1023 2357 1217 2391 suspensus
1243 2345 1288 2380 ab
1315 2346 1516 2391 impetrata.
1555 2341 1645 2379 ittae

931 2397 1057 2439 copiae
1106 2407 1124 2429 e
1166 2395 1317 2441 regione
1351 2393 1559 2428 Placentiae
1602 2392 1644 2427 ad

931 2444 1145 2478 Vitellianos
1171 2454 1210 2477 se
1235 2441 1433 2476 contulere.
1472 2439 1643 2476 cr.c.36.

1007 2491 1091 2536 Cap.
1114 2493 1172 2527 52.
1209 2492 1322 2537 posito
1347 2490 1471 2535 ubique
1497 2487 1644 2524 betto-

931 2547 1119 2575 extremum
1145 2541 1334 2574 discrimen
1356 2538 1469 2572 adiit.-
1494 2547 1644 2582 compo..

929 2595 1060 2622 nuntur
1080 2589 1269 2630 contraria,
1297 2588 1380 2622 liinc
1407 2585 1542 2620 bellum
1560 2586 1643 2629 ubi,-

929 2648 997 2681 que
1033 2638 1297 2682 compositum,
1339 2635 1441 2670 illinc
1478 2634 1641 2668 ultimum

928 2691 1071 2719 senatus
1119 2685 1332 2731 periculum.
1479 2685 1644 2728 prosectu

924 2746 999 2768 cum
1026 2734 1160 2768 Othone
1187 2734 1230 2767 ab
1254 2733 1360 2768 urbe.-
1391 2733 1437 2769 cf.
1465 2731 1508 2768 Η.
1536 2731 1551 2766 Ι
1580 2732 1643 2768 88.

1005 2784 1175 2827 utrimque
1215 2783 1345 2816 anxii.-
1394 2782 1437 2816 ab
1481 2781 1643 2826 utrisque

925 2830 1082 2873 partibus
1119 2833 1248 2865 timore
1283 2831 1451 2875 perculsi.
1542 2838 1642 2864 nemo

922 2881 1089 2922 privatim
1122 2880 1280 2924 expedito
1321 2879 1466 2913 consilio
1503 2878 1644 2924 (hinem

925 2927 987 2970 fair
1019 2927 1094 2961 sich
1124 2929 1186 2962 mit
1221 2929 1334 2962 ciuem
1373 2927 1641 2965 entschiedenen

934 2973 1184 3024 Vol-schtaqep
1227 2976 1274 3011 cf.
1302 2976 1344 3011 Η.
1371 2975 1416 3012 IV
1442 2976 1491 3012 42
1525 2974 1641 3010 homi-
