1768 3216
707 201 794 237 Cn.
821 202 978 239 31—32.
1529 197 1602 236 229

113 314 211 356 dest
236 315 327 368 quis
357 327 463 369 quae
492 316 674 370 profert,
708 329 760 359 an
797 322 1013 360 mutuetur.
1075 318 1238 360 Deinde
1267 318 1357 372 ipsa
1385 317 1603 360 multarum

111 390 260 431 artium
285 390 463 432 scientia
494 391 616 432 etiam
648 391 759 433 aliud
792 384 978 446 agentes
996 404 1074 434 nos
1106 397 1239 445 ornat,
1272 397 1394 447 atque
1421 392 1494 434 ubi
1523 392 1605 433 mi-

111 464 223 506 nime
253 465 418 518 credas,
455 467 607 508 eminet
637 470 679 507 et
710 467 888 509 excellit.
965 467 1093 521 quue
1119 479 1203 509 non
1235 467 1381 509 doctus
1409 466 1534 508 modo
1565 470 1606 508 et

111 538 295 592 prudens
325 539 491 581 auditor
531 540 606 581 sed
649 542 773 582 etiam
810 541 984 595 populus
1028 540 1236 596 intellegit
1279 554 1328 583 ac
1373 541 1508 583 statim
1548 541 1605 582 ita

111 612 235 655 laude
262 615 551 668 prosequitur,
593 620 637 656 ut
665 614 848 670 legitime
881 616 1118 668 studuisse,
1159 620 1203 657 ut
1228 628 1304 670 per
1339 627 1483 657 omnes
1514 614 1639 656 elo-⁵

113 688 308 741 quentiae
336 700 534 731 numeros
562 690 671 742 isse,
717 694 760 731 ut
805 691 984 744 denique
1022 695 1234 732 oratorem
1265 702 1361 732 esse
1402 690 1607 740 fateatur-3

112 773 235 816 quem
263 775 349 805 non
378 776 506 818 posse
537 764 657 806 aliter
691 765 874 807 existere
908 778 986 807 nec
1017 765 1203 807 extitisse
1231 776 1410 819 unquam
1445 763 1611 806 confir-

114 849 197 891 mo,
225 838 309 880 nisi
339 850 456 891 eum,
492 839 561 892 qui
589 843 796 893 tamquam
826 840 868 880 in
902 840 1036 882 aciem
1070 839 1262 881 omnibus
1292 839 1418 880 armis
1450 839 1610 880 instru-

115 916 229 965 ctus,
253 913 330 954 fsic
361 913 403 954 in
435 913 571 955 sorum
607 914 800 955 omnibus
845 914 1002 956 artibus
1046 917 1226 955 armatus
1265 913 1428 955 exierit.
1489 912 1609 963 Quod

114 984 223 1028 adeo
250 986 479 1041 negligitur
507 987 559 1028 ab
589 987 738 1029 borum
767 991 999 1041 temporum
1030 987 1212 1038 disertis,
1242 991 1288 1027 ut
1314 986 1356 1027 in
1377 985 1611 1027 actionibus
1625 998 1666 1027 io

184 1147 222 1180 4.
246 1145 315 1193 ita]
344 1147 417 1180 iam
441 1145 478 1180 P.

560 1148 594 1181 5.
615 1152 675 1181 aut
701 1146 767 1192 leq.
795 1157 820 1180 a
845 1146 1036 1180 subnotato
1062 1145 1099 1188 P,
1124 1151 1186 1179 aat
1211 1145 1278 1191 leq.
1304 1144 1344 1181 F.

114 1199 152 1228 ut
177 1194 226 1228 P:
251 1195 360 1228 tacite
386 1194 544 1228 correxit
564 1195 759 1229 Rhenanus
785 1200 820 1229 a
844 1196 894 1228 ita
921 1205 1001 1229 esse
1029 1195 1065 1228 iu
1091 1193 1119 1227 F
1145 1194 1232 1228 dicit
1247 1192 1462 1227 Waltherus.

1424 1145 1459 1179 6.
1490 1145 1558 1178 isse
1581 1149 1615 1178 et

1542 1204 1616 1226 esse

115 1236 191 1276 FP:
220 1244 325 1277 etiam
351 1248 495 1277 veteres
523 1243 713 1286 editiones,
740 1243 835 1288 quod
862 1244 988 1277 vitium
1015 1244 1174 1277 Muretus
1199 1242 1348 1288 ingenio
1375 1251 1440 1275 suo
1458 1240 1613 1276 sustulit.

116 1291 150 1325 7.
178 1302 291 1337 neque
316 1290 356 1325 F.

116 1440 189 1463 non
219 1431 473 1476 yrammaticae
507 1453 551 1458 --
577 1431 762 1464 scientiam
798 1431 831 1463 ei

122 1479 285 1524 defuisse.
326 1479 392 1512 Ille
418 1479 626 1512 dialecticae
653 1478 830 1512 subtilita-

118 1534 184 1561 tem
199 1549 243 1554 —-
260 1533 483 1573 cognoverat.
507 1526 693 1561 Genitivos
718 1527 830 1561 fuisse

119 1577 155 1609 in
189 1575 281 1610 libro
317 1575 342 1609 Ρ
379 1575 606 1610 manifestum
640 1586 684 1610 ex
718 1575 832 1609 forma

116 1625 323 1670 geometr-ie,
357 1635 449 1669 quae
476 1628 531 1658 est
558 1634 621 1668 pro
646 1625 833 1672 geometrie

120 1675 186 1718 (=
212 1674 463 1718 geometriae).
493 1672 676 1706 lntercidit
701 1673 833 1706 ablati-

119 1732 198 1765 vuS,
225 1722 303 1755 sive
333 1727 410 1755 arte
428 1721 510 1763 fuit,
539 1726 576 1754 ut
592 1731 661 1767 ego
679 1721 832 1763 conieci,

120 1771 199 1804 sive
226 1769 331 1813 alius,
359 1779 393 1804 v.
422 1781 453 1804 c.
478 1770 687 1815 praeceptis.
725 1770 833 1803 Vocis

121 1824 199 1853 arte
227 1829 292 1863 per
317 1818 567 1863 compendium
593 1824 648 1856 ate
683 1828 833 1862 expres-

121 1878 183 1901 sae
211 1868 309 1911 prior
334 1877 416 1912 pars
441 1877 461 1900 a
488 1877 700 1913 praegresso
719 1876 832 1900 voca-

121 1915 206 1950 bulo
235 1917 459 1960 geometriae,
487 1915 600 1950 altera
627 1926 647 1949 a
672 1916 833 1959 proximo

118 1964 362 1998 imbuebantur
374 1964 508 1998 hauriri
520 1964 695 1998 facillime
707 1964 834 2008 potuit.

195 2036 282 2081 Gap.
311 2037 371 2071 32.
405 2035 453 2069 ad
477 2041 630 2081 tempus.-
654 2035 690 2070 h.
718 2046 750 2068 e.
774 2035 835 2068 in-

122 2086 248 2128 terim,
293 2088 386 2125 τέως
422 2085 499 2118 sive
537 2086 592 2123 εἰς
625 2081 666 2119 τὸ
692 2080 834 2130 παρόν,

121 2134 237 2168 donec
275 2134 473 2168 necessitas
522 2132 688 2166 inciderit
731 2131 836 2166 addi-

122 2183 245 2216 scendi
271 2182 408 2227 aliquid
433 2192 475 2215 ex
495 2181 625 2214 ceteris
648 2180 784 2214 artibus
802 2185 837 2214 et

122 2230 307 2264 doctrinis.
361 2231 421 2263 Sic
459 2229 507 2263 lv
549 2229 613 2264 19:
648 2229 756 2262 dilato
791 2229 838 2261 ad

123 2285 253 2324 tempus
278 2279 454 2323 (interim)
466 2277 610 2310 Sabino.
640 2276 717 2310 Non
738 2281 837 2309 recte

124 2328 377 2371 interpretatur
408 2323 662 2358 Doederlinius
691 2324 744 2356 ‘ut
770 2333 837 2366 po...

122 2375 230 2409 stulat
262 2373 425 2419 tempus'.
488 2372 648 2416 Simplex
683 2370 773 2405 illud
802 2376 837 2405 et

125 2423 303 2458 uniforme
325 2421 535 2468 intelligunt
560 2419 702 2454 dicendi
727 2424 837 2454 artem

123 2484 143 2507 a
170 2476 291 2507 cetera
309 2472 462 2506 scientia
485 2471 694 2504 seiunctam.

195 2545 301 2578 etiam
325 2542 425 2576 aliud
444 2546 605 2586 agentes:
631 2541 738 2573 etiam
760 2548 838 2570 cum

125 2592 223 2626 aliud
261 2593 400 2637 agimus
445 2595 553 2634 atque
600 2587 635 2621 id
673 2585 767 2632 quod
803 2586 838 2618 in

126 2641 212 2684 ipsis
238 2639 375 2673 artibus
407 2641 597 2677 tractatum
635 2637 689 2668 sic
721 2638 842 2667 orator

128 2686 380 2732 philosophiae
430 2684 634 2729 praeceptis
674 2688 709 2716 et
754 2682 841 2715 iuris

128 2737 278 2770 scientia
319 2734 475 2768 imbutus
518 2736 645 2765 ornatu
692 2740 758 2764 suo
806 2734 841 2764 et

129 2784 234 2818 cultu.
254 2785 360 2817 etiam
386 2788 471 2816 tunc
497 2779 629 2827 gaudet
651 2781 688 2812 in
715 2778 842 2812 dicen-

129 2834 195 2875 do,
232 2843 311 2866 cum
340 2830 429 2865 nihil
458 2830 501 2863 de
528 2826 756 2873 philosophia
783 2831 842 2859 aut

131 2883 208 2915 iure
234 2879 466 2924 disceptatur.
508 2876 660 2911 Fallitur
685 2874 843 2909 Orellius

131 2929 310 2964 scribens:
353 2927 430 2962 ‘ubi
461 2936 533 2960 non
573 2926 611 2958 in
645 2923 847 2958 actionibus

430 1292 465 1326 8.
496 1292 582 1339 nist]
610 1303 635 1325 n
665 1302 845 1336 superscr.
871 1292 886 1325 i
915 1291 951 1325 P.

900 1427 1103 1462 forensibus
1135 1425 1195 1460 vel
1232 1427 1267 1459 in
1294 1424 1614 1459 declamationibus

900 1477 1064 1520 occupati
1089 1485 1222 1516 sumus,
1248 1473 1312 1507 sed
1338 1475 1374 1506 in
1400 1473 1612 1517 disputatio-

900 1526 1005 1559 nibus
1044 1524 1229 1558 litterariis
1267 1532 1346 1556 cum
1380 1521 1614 1556 familiaribus

900 1572 1105 1607 versamur'.

980 1646 1104 1679 eminet
1139 1649 1170 1677 et
1196 1642 1335 1676 excellit
1368 1644 1463 1686 (raqt
1489 1640 1616 1674 hen-vor

901 1693 974 1727 und
999 1692 1080 1738 scillt
1105 1693 1143 1725 in
1167 1691 1222 1724 die
1253 1691 1415 1736 Augenj:
1442 1688 1615 1722 excellere

903 1741 982 1786 plus
1009 1746 1062 1775 est
1088 1750 1191 1785 quam
1218 1740 1393 1772 eminere:
1433 1748 1512 1771 nam
1548 1737 1616 1770 hoc

904 1794 958 1823 est
984 1800 1091 1834 super
1122 1789 1173 1822 rei
1210 1787 1362 1821 alicuius
1389 1785 1615 1830 superficiem

903 1843 963 1872 aut
990 1843 1095 1882 caput
1123 1841 1303 1882 prostare,
1339 1836 1393 1870 illi
1421 1839 1536 1868 motus
1562 1835 1616 1867 si-

903 1886 1085 1933 gnificatio
1110 1885 1266 1919 admixta
1292 1889 1357 1918 est.

971 1969 1038 2003 per
1063 1968 1180 1990 omnes
1212 1955 1430 2000 eloquentiae
1456 1963 1618 1987 'numeros

903 2008 990 2040 isse.-
1029 2005 1164 2039 locutio
1187 2015 1253 2049 per
1276 2014 1439 2037 numeros
1472 2003 1526 2035 ire
1565 2003 1618 2047 (in

908 2055 1038 2088 Takten
1063 2054 1254 2097 schreiten)
1289 2063 1310 2086 a
1335 2051 1524 2086 saltatione
1549 2049 1619 2082 du-

907 2109 963 2137 cta
992 2107 1046 2136 est
1072 2107 1107 2136 et
1140 2111 1308 2135 sonorum
1334 2100 1509 2139 numeris,
1546 2107 1618 2130 non

906 2152 948 2185 ab
979 2156 1055 2185 arte
1084 2150 1295 2195 palaestrica
1333 2148 1376 2182 ad
1404 2146 1618 2180 rhetoricam

906 2200 1103 2234 translata:
1137 2209 1215 2231 nam
1245 2196 1447 2240 palaestrici
1476 2203 1619 2238 quoque

906 2247 1067 2292 magistri
1099 2256 1183 2279 suos
1208 2254 1369 2277 numeros
1394 2242 1547 2287 (Gange)
1575 2250 1618 2273 ex

906 2295 979 2328 illis
1006 2293 1139 2327 artibus
1165 2292 1209 2326 ad
1243 2301 1340 2324 suam
1369 2288 1622 2323 accommoda-

907 2347 1047 2376 verunt.
1101 2341 1154 2374 De
1189 2337 1621 2382 numeris-palaestrico-

907 2401 982 2423 rum
999 2388 1240 2432 Quintilianus
1266 2386 1329 2421 ΧΠ
1355 2388 1376 2420 2
1407 2388 1468 2420 12:
1492 2383 1620 2431 palae-

908 2439 1008 2472 strici
1033 2439 1191 2472 doctores
1228 2435 1307 2469 illos
1341 2446 1424 2478 quos
1459 2443 1621 2468 ηυηιονοε

907 2493 1035 2521 vocant
1058 2497 1131 2520 non
1155 2484 1289 2518 idcireo
1315 2482 1523 2516 discentibus
1542 2487 1621 2514 tra-

909 2536 1011 2576 dunt,
1049 2540 1087 2568 ut
1122 2534 1167 2567 iis
1192 2532 1347 2566 erunibus
1373 2541 1461 2575 quae
1487 2529 1620 2563 didice-

908 2589 990 2616 runt
1029 2583 1068 2615 in
1114 2583 1188 2627 ipso
1226 2579 1384 2614 luctandi
1431 2578 1621 2611 certamine

908 2637 1055 2665 utantur
1079 2651 1125 2657 —
1141 2657 1150 2672 ,
1189 2629 1249 2662 sed
1282 2634 1319 2661 ut
1352 2628 1396 2660 sit
1418 2626 1521 2670 copia
1544 2623 1621 2664 illa,

910 2692 954 2713 ez
986 2690 1056 2724 qua
1092 2689 1198 2712 unum
1227 2682 1287 2709 aut
1320 2675 1492 2714 atterum,
1526 2673 1623 2706 cuius

909 2740 946 2761 se
975 2728 1115 2761 occasio
1142 2725 1293 2765 dederit,
1320 2722 1487 2766 efficiant.
1537 2719 1624 2754 Per-

912 2776 994 2809 inde
1020 2775 1131 2808 nostri
1159 2771 1328 2815 temporis
1354 2768 1522 2803 batuendi
1546 2778 1624 2801 ma-

912 2824 1014 2869 gistri
1041 2833 1102 2856 ore
1129 2825 1258 2866 gerunt
1274 2819 1425 2859 tertiam,
1453 2822 1626 2861 quartam,

913 2873 1086 2915 quintam,
1136 2878 1267 2913 easque
1302 2877 1347 2900 ex
1378 2870 1453 2900 arte
1492 2865 1628 2899 musica

917 2919 960 2954 ad
988 2929 1086 2953 suam
1112 2915 1380 2952 transtulerunt.
