1768 3216
140 207 231 250 254⁴ss-
258 208 329 247 70..

136 325 295 373 Eadem
322 336 490 379 semper
521 337 649 367 causa
678 325 899 382 Germanis
932 325 1260 368 transcendendi
1289 327 1334 368 in
1364 326 1519 372 Gallias
1537 360 1550 381 ‚
1580 328 1640 370 li-

654 206 790 244 mena
813 207 872 244 iv.
925 207 1013 243 eu».
1040 186 1197 245 7'2-74.

1567 214 1639 247 852

137 399 238 447 bido
281 404 406 454 atque
436 400 612 443 avaritia
643 404 686 441 et
714 401 937 442 mutandae
966 401 1082 442 sedis
1114 413 1253 453 amor,
1298 406 1341 443 ut
1368 402 1530 446 relictis
1558 416 1639 458 pa-

76 504 100 539 f
134 474 302 517 ludibus
330 479 372 516 et
395 474 689 529 solitudinibus
721 475 808 515 suis
840 475 1181 517 fecundissimum
1211 476 1293 517 hoc
1322 477 1457 518 solum
1477 489 1639 532 vosque

137 550 259 604 ipsos,
299 549 579 604 possiderent.

659 549 852 591 Ceterum
902 550 1073 593 libertas
1120 556 1161 592 et
1220 553 1415 605 speciosa
1468 554 1638 596 nomina

135 628 458 678 praetexuntur3
488 636 568 666 nec
600 625 816 679 quisquam
848 624 1027 666 alienum
1061 626 1279 668 servitium
1309 630 1349 668 et
1379 627 1672 674 dominatio-5

1665 657 1768 731 7²3ss

136 711 233 743 nem
260 699 342 741 sibi
373 699 643 753 concupivit,
674 704 718 740 ut
764 711 848 740 non
881 700 1027 742 eadem
1059 701 1137 743 ista
1167 702 1373 744 vocabula
1403 707 1637 757 usurparet.

689 751 857 766 A&

67 774 281 830 unqua
312 774 503 828 bellaque
529 787 605 828 per
636 774 791 816 Gallias
823 786 990 828 semper
1021 775 1164 828 suere,
1205 775 1341 818 donec
1375 777 1417 818 in
1452 781 1639 819 nostrum

135 849 204 915 [¹23
228 848 535 891 concederetis.
596 849 697 902 Nos,
731 862 977 903 quamquam
1010 851 1163 892 totiens
1193 851 1406 903 lacessiti,
1448 852 1538 894 iure
1568 853 1638 894 vi-

135 923 297 967 ctoriae
326 922 367 967 id
399 923 535 966 solum
569 924 690 966 vobis
723 924 960 966 addidimus
991 936 1072 978 quo
1093 937 1239 979 pacem
1263 929 1489 973 tueremur.
1535 927 1637 968 Nam

134 1009 271 1051 neque
289 997 419 1051 quies
448 998 635 1053 gentium
666 998 757 1040 sine
790 999 917 1040 armis
950 1011 1085 1053 neque
1128 1012 1243 1047 arma
1287 1000 1381 1041 sine
1418 1001 1638 1054 stipendiis
1653 1016 1691 1045 ιο

136 1068 275 1127 neque
303 1072 512 1127 stipendia
542 1073 635 1115 sine
666 1074 830 1116 tributis
862 1074 1009 1116 haberi
1039 1078 1207 1127 queunt.

1268 1074 1417 1116 Cetera
1445 1076 1488 1116 in
1520 1087 1639 1117 com-

83 1208 220 1276 ”ipsi
248 1221 324 1265 bas
355 1222 543 1276 aliasque
589 1223 832 1276 provincias
871 1223 1034 1277 regitis.
1093 1223 1204 1265 Nihil
1243 1227 1479 1277 separatum
1520 1224 1641 1266 clau-

11 1166 78 1246 &n
99 1147 250 1192 ‘muni
277 1147 358 1190 sita
387 1151 494 1189 sunt.
537 1147 618 1201 Ipsi
649 1148 890 1202 plerumque
916 1148 1153 1203 legionibus
1185 1149 1341 1190 nostris
1374 1150 1638 1203 praesidetis,

0 1251 66 1297 w(

0 1298 99 1469 ῑῖῐῖ

1687 732 1768 779 cp„

138 1308 299 1348 sumve.
358 1297 412 1338 Et
438 1288 700 1358 laugithm
739 1298 970 1351 principum
1008 1309 1109 1339 usus
1151 1310 1409 1363 ex,..‚{¹E,(ll¹.9’
1451 1300 1640 1353 quamvis
1673 1295 1763 1333 ‘vv‘’

136 1371 283 1425 procul
314 1371 558 1426 agentibus:
587 1372 705 1413 saevi
735 1372 937 1427 proximis
968 1345 1179 1426 infflunt.
1233 1359 1453 1422 Quomodo
1482 1374 1693 1420 sterili-1⁵

139 1449 264 1489 tatem
295 1450 366 1488 aut
390 1446 542 1488 nimios
573 1446 730 1488 imbres
761 1450 801 1487 et
831 1450 971 1487 cetera
1012 1450 1186 1488 naturae
1222 1446 1358 1499 mala,
1402 1447 1458 1489 ita
1499 1447 1638 1489 luxum

137 1520 205 1563 vel
235 1521 453 1562 avaritiam
485 1520 786 1562 dominantium
818 1520 1006 1562 tolerate.

1067 1521 1175 1562 Vitia
1209 1525 1352 1573 erunt,
1393 1521 1529 1563 donee
1559 1522 1642 1563 ho-

137 1595 293 1636 mines:
322 1594 398 1637 sed
429 1607 565 1648 neque
596 1595 702 1636 haec
732 1595 944 1646 continua,
981 1599 1018 1635 et
1042 1594 1260 1635 meliorum
1279 1595 1515 1636 interventu
1532 1608 1641 1649 pen-

137 1673 295 1711 santur.
340 1669 431 1715 Nisi
464 1669 575 1710 sorte
605 1670 757 1710 Tutore
790 1673 831 1710 et
863 1669 1051 1711 Classico
1082 1669 1355 1724 regnantibus
1384 1670 1640 1713 moderatius

138 1743 355 1798 imperium
380 1745 573 1798 speratis,
607 1748 676 1785 aut
705 1744 936 1785 minoribus
969 1756 1089 1797 quam
1110 1756 1220 1784 nunc
1242 1744 1405 1785 tributis
1424 1745 1639 1798 parabun-
1650 1760 1691 1790 πο

138 1822 204 1860 tur
241 1818 451 1860 exercitus
494 1818 644 1872 quibus
687 1819 884 1860 Germani
930 1818 1200 1872 Britannique
1242 1823 1475 1860 arceantur.

1534 1820 1637 1862 Nam

995 2037 1028 2066 et
1051 2032 1275 2066 laudatorum
1307 2053 1353 2058 —
1378 2033 1548 2077 prose-imis
1576 2034 1637 2066 in..

276 1928 331 1963 13.
361 1927 473 1961 nicltil
499 1925 563 1962 Ma.
653 1928 712 1963 21.
740 1928 834 1962 brice.
862 1925 928 1961 Ma.

137 2038 208 2068 tam
234 2033 272 2068 iu
299 2034 445 2068 sinistra
470 2034 548 2079 ripa
573 2034 702 2068 Rheni.
815 2039 853 2068 ut

136 2093 209 2117 vion
240 2102 287 2108 —
312 2088 522 2128 usurparet:
558 2089 595 2117 ut
619 2094 692 2117 non
715 2082 852 2117 duabus

138 2130 279 2174 voculis
299 2129 476 2165 discretae
490 2131 688 2176 particulae
708 2130 852 2176 plenius

138 2178 183 2213 ad
211 2189 316 2214 aures
352 2190 456 2226 quam
489 2179 644 2224 simplex
679 2182 763 2224 quin
788 2190 851 2214 ac.-

143 2226 280 2263 cidunt.

213 2274 299 2320 Gap.
326 2276 385 2310 74.
429 2276 468 2309 in
493 2282 650 2310 nostrum
675 2276 755 2309 ius.-
784 2276 852 2310 de-

141 2323 296 2358 clinavit
325 2327 446 2357 orator
470 2325 652 2369 potestatis
691 2323 854 2357 vocabu-

143 2372 228 2414 lum,
253 2381 326 2417 quo
345 2382 420 2405 rem
438 2381 509 2405 uon
529 2377 665 2418 gratam
683 2371 853 2406 molliret.

215 2419 254 2454 id
287 2419 398 2454 sotum
434 2421 530 2455 vobis
561 2420 758 2454 addidimus
789 2431 854 2465 quo

138 2479 264 2515 pacem
295 2475 499 2503 tueremur.-
543 2469 633 2503 haec
671 2473 753 2502 sunt
787 2470 856 2502 sti-

143 2517 272 2562 pendia
309 2518 438 2562 quibus
466 2518 615 2552 Romani
653 2517 787 2551 milites
820 2518 856 2551 in

144 2565 304 2600 hibernis
342 2568 605 2610 provinciarum
640 2567 747 2610 positi
777 2566 856 2600 ale-

143 2618 276 2648 rentur.
325 2615 412 2648 Rem
440 2616 489 2648 ita
516 2615 698 2659 eloquitur
725 2620 855 2657 orator,

144 2667 320 2707 tamquam
364 2663 495 2696 tributa
542 2662 736 2696 Galliarum
786 2673 857 2696 non

144 2711 213 2743 nisi
244 2711 280 2743 in
305 2710 520 2754 praesidium
548 2711 704 2754 ipsarum
730 2715 858 2755 postu-

146 2758 317 2792 latentur.

211 2806 279 2851 ipsi
301 2807 500 2852 plerumque
514 2806 706 2851 leyionibus
730 2808 859 2840 nostris

144 2854 375 2900 praesidetis.-
417 2855 547 2889 tribuui
577 2855 748 2889 militares
774 2865 858 2889 sae-

148 2913 216 2947 pe,
250 2903 426 2939 interdum
467 2905 573 2938 etiam
600 2902 712 2948 legati
738 2902 859 2949 legio-

148 2960 231 2985 num
258 2962 304 2986 ει
329 2951 613 2997 provincialibus
639 2951 752 2986 ruere.

921 2087 1076 2126 gruunt:
1120 2081 1216 2115 conf.
1243 2080 1328 2115 Sall.
1359 2080 1437 2126 lug.
1469 2082 1548 2124 102,
1575 2082 1635 2115 ubi

922 2140 1045 2175 regem
1072 2129 1255 2163 Bocchum
1276 2128 1375 2163 Sulla
1400 2130 1453 2162 sic
1477 2129 1636 2174 alloqui-

922 2183 1006 2212 tur:
1043 2178 1106 2211 tibi
1141 2188 1224 2212 cero
1267 2177 1367 2211 uultu
1406 2179 1637 2222 opportunior

920 2232 1045 2260 nostra
1063 2226 1241 2267 amicitia,
1263 2227 1414 2271 primum
1434 2226 1525 2268 quod
1546 2237 1637 2271 pro..

923 2275 980 2308 cul
1005 2274 1184 2315 absumus,
1220 2275 1258 2306 in
1295 2285 1360 2317 quo
1388 2274 1542 2318 offensae
1567 2274 1638 2306 mi-

923 2324 1072 2364 nimum,
1113 2323 1233 2367 qratia
1270 2333 1341 2366 par
1387 2332 1431 2354 ac
1467 2322 1498 2354 si
1527 2332 1639 2366 prope

924 2371 1132 2404 adessemus.
1259 2370 1357 2403 saevi
1379 2370 1550 2414 proximis
1575 2370 1636 2402 in-

923 2424 1076 2465 gruunt.-
1104 2419 1203 2452 saevi
1222 2419 1456 2462 imperatores
1477 2419 1514 2451 in
1540 2419 1638 2461 ipsos

926 2469 1026 2501 cives
1059 2466 1238 2501 Romanos
1271 2478 1312 2499 ae
1346 2468 1540 2510 praecipue
1576 2476 1638 2499 se-

927 2521 1069 2550 natores
1083 2515 1267 2557 invadunt,
1298 2515 1494 2558 provinciis
1516 2525 1638 2558 parum

927 2575 1069 2610 graves.

996 2613 1177 2649 meliorum
1204 2613 1422 2645 intercentu:
1457 2608 1639 2642 meliorum

926 2670 998 2694 non
1024 2661 1067 2695 ad
1095 2661 1256 2695 meliores
1281 2659 1418 2692 referre
1444 2657 1549 2697 velis,
1575 2656 1639 2689 sed

927 2709 972 2743 ad
996 2709 1156 2750 meliora,
1183 2708 1216 2741 h.
1245 2719 1276 2741 e.
1301 2706 1429 2739 melior
1456 2704 1644 2746 homiuum·

927 2762 1039 2791 status
1067 2762 1101 2790 et
1131 2755 1300 2789 conditio.

999 2816 1082 2838 nam
1106 2804 1215 2849 pulsis
1236 2822 1271 2828 —
1302 2802 1470 2835 existent.-
1496 2800 1639 2833 imera-

929 2854 1027 2886 tione
1067 2862 1158 2897 qnae
1189 2850 1347 2884 Sallustii
1387 2849 1531 2882 nomine
1567 2849 1641 2881 cir-

930 2901 1126 2934 cumfertur
1161 2899 1192 2932 ll
1232 2898 1276 2931 ad
1311 2896 1350 2931 G.
1379 2896 1568 2931 caesarem
1595 2895 1640 2930 ae

930 2960 968 2983 re
996 2947 1093 2993 publ.
1119 2946 1194 2980 ord.
1226 2946 1292 2981 13:
1315 2946 1442 2992 'quippe
1466 2945 1498 2978 si
1521 2943 1640 2978 morbo
