1768 3216
162 228 211 262 „0
739 201 1046 257 uisromsnvm
1436 202 1468 227 a·
1492 199 1530 227 u.
1555 188 1642 227 8²2·

163 339 314 384 Marius
346 335 396 378 ad
428 334 579 376 electos
610 325 763 382 lllyrici
794 322 1025 372 exercituS,
1056 314 1252 372 Vipsania
1284 312 1325 354 in
1354 309 1520 393 porticu
1548 311 1646 392 ten-

167 416 320 458 dentes.
379 409 637 459 Praeceptum
668 399 831 444 Amulio
873 399 1032 441 Sereno
1076 397 1116 436 et
1155 388 1336 434 Domitio
1367 385 1523 470 Gabino
1554 394 1648 439 pn·-

165 486 412 542 mipilaribus
443 486 485 523 ut
515 477 783 522 Germanicos
815 473 964 517 milites
995 483 1018 512 e
1047 465 1267 510 Libertatis
1308 466 1413 506 atrio
1445 469 1649 507 accerse-

166 566 268 604 rent.
314 556 486 613 Legioni
516 553 720 596 classicae
751 548 1027 597 dfffidebatur,
1060 543 1234 586 infestae
1256 539 1308 582 ob
1331 536 1505 581 caedem
1527 546 1650 578 com·-

137 635 412 684 smilitonum,
455 641 557 684 quos
605 628 737 682 primo
787 624 924 668 statim
965 619 1134 663 introitu
1173 614 1474 696 trucidaverat·
1503 608 1649 653 Galba.

165 711 341 763 Pergunt
370 706 491 753 etiam
521 704 563 744 in
594 706 728 744 castra
757 697 1115 754 praetorianorum
1146 691 1324 742 tribuni,
1365 689 1527 731 Cetrius
1568 685 1651 728 Se·-

165 795 302 835 veruS‚
333 780 502 827 Subrius
522 778 691 828 Dexter,
721 773 936 828 Pompeius
966 769 1192 824 Longinus,
1224 766 1261 808 si
1291 763 1496 818 incipiens
1517 759 1653 844 adhuc

170 863 210 900 et
237 856 413 899 necdum
443 852 578 896 adulta
608 849 756 896 seditio
787 846 1024 889 melioribus
1058 840 1243 885 consiliis
1274 839 1527 882 flecteretur.
1557 834 1656 878 Tri-

169 933 369 974 bunorum
398 928 586 972 Subrium
617 929 656 968 et
685 924 863 968 Cetrium
894 920 1028 963 adorti
1058 917 1209 960 milites
1241 915 1387 967 minis,
1420 911 1656 968 Longinum

121 1005 355 1050 romanibus
385 1004 579 1045 coercent
608 1002 912 1051 exarmantque‚
946 995 1043 1049 quia,
1071 988 1546 1056 Flssnffs'rlfillqffllffffiifle‘
1578 985 1656 1030 sed

174 1093 197 1123 e
227 1079 378 1123 Galbae
407 1076 565 1127 amicis,
595 1074 698 1118 sidus
728 1071 903 1127 principi
940 1082 1016 1112 suo
1059 1072 1099 1110 et
1139 1064 1474 1110 desciscentibus
1504 1074 1658 1117 suspe-

176 1155 280 1197 ctior
309 1156 407 1195 erat.
465 1150 591 1205 Legio
623 1148 798 1190 classica
828 1146 927 1190 nihil
958 1148 1148 1186 cunctata
1188 1139 1466 1197 praetorianis
1505 1137 1660 1181 adiun-

174 1229 296 1283 gitur.
356 1225 508 1280 lllyrici
546 1224 750 1271 exercitus
791 1222 912 1264 electi
952 1220 1115 1262 Celsum
1158 1216 1332 1283 ingestis
1362 1214 1459 1281 pilis
1489 1217 1661 1268 protur-

175 1303 284 1347 bant.
345 1299 587 1345 Germanica
616 1298 767 1340 vexilla
798 1297 867 1340 diu
896 1301 1119 1347 nutavere,
1162 1292 1356 1336 invalidis
1389 1290 1526 1334 adhuc
1558 1299 1662 1331 cor-

311 1463 345 1498 2.
370 1471 464 1506 pree.
493 1459 557 1494 Ma.
668 1506 670 1508 Ι

178 1514 395 1545 accerserent
421 1507 513 1548 Gilia,
537 1518 607 1541 non
635 1513 860 1542 arcesserent.

640 1459 779 1493 amullio
804 1457 876 1502 Ma,
906 1468 975 1492 non
1002 1457 1130 1491 Furiae
1157 1454 1328 1490 amuelio:
1356 1453 1383 1488 G
1408 1451 1551 1487 amulio.
1627 1453 1662 1488 3.

935 1509 969 1541 4.
997 1506 1219 1551 diffidebatur
1244 1503 1452 1537 Ernestius:
1484 1500 1537 1536 Ma
1567 1501 1663 1546 diffi-

179 1559 298 1600 debat3
325 1558 441 1591 littera
467 1562 479 1590 t
503 1557 538 1590 in
558 1557 583 1590 G
604 1561 656 1590 est
684 1557 717 1589 in
744 1567 874 1598 rasura,
903 1560 973 1588 tum
995 1565 1145 1590 vacuum
1173 1553 1339 1598 spatium,
1369 1556 1407 1585 ut
1433 1550 1544 1585 fuerit
1568 1550 1665 1595 disfi-

179 1607 321 1641 debatur
347 1610 406 1639 aut
432 1605 641 1649 diffidebant,
669 1605 735 1638 hoc
763 1605 994 1651 (diffidebant)
1020 1615 1059 1649 pr
1085 1603 1152 1638 les.

180 1655 258 1689 dum
283 1653 352 1687 Ma:
380 1653 407 1687 G
430 1653 591 1688 nondum.
643 1654 674 1688 9.
703 1653 842 1687 adhorti
865 1652 928 1686 Ma.

182 1703 209 1738 G
231 1703 395 1748 principi.
495 1703 548 1737 13.
575 1701 707 1746 yllirici
730 1700 795 1735 Ma.

180 1753 302 1796 festum
316 1749 368 1785 Ma
394 1752 483 1795 (non
511 1752 689 1795 festiumJ:
718 1750 939 1785 emendatum
966 1751 1002 1784 in
1030 1749 1068 1785 G.

182 1799 240 1833 AB
246 1799 285 1843 R,
311 1799 445 1843 infestis
473 1798 512 1833 G.

274 1936 402 1980 leqioni
439 1937 606 1971 classicae
645 1938 886 1983 dissidebatur.-

188 1983 411 2018 dissidebatur
426 1995 444 2018 a
463 1984 571 2019 Galba
598 1991 632 2019 et
649 1987 770 2020 amicis
800 1988 889 2030 eius,

188 2032 328 2065 Lacone
350 2037 384 2065 et
404 2033 508 2066 Vinio
528 2038 562 2067 et
582 2034 700 2067 Icelo:
726 2036 889 2068 nimirum

189 2085 268 2124 post
293 2080 549 2125 digressionem
576 2081 695 2116 Pisoni
732 2083 891 2117 destina-

190 2132 259 2161 tam
285 2129 437 2162 narratio
467 2130 584 2163 verbis
610 2131 730 2164 missus
759 2137 790 2164 et
808 2131 890 2165 Cel-

190 2187 247 2208 sus
270 2176 376 2209 rediit
404 2177 497 2211 unde
530 2177 689 2223 digressa
716 2184 811 2221 erat,
849 2180 891 2213 ad

190 2224 384 2268 principem
423 2229 458 2257 et
506 2227 650 2260 amicos.
704 2226 892 2271 Diffidebat

190 2275 229 2304 ut
251 2271 287 2304 in
313 2272 495 2306 codicibus
526 2278 592 2316 est,
614 2285 657 2308 ex
683 2276 891 2319 compendio

191 2319 365 2353 scribendi
409 2320 595 2366 diffidebat'
633 2323 799 2369 neglecto
835 2329 894 2358 aut

193 2367 342 2402 evanido
366 2373 486 2403 natum
522 2374 586 2403 est.
643 2370 696 2405 De
733 2382 770 2406 re
799 2373 891 2407 conf.

194 2425 224 2449 c.
251 2414 285 2449 6.

266 2469 298 2496 et
321 2463 465 2498 necdum
490 2465 611 2500 adulta
635 2467 778 2501 seditio:
809 2479 894 2502 nec..

194 2510 272 2544 dum
305 2513 448 2557 antique
482 2524 544 2557 pro
580 2515 740 2549 nondum.
792 2517 892 2551 Cous.

193 2557 225 2591 11
258 2558 329 2593 85:
370 2559 429 2594 illo
465 2562 712 2607 praetendente
751 2566 896 2609 triyinta

194 2605 266 2640 dies
295 2607 341 2640 ad
375 2609 638 2643 consultandum
673 2612 770 2645 datos
809 2624 895 2647 nec-

193 2653 271 2687 dum
293 2657 514 2699 praeterisse.
568 2658 703 2693 Monuit
728 2660 895 2695 Petersen

193 2702 337 2747 specim.
366 2703 396 2737 11
431 2715 464 2748 p.
496 2706 550 2748 15,
579 2707 696 2741 allatis
723 2710 895 2754 exemplis

194 2760 237 2782 ex
264 2749 445 2785 Ciceronis
473 2753 558 2805 ng.
587 2754 636 2788 ΙΙΙ
661 2757 683 2790 3
709 2759 748 2798 4,
791 2756 895 2791 Plinii

193 2796 323 2843 Paneg.
353 2801 398 2834 56
438 2805 485 2846 (et
511 2802 657 2836 necdum
691 2804 732 2837 de
758 2805 895 2839 biennio

195 2844 341 2893 loquor),
371 2848 511 2894 Virgilii
527 2849 602 2885 Ecl.
624 2851 668 2886 lx
689 2853 722 2886 5.
750 2852 894 2887 Festus:

194 2902 258 2925 nec
282 2896 555 2932 coniunctionem
579 2902 801 2945 qrammatici
816 2904 895 2947 fere

195 2939 312 2976 dicunt
349 2953 418 2979 esse
453 2944 718 2994 disiunctivam,
751 2955 790 2985 ut
816 2950 896 2985 ‘nec

1230 1601 1346 1636 cedem
1374 1598 1439 1635 Ma.
1515 1598 1551 1634 8.
1578 1610 1666 1633 nec-

996 1653 1158 1698 lonqinus
1186 1649 1248 1686 Ma.
1305 1651 1360 1684 11.
1387 1648 1560 1695 principis
1590 1647 1665 1683 Ma:

886 1703 1040 1736 exercitu
1068 1699 1140 1735 Ma:
1169 1699 1196 1734 G
1222 1700 1406 1734 exercitus.
1509 1695 1663 1743 Celsum]

1150 1750 1290 1784 incestis
1305 1747 1378 1783 Ma:
1404 1750 1604 1781 correctum
1629 1746 1667 1782 in

960 1940 1042 1986 leqit
1067 1951 1133 1974 nec
1158 1940 1314 1983 scribit’,
1357 1951 1433 1974 cum
1458 1941 1489 1975 si
1515 1940 1670 1987 ditiqu-

960 1989 1027 2022 tius
1062 1988 1271 2033 inspiciatur
1293 2014 1302 2030 ‚
1334 1994 1372 2022 ut
1406 1990 1491 2035 [ecit
1524 1990 1671 2025 Sinnius

961 2037 1096 2082 Capito,
1123 2036 1272 2082 intelliqi
1293 2039 1401 2083 possit
1426 2050 1503 2072 eam
1521 2039 1672 2085 positam

959 2097 1031 2118 esse
1058 2085 1101 2119 ab
1128 2086 1278 2130 antiquis
1291 2097 1366 2132 φνο
1392 2097 1484 2130 non,
1508 2093 1546 2122 ut
1574 2093 1607 2122 et
1632 2089 1673 2124 ι’ίι

961 2133 1035 2167 XII
1067 2139 1116 2167 est
1135 2133 1203 2167 ‘ast
1238 2135 1270 2168 ei
1307 2141 1419 2169 custos
1458 2147 1524 2171 nec
1557 2135 1671 2181 κεῖτ’,

959 2182 1039 2215 item
1059 2183 1103 2215 ‘si
1129 2182 1256 2216 adorat
1271 2184 1364 2227 furto
1390 2185 1480 2228 quod
1497 2196 1564 2220 nec
1591 2196 1672 2220 ma-

959 2231 1121 2273 nifestum
1147 2230 1245 2274 erit'‚
1275 2238 1306 2266 et
1332 2233 1426 2277 apud
1450 2233 1610 2270 Plautum
1633 2235 1674 2269 in

962 2278 1143 2313 Phasmate
1175 2279 1255 2313 ‘nec
1288 2287 1381 2314 recte
1415 2283 1445 2315 si
1479 2282 1535 2317 illi
1569 2282 1672 2319 dice·

961 2327 1032 2369 τίδ’,
1060 2334 1090 2361 et
1122 2328 1307 2374 Turpilium
1335 2331 1372 2362 in
1389 2329 1568 2366 Demetrio
1589 2330 1673 2366 ‘noo

961 2381 1053 2408 recte
1086 2377 1156 2410 dici
1180 2377 1264 2411 mihi
1300 2378 1389 2423 quod
1434 2381 1506 2414 iam
1544 2379 1673 2415 dudum

965 2424 1089 2457 audio'.

1036 2496 1115 2538 qaia
1150 2507 1220 2529 non
1259 2498 1380 2532 ordine
1418 2498 1592 2533 militiae:
1633 2499 1668 2533 in

964 2545 1091 2576 ceteris
1111 2546 1326 2579 excusabant
1343 2548 1436 2592 quod
1456 2547 1582 2581 ordine
1599 2549 1670 2582 mi-

964 2590 1061 2624 litiae
1089 2592 1131 2625 ad
1169 2593 1270 2627 fidem
1298 2597 1449 2640 principi
1482 2600 1671 2641 praestan-

964 2638 1039 2672 dam
1068 2641 1202 2684 impelli
1231 2653 1268 2675 se
1297 2645 1478 2688 sinerent3
1509 2646 1543 2678 in
1571 2644 1669 2679 Lon-

964 2687 1047 2730 gino
1082 2694 1117 2721 et
1146 2689 1233 2723 haec
1271 2695 1453 2726 excusatio
1485 2693 1608 2727 deerat
1634 2699 1671 2728 et

964 2735 1108 2779 insuper
1133 2739 1346 2782 suspicionis
1378 2752 1483 2775 causa
1510 2741 1645 2775 aderat.

1048 2808 1188 2852 inyestis
1221 2810 1301 2853 pilis
1340 2812 1580 2856 proturbant.-
1625 2825 1667 2847 ex

963 2853 1158 2901 longinquo
1185 2857 1256 2901 pila
1285 2860 1468 2893 >iacientes
1495 2861 1529 2893 in
1557 2861 1670 2896 adve-

963 2901 1116 2937 nientem
1158 2905 1327 2949 Celsum,
1371 2913 1408 2940 ut
1446 2908 1488 2941 ab
1525 2911 1669 2956 incepto

963 2948 1152 2986 desisteret
1176 2958 1210 2987 et
1230 2953 1443 3001 refugiendo
1460 2956 1567 2992 saluti
1582 2968 1669 2996 suae
