<?xml version="1.0" encoding="UTF-8"?>
<!DOCTYPE html PUBLIC "-//W3C//DTD XHTML 1.0 Transitional//EN"
    "http://www.w3.org/TR/xhtml1/DTD/xhtml1-transitional.dtd">
<html xmlns="http://www.w3.org/1999/xhtml" xml:lang="en" lang="en">
 <head>
  <title>
</title>
<meta http-equiv="Content-Type" content="text/html;charset=utf-8" />
  <meta name='ocr-system' content='tesseract 3.04.00' />
  <meta name='ocr-capabilities' content='ocr_page ocr_carea ocr_par ocr_line ocrx_word'/>
</head>
<body>
  <div class='ocr_page' id='page_1' title='image "./operaadcodicesan03taciuoft/operaadcodicesan03taciuoft_0221.png"; bbox 0 0 1768 3216; ppageno 0'>
   <div class='ocr_carea' id='block_1_1' title="bbox 0 0 831 138">
    <p class='ocr_par' dir='ltr' id='par_1_1' title="bbox 0 0 831 138">
     <span class='ocr_line' id='line_1_1' title="bbox 0 0 831 138; baseline -0.032 -37"><span class='ocrx_word' id='word_1_1' title='bbox 0 52 44 100; x_wconf 50' lang='grc' dir='ltr'><strong>ι.</strong></span> <span class='ocrx_word' id='word_1_2' title='bbox 93 36 237 99; x_wconf 51' lang='lat' dir='ltr'><strong>tace</strong></span> <span class='ocrx_word' id='word_1_3' title='bbox 267 37 341 105; x_wconf 56' lang='lat' dir='ltr'><strong>...s</strong></span> <span class='ocrx_word' id='word_1_4' title='bbox 383 0 577 138; x_wconf 43' lang='lat' dir='ltr'><strong>kk}</strong></span> <span class='ocrx_word' id='word_1_5' title='bbox 614 22 759 88; x_wconf 42' lang='grc' dir='ltr'><strong>..ξι</strong></span> <span class='ocrx_word' id='word_1_6' title='bbox 813 66 831 74; x_wconf 69' lang='lat'><strong>-</strong></span> 
     </span>
    </p>
   </div>
   <div class='ocr_carea' id='block_1_2' title="bbox 604 103 629 137">
    <p class='ocr_par' dir='ltr' id='par_1_2' title="bbox 604 103 629 137">
     <span class='ocr_line' id='line_1_2' title="bbox 604 103 629 137; baseline 0 0"><span class='ocrx_word' id='word_1_7' title='bbox 604 103 629 137; x_wconf 55' lang='lat' dir='ltr'><strong>a}</strong></span> 
     </span>
    </p>
   </div>
   <div class='ocr_carea' id='block_1_3' title="bbox 137 186 1653 231">
    <p class='ocr_par' dir='ltr' id='par_1_3' title="bbox 137 186 1653 231">
     <span class='ocr_line' id='line_1_3' title="bbox 137 186 1653 231; baseline 0.005 -9"><span class='ocrx_word' id='word_1_8' title='bbox 137 197 162 229; x_wconf 66' lang='lat' dir='ltr'><strong>ja</strong></span> <span class='ocrx_word' id='word_1_9' title='bbox 184 186 224 223; x_wconf 79' lang='lat' dir='ltr'><strong>G.</strong></span> <span class='ocrx_word' id='word_1_10' title='bbox 251 187 310 230; x_wconf 73' lang='grc'><strong>69,</strong></span> <span class='ocrx_word' id='word_1_11' title='bbox 596 190 731 225; x_wconf 80' lang='lat' dir='ltr'><strong>LtBER</strong></span> <span class='ocrx_word' id='word_1_12' title='bbox 758 189 820 227; x_wconf 87' lang='lat'><strong>111.</strong></span> <span class='ocrx_word' id='word_1_13' title='bbox 871 189 961 230; x_wconf 66' lang='lat' dir='ltr'><strong>Cu.</strong></span> <span class='ocrx_word' id='word_1_14' title='bbox 992 190 1143 231; x_wconf 70' lang='lat' dir='ltr'><strong>iti—17.</strong></span> <span class='ocrx_word' id='word_1_15' title='bbox 1582 194 1653 229; x_wconf 80' lang='lat'><strong>211</strong></span> 
     </span>
    </p>
   </div>
   <div class='ocr_carea' id='block_1_4' title="bbox 29 306 1768 1523">
    <p class='ocr_par' dir='ltr' id='par_1_4' title="bbox 29 306 1768 1523">
     <span class='ocr_line' id='line_1_4' title="bbox 136 306 1648 365; baseline 0.001 -16"><span class='ocrx_word' id='word_1_16' title='bbox 136 309 304 360; x_wconf 80' lang='lat' dir='ltr'><strong>tumque</strong></span> <span class='ocrx_word' id='word_1_17' title='bbox 334 306 416 349; x_wconf 87' lang='lat' dir='ltr'><strong>late</strong></span> <span class='ocrx_word' id='word_1_18' title='bbox 447 308 582 350; x_wconf 89' lang='lat' dir='ltr'><strong>audiri</strong></span> <span class='ocrx_word' id='word_1_19' title='bbox 617 308 835 351; x_wconf 87' lang='lat' dir='ltr'><strong>nuntiavit.</strong></span> <span class='ocrx_word' id='word_1_20' title='bbox 896 308 1002 350; x_wconf 89' lang='lat' dir='ltr'><strong>Dum</strong></span> <span class='ocrx_word' id='word_1_21' title='bbox 1033 308 1241 350; x_wconf 88' lang='lat' dir='ltr'><strong>Antonius</strong></span> <span class='ocrx_word' id='word_1_22' title='bbox 1282 308 1479 362; x_wconf 82' lang='lat' dir='ltr'>quidnam</span> <span class='ocrx_word' id='word_1_23' title='bbox 1511 322 1648 365; x_wconf 86' lang='lat' dir='ltr'><strong>agen-</strong></span> 
     </span>
     <span class='ocr_line' id='line_1_5' title="bbox 138 380 1643 438; baseline 0.002 -14"><span class='ocrx_word' id='word_1_24' title='bbox 138 380 235 424; x_wconf 88' lang='lat' dir='ltr'><strong>dum</strong></span> <span class='ocrx_word' id='word_1_25' title='bbox 267 382 504 435; x_wconf 88' lang='lat' dir='ltr'><strong>consultat,</strong></span> <span class='ocrx_word' id='word_1_26' title='bbox 537 383 736 426; x_wconf 89' lang='lat' dir='ltr'><strong>aviditate</strong></span> <span class='ocrx_word' id='word_1_27' title='bbox 765 383 986 426; x_wconf 81' lang='lat' dir='ltr'><strong>navandae</strong></span> <span class='ocrx_word' id='word_1_28' title='bbox 1018 395 1172 438; x_wconf 81' lang='lat' dir='ltr'>operae</span> <span class='ocrx_word' id='word_1_29' title='bbox 1202 383 1352 426; x_wconf 88' lang='lat' dir='ltr'><strong>Arrius</strong></span> <span class='ocrx_word' id='word_1_30' title='bbox 1382 384 1517 427; x_wconf 86' lang='lat' dir='ltr'><strong>Varus</strong></span> <span class='ocrx_word' id='word_1_31' title='bbox 1549 396 1643 429; x_wconf 88' lang='lat' dir='ltr'><strong>cum</strong></span> 
     </span>
     <span class='ocr_line' id='line_1_6' title="bbox 137 456 1649 513; baseline 0.003 -15"><span class='ocrx_word' id='word_1_32' title='bbox 137 457 457 511; x_wconf 82' lang='lat' dir='ltr'><strong>promptissimis</strong></span> <span class='ocrx_word' id='word_1_33' title='bbox 489 459 671 512; x_wconf 88' lang='lat' dir='ltr'><strong>equitum</strong></span> <span class='ocrx_word' id='word_1_34' title='bbox 695 459 896 513; x_wconf 85' lang='lat' dir='ltr'><strong>prorupit,</strong></span> <span class='ocrx_word' id='word_1_35' title='bbox 930 456 1169 513; x_wconf 79' lang='lat' dir='ltr'><strong>impulitque</strong></span> <span class='ocrx_word' id='word_1_36' title='bbox 1187 458 1449 512; x_wconf 82' lang='lat' dir='ltr'><strong>Vitellianos,</strong></span> <span class='ocrx_word' id='word_1_37' title='bbox 1481 460 1649 502; x_wconf 88' lang='lat' dir='ltr'><strong>modica</strong></span> 
     </span>
     <span class='ocr_line' id='line_1_7' title="bbox 140 524 1647 595; baseline 0.003 -22"><span class='ocrx_word' id='word_1_38' title='bbox 140 530 293 575; x_wconf 84' lang='lat' dir='ltr'><strong>caede:</strong></span> <span class='ocrx_word' id='word_1_39' title='bbox 344 544 439 574; x_wconf 90' lang='lat' dir='ltr'><strong>nam</strong></span> <span class='ocrx_word' id='word_1_40' title='bbox 479 524 658 595; x_wconf 84' lang='lat' dir='ltr'><strong>plurium</strong></span> <span class='ocrx_word' id='word_1_41' title='bbox 710 546 888 576; x_wconf 87' lang='lat' dir='ltr'><strong>accursu</strong></span> <span class='ocrx_word' id='word_1_42' title='bbox 930 546 1054 576; x_wconf 86' lang='lat' dir='ltr'><strong>versa</strong></span> <span class='ocrx_word' id='word_1_43' title='bbox 1098 534 1286 586; x_wconf 85' lang='lat' dir='ltr'><strong>fortuna,</strong></span> <span class='ocrx_word' id='word_1_44' title='bbox 1338 538 1378 575; x_wconf 88' lang='lat' dir='ltr'><strong>et</strong></span> <span class='ocrx_word' id='word_1_45' title='bbox 1418 535 1647 578; x_wconf 87' lang='lat' dir='ltr'><strong>acerrimus</strong></span> 
     </span>
     <span class='ocr_line' id='line_1_8' title="bbox 60 534 1681 718; baseline 0.002 -70"><span class='ocrx_word' id='word_1_46' title='bbox 60 534 118 718; x_wconf 56' lang='lat' dir='ltr'><em>s</em></span> <span class='ocrx_word' id='word_1_47' title='bbox 117 562 315 679; x_wconf 61' lang='lat' dir='ltr'><strong>¹,quisque</strong></span> <span class='ocrx_word' id='word_1_48' title='bbox 350 608 611 670; x_wconf 82' lang='lat' dir='ltr'><strong>sequentium</strong></span> <span class='ocrx_word' id='word_1_49' title='bbox 642 609 768 664; x_wconf 81' lang='lat' dir='ltr'><strong>fugae</strong></span> <span class='ocrx_word' id='word_1_50' title='bbox 798 609 965 651; x_wconf 89' lang='lat' dir='ltr'><strong>ultimus</strong></span> <span class='ocrx_word' id='word_1_51' title='bbox 998 613 1100 651; x_wconf 83' lang='lat' dir='ltr'><strong>erat.</strong></span> <span class='ocrx_word' id='word_1_52' title='bbox 1161 609 1249 651; x_wconf 89' lang='lat' dir='ltr'><strong>Nec</strong></span> <span class='ocrx_word' id='word_1_53' title='bbox 1290 614 1446 677; x_wconf 83' lang='lat' dir='ltr'><strong>sponte</strong></span> <span class='ocrx_word' id='word_1_54' title='bbox 1410 595 1681 658; x_wconf 62' lang='grc' dir='ltr'><strong>Κῇῐοῃίἰρ.</strong></span> 
     </span>
     <span class='ocr_line' id='line_1_9' title="bbox 137 666 1648 738; baseline 0.003 -15"><span class='ocrx_word' id='word_1_55' title='bbox 137 668 439 736; x_wconf 60' lang='grc' dir='ltr'><strong>ρι’(ἷῇἐῐ-ἶιῗιῖιιι,</strong></span> <span class='ocrx_word' id='word_1_56' title='bbox 473 687 513 724; x_wconf 92' lang='lat' dir='ltr'><strong>et</strong></span> <span class='ocrx_word' id='word_1_57' title='bbox 539 666 713 725; x_wconf 41' lang='grc' dir='ltr'><strong>ὦῶ*</strong></span> <span class='ocrx_word' id='word_1_58' title='bbox 667 695 775 738; x_wconf 89' lang='lat' dir='ltr'><strong>quae</strong></span> <span class='ocrx_word' id='word_1_59' title='bbox 806 669 1056 726; x_wconf 86' lang='lat' dir='ltr'><strong>acciderant</strong></span> <span class='ocrx_word' id='word_1_60' title='bbox 1077 683 1260 725; x_wconf 89' lang='lat' dir='ltr'><strong>rebatur.</strong></span> <span class='ocrx_word' id='word_1_61' title='bbox 1320 672 1516 727; x_wconf 84' lang='lat' dir='ltr'><strong>Hortatus</strong></span> <span class='ocrx_word' id='word_1_62' title='bbox 1549 697 1648 728; x_wconf 90' lang='lat' dir='ltr'><strong>suos</strong></span> 
     </span>
     <span class='ocr_line' id='line_1_10' title="bbox 137 757 1649 814; baseline 0.003 -16"><span class='ocrx_word' id='word_1_63' title='bbox 137 759 182 798; x_wconf 85' lang='lat' dir='ltr'><strong>ut</strong></span> <span class='ocrx_word' id='word_1_64' title='bbox 210 769 364 811; x_wconf 82' lang='lat' dir='ltr'><strong>magno</strong></span> <span class='ocrx_word' id='word_1_65' title='bbox 395 757 535 799; x_wconf 89' lang='lat' dir='ltr'><strong>animo</strong></span> <span class='ocrx_word' id='word_1_66' title='bbox 569 763 839 812; x_wconf 78' lang='lat' dir='ltr'><strong>capesserent</strong></span> <span class='ocrx_word' id='word_1_67' title='bbox 867 771 1074 814; x_wconf 82' lang='lat' dir='ltr'><strong>pugnam,</strong></span> <span class='ocrx_word' id='word_1_68' title='bbox 1108 758 1289 800; x_wconf 87' lang='lat' dir='ltr'><strong>diductis</strong></span> <span class='ocrx_word' id='word_1_69' title='bbox 1321 759 1364 800; x_wconf 94' lang='lat' dir='ltr'><strong>in</strong></span> <span class='ocrx_word' id='word_1_70' title='bbox 1394 759 1524 801; x_wconf 89' lang='lat' dir='ltr'><strong>latera</strong></span> <span class='ocrx_word' id='word_1_71' title='bbox 1556 763 1649 803; x_wconf 85' lang='lat' dir='ltr'><strong>tur-</strong></span> 
     </span>
     <span class='ocr_line' id='line_1_11' title="bbox 137 830 1768 908; baseline 0.003 -37"><span class='ocrx_word' id='word_1_72' title='bbox 137 830 216 872; x_wconf 87' lang='lat' dir='ltr'><strong>mis</strong></span> <span class='ocrx_word' id='word_1_73' title='bbox 245 843 422 873; x_wconf 87' lang='lat' dir='ltr'><strong>vacuum</strong></span> <span class='ocrx_word' id='word_1_74' title='bbox 446 832 593 874; x_wconf 89' lang='lat' dir='ltr'><strong>medio</strong></span> <span class='ocrx_word' id='word_1_75' title='bbox 624 832 821 886; x_wconf 82' lang='lat' dir='ltr'><strong>relinquit</strong></span> <span class='ocrx_word' id='word_1_76' title='bbox 855 833 949 885; x_wconf 85' lang='lat' dir='ltr'><strong>iter,</strong></span> <span class='ocrx_word' id='word_1_77' title='bbox 983 845 1064 887; x_wconf 90' lang='lat' dir='ltr'><strong>quo</strong></span> <span class='ocrx_word' id='word_1_78' title='bbox 1096 834 1249 875; x_wconf 91' lang='lat' dir='ltr'><strong>Varum</strong></span> <span class='ocrx_word' id='word_1_79' title='bbox 1281 834 1526 888; x_wconf 81' lang='lat' dir='ltr'><strong>equitesque</strong></span> <span class='ocrx_word' id='word_1_80' title='bbox 1557 835 1646 877; x_wconf 91' lang='lat' dir='ltr'><strong>eius</strong></span> <span class='ocrx_word' id='word_1_81' title='bbox 1676 854 1713 908; x_wconf 42' lang='grc' dir='ltr'><strong>(ἓ</strong></span> <span class='ocrx_word' id='word_1_82' title='bbox 1750 848 1768 905; x_wconf 54' lang='grc' dir='ltr'><em>θ</em></span> 
     </span>
     <span class='ocr_line' id='line_1_12' title="bbox 136 904 1762 986; baseline 0.002 -40"><span class='ocrx_word' id='word_1_83' title='bbox 136 904 370 959; x_wconf 85' lang='lat' dir='ltr'><strong>reciperet3</strong></span> <span class='ocrx_word' id='word_1_84' title='bbox 413 906 554 949; x_wconf 88' lang='lat' dir='ltr'><strong>iussae</strong></span> <span class='ocrx_word' id='word_1_85' title='bbox 594 907 749 948; x_wconf 89' lang='lat' dir='ltr'><strong>armari</strong></span> <span class='ocrx_word' id='word_1_86' title='bbox 782 906 1002 962; x_wconf 86' lang='lat' dir='ltr'><strong>legiones;</strong></span> <span class='ocrx_word' id='word_1_87' title='bbox 1045 907 1183 948; x_wconf 91' lang='lat' dir='ltr'><strong>datum</strong></span> <span class='ocrx_word' id='word_1_88' title='bbox 1243 919 1290 948; x_wconf 90' lang='lat' dir='ltr'><strong>er</strong></span> <span class='ocrx_word' id='word_1_89' title='bbox 1315 919 1445 962; x_wconf 90' lang='lat' dir='ltr'><strong>aoros</strong></span> <span class='ocrx_word' id='word_1_90' title='bbox 1431 920 1645 968; x_wconf 52' lang='lat' dir='ltr'><strong>Qum</strong></span> <span class='ocrx_word' id='word_1_91' title='bbox 1665 920 1762 986; x_wconf 51' lang='lat' dir='ltr'><strong>[Q</strong></span> 
     </span>
     <span class='ocr_line' id='line_1_13' title="bbox 136 981 1768 1062; baseline 0.002 -39"><span class='ocrx_word' id='word_1_92' title='bbox 136 983 194 1032; x_wconf 83' lang='lat' dir='ltr'><strong>ut,</strong></span> <span class='ocrx_word' id='word_1_93' title='bbox 233 992 314 1034; x_wconf 88' lang='lat' dir='ltr'><strong>qua</strong></span> <span class='ocrx_word' id='word_1_94' title='bbox 345 981 495 1035; x_wconf 88' lang='lat' dir='ltr'><strong>cuique</strong></span> <span class='ocrx_word' id='word_1_95' title='bbox 526 981 784 1036; x_wconf 86' lang='lat' dir='ltr'><strong>proximum,</strong></span> <span class='ocrx_word' id='word_1_96' title='bbox 818 982 972 1025; x_wconf 89' lang='lat' dir='ltr'><strong>omissa</strong></span> <span class='ocrx_word' id='word_1_97' title='bbox 1004 981 1161 1036; x_wconf 90' lang='lat' dir='ltr'><strong>praeda</strong></span> <span class='ocrx_word' id='word_1_98' title='bbox 1191 982 1354 1036; x_wconf 90' lang='lat' dir='ltr'><strong>proelio</strong></span> <span class='ocrx_word' id='word_1_99' title='bbox 1388 985 1645 1024; x_wconf 80' lang='lat' dir='ltr'><strong>occurreret.</strong></span> <span class='ocrx_word' id='word_1_100' title='bbox 1665 999 1768 1062; x_wconf 44' lang='lat'><strong>¹⁰⁶2</strong></span> 
     </span>
     <span class='ocr_line' id='line_1_14' title="bbox 136 1054 1647 1111; baseline 0.002 -15"><span class='ocrx_word' id='word_1_101' title='bbox 136 1054 315 1097; x_wconf 87' lang='lat' dir='ltr'><strong>Pavidus</strong></span> <span class='ocrx_word' id='word_1_102' title='bbox 358 1055 521 1098; x_wconf 89' lang='lat' dir='ltr'><strong>interim</strong></span> <span class='ocrx_word' id='word_1_103' title='bbox 564 1057 696 1099; x_wconf 85' lang='lat' dir='ltr'><strong>Varus</strong></span> <span class='ocrx_word' id='word_1_104' title='bbox 753 1057 899 1099; x_wconf 83' lang='lat' dir='ltr'><strong>turbae</strong></span> <span class='ocrx_word' id='word_1_105' title='bbox 953 1068 1123 1098; x_wconf 80' lang='lat' dir='ltr'><strong>suolum</strong></span> <span class='ocrx_word' id='word_1_106' title='bbox 1164 1057 1388 1110; x_wconf 89' lang='lat' dir='ltr'><strong>miscetur,</strong></span> <span class='ocrx_word' id='word_1_107' title='bbox 1431 1057 1647 1111; x_wconf 84' lang='lat' dir='ltr'><strong>intulitque</strong></span> 
     </span>
     <span class='ocr_line' id='line_1_15' title="bbox 139 1128 1648 1186; baseline 0.002 -16"><span class='ocrx_word' id='word_1_108' title='bbox 139 1128 419 1171; x_wconf 81' lang='lat' dir='ltr'><strong>formidinem.</strong></span> <span class='ocrx_word' id='word_1_109' title='bbox 480 1130 590 1172; x_wconf 91' lang='lat' dir='ltr'><strong>Pulsi</strong></span> <span class='ocrx_word' id='word_1_110' title='bbox 631 1144 722 1173; x_wconf 90' lang='lat' dir='ltr'><strong>cum</strong></span> <span class='ocrx_word' id='word_1_111' title='bbox 761 1131 918 1174; x_wconf 88' lang='lat' dir='ltr'><strong>sauciis</strong></span> <span class='ocrx_word' id='word_1_112' title='bbox 959 1131 1115 1185; x_wconf 87' lang='lat' dir='ltr'><strong>integri</strong></span> <span class='ocrx_word' id='word_1_113' title='bbox 1156 1135 1321 1173; x_wconf 87' lang='lat' dir='ltr'><strong>suomet</strong></span> <span class='ocrx_word' id='word_1_114' title='bbox 1354 1131 1433 1186; x_wconf 87' lang='lat' dir='ltr'><strong>ipsi</strong></span> <span class='ocrx_word' id='word_1_115' title='bbox 1465 1135 1577 1173; x_wconf 90' lang='lat' dir='ltr'><strong>metu</strong></span> <span class='ocrx_word' id='word_1_116' title='bbox 1608 1135 1648 1173; x_wconf 89' lang='lat' dir='ltr'><strong>et</strong></span> 
     </span>
     <span class='ocr_line' id='line_1_16' title="bbox 70 1204 1647 1260; baseline -0.001 -11"><span class='ocrx_word' id='word_1_117' title='bbox 70 1210 124 1249; x_wconf 67' lang='lat'><strong>1?</strong></span> <span class='ocrx_word' id='word_1_118' title='bbox 138 1204 342 1259; x_wconf 81' lang='lat' dir='ltr'><strong>augustiis</strong></span> <span class='ocrx_word' id='word_1_119' title='bbox 372 1204 534 1246; x_wconf 82' lang='lat' dir='ltr'><strong>viarum</strong></span> <span class='ocrx_word' id='word_1_120' title='bbox 563 1205 939 1255; x_wconf 63' lang='lat' dir='ltr'><strong>conflictabantur„</strong></span> <span class='ocrx_word' id='word_1_121' title='bbox 981 1205 1144 1248; x_wconf 87' lang='lat' dir='ltr'><strong>Nullum</strong></span> <span class='ocrx_word' id='word_1_122' title='bbox 1176 1206 1218 1246; x_wconf 89' lang='lat' dir='ltr'><strong>in</strong></span> <span class='ocrx_word' id='word_1_123' title='bbox 1257 1205 1326 1246; x_wconf 86' lang='lat' dir='ltr'><strong>illa</strong></span> <span class='ocrx_word' id='word_1_124' title='bbox 1367 1206 1647 1260; x_wconf 79' lang='lat' dir='ltr'><strong>trepidatione</strong></span> 
     </span>
     <span class='ocr_line' id='line_1_17' title="bbox 136 1277 1642 1324; baseline 0.002 -4"><span class='ocrx_word' id='word_1_125' title='bbox 136 1277 345 1321; x_wconf 85' lang='lat' dir='ltr'><strong>Antonius</strong></span> <span class='ocrx_word' id='word_1_126' title='bbox 377 1280 608 1322; x_wconf 88' lang='lat' dir='ltr'><strong>constantis</strong></span> <span class='ocrx_word' id='word_1_127' title='bbox 639 1280 761 1322; x_wconf 88' lang='lat' dir='ltr'><strong>ducis</strong></span> <span class='ocrx_word' id='word_1_128' title='bbox 791 1284 861 1322; x_wconf 87' lang='lat' dir='ltr'><strong>aut</strong></span> <span class='ocrx_word' id='word_1_129' title='bbox 882 1280 1099 1322; x_wconf 84' lang='lat' dir='ltr'><strong>fortissimi</strong></span> <span class='ocrx_word' id='word_1_130' title='bbox 1122 1280 1262 1322; x_wconf 86' lang='lat' dir='ltr'><strong>militis</strong></span> <span class='ocrx_word' id='word_1_131' title='bbox 1284 1280 1468 1322; x_wconf 86' lang='lat' dir='ltr'><strong>officium</strong></span> <span class='ocrx_word' id='word_1_132' title='bbox 1488 1281 1642 1324; x_wconf 88' lang='lat' dir='ltr'><strong>omisit.</strong></span> 
     </span>
     <span class='ocr_line' id='line_1_18' title="bbox 29 1352 1700 1523; baseline 0.004 -129"><span class='ocrx_word' id='word_1_133' title='bbox 29 1371 87 1523; x_wconf 55' lang='grc' dir='ltr'>η</span> <span class='ocrx_word' id='word_1_134' title='bbox 139 1352 375 1396; x_wconf 84' lang='lat' dir='ltr'><strong>Occursare</strong></span> <span class='ocrx_word' id='word_1_135' title='bbox 405 1355 669 1421; x_wconf 80' lang='lat' dir='ltr'><strong>paventibus,</strong></span> <span class='ocrx_word' id='word_1_136' title='bbox 703 1355 889 1397; x_wconf 89' lang='lat' dir='ltr'><strong>retinere</strong></span> <span class='ocrx_word' id='word_1_137' title='bbox 922 1355 1148 1407; x_wconf 85' lang='lat' dir='ltr'><strong>cedentes,</strong></span> <span class='ocrx_word' id='word_1_138' title='bbox 1179 1355 1251 1416; x_wconf 87' lang='lat' dir='ltr'><strong>ubi</strong></span> <span class='ocrx_word' id='word_1_139' title='bbox 1279 1355 1481 1426; x_wconf 82' lang='lat' dir='ltr'><strong>plurimus</strong></span> <span class='ocrx_word' id='word_1_140' title='bbox 1512 1355 1645 1409; x_wconf 85' lang='lat' dir='ltr'><strong>labor,</strong></span> <span class='ocrx_word' id='word_1_141' title='bbox 1661 1371 1700 1401; x_wconf 72' lang='grc' dir='ltr'><strong>ιε</strong></span> 
     </span>
    </p>
   </div>
   <div class='ocr_carea' id='block_1_5' title="bbox 716 669 919 679">
    <p class='ocr_par' dir='ltr' id='par_1_5' title="bbox 716 669 919 679">
     <span class='ocr_line' id='line_1_19' title="bbox 716 669 919 679; baseline 0.005 -4.074"><span class='ocrx_word' id='word_1_142' title='bbox 716 669 919 679; x_wconf 29' lang='grc' dir='ltr'><strong>,Ἣψμὴ--κ</strong></span> 
     </span>
    </p>
   </div>
   <div class='ocr_carea' id='block_1_6' title="bbox 136 1417 1764 1651">
    <p class='ocr_par' dir='ltr' id='par_1_6' title="bbox 136 1417 1764 1651">
     <span class='ocr_line' id='line_1_20' title="bbox 136 1417 1646 1494; baseline 0.003 -25"><span class='ocrx_word' id='word_1_143' title='bbox 136 1417 420 1491; x_wconf 59' lang='lat' dir='ltr'><strong>uQaliqua</strong></span> <span class='ocrx_word' id='word_1_144' title='bbox 440 1441 562 1491; x_wconf 85' lang='lat' dir='ltr'><strong>spes,</strong></span> <span class='ocrx_word' id='word_1_145' title='bbox 596 1430 775 1472; x_wconf 90' lang='lat' dir='ltr'><strong>consilio</strong></span> <span class='ocrx_word' id='word_1_146' title='bbox 807 1443 931 1473; x_wconf 92' lang='lat' dir='ltr'><strong>manu</strong></span> <span class='ocrx_word' id='word_1_147' title='bbox 963 1442 1071 1472; x_wconf 89' lang='lat' dir='ltr'><strong>voce</strong></span> <span class='ocrx_word' id='word_1_148' title='bbox 1103 1421 1287 1485; x_wconf 84' lang='lat' dir='ltr'><strong>insignis</strong></span> <span class='ocrx_word' id='word_1_149' title='bbox 1312 1430 1438 1483; x_wconf 82' lang='lat' dir='ltr'><strong>hosti,</strong></span> <span class='ocrx_word' id='word_1_150' title='bbox 1472 1431 1646 1494; x_wconf 82' lang='lat' dir='ltr'><strong>conspi-</strong></span> 
     </span>
     <span class='ocr_line' id='line_1_21' title="bbox 137 1489 1644 1573; baseline 0.002 -29"><span class='ocrx_word' id='word_1_151' title='bbox 137 1514 239 1544; x_wconf 89' lang='lat' dir='ltr'><strong>cuus</strong></span> <span class='ocrx_word' id='word_1_152' title='bbox 204 1503 371 1573; x_wconf 45' lang='lat' dir='ltr'><strong>fsuis.</strong></span> <span class='ocrx_word' id='word_1_153' title='bbox 423 1501 493 1545; x_wconf 95' lang='lat' dir='ltr'><strong>Eo</strong></span> <span class='ocrx_word' id='word_1_154' title='bbox 524 1508 737 1558; x_wconf 87' lang='lat' dir='ltr'><strong>postremo</strong></span> <span class='ocrx_word' id='word_1_155' title='bbox 769 1489 950 1547; x_wconf 82' lang='lat' dir='ltr'><strong>ardoris</strong></span> <span class='ocrx_word' id='word_1_156' title='bbox 964 1494 1190 1559; x_wconf 89' lang='lat' dir='ltr'><strong>provectus</strong></span> <span class='ocrx_word' id='word_1_157' title='bbox 1221 1509 1286 1547; x_wconf 87' lang='lat' dir='ltr'><strong>est</strong></span> <span class='ocrx_word' id='word_1_158' title='bbox 1312 1509 1357 1546; x_wconf 88' lang='lat' dir='ltr'><strong>ut</strong></span> <span class='ocrx_word' id='word_1_159' title='bbox 1381 1505 1644 1547; x_wconf 87' lang='lat' dir='ltr'><strong>vexillarium</strong></span> 
     </span>
     <span class='ocr_line' id='line_1_22' title="bbox 138 1554 1764 1651; baseline 0 -31"><span class='ocrx_word' id='word_1_160' title='bbox 138 1554 369 1634; x_wconf 83' lang='lat' dir='ltr'><strong>fugientem</strong></span> <span class='ocrx_word' id='word_1_161' title='bbox 408 1579 527 1622; x_wconf 85' lang='lat' dir='ltr'><strong>hasta</strong></span> <span class='ocrx_word' id='word_1_162' title='bbox 574 1580 948 1622; x_wconf 86' lang='lat' dir='ltr'><strong>transverberaret.</strong></span> <span class='ocrx_word' id='word_1_163' title='bbox 1009 1580 1107 1622; x_wconf 85' lang='lat' dir='ltr'><strong>Mox</strong></span> <span class='ocrx_word' id='word_1_164' title='bbox 1158 1584 1318 1634; x_wconf 89' lang='lat' dir='ltr'><strong>raptum</strong></span> <span class='ocrx_word' id='word_1_165' title='bbox 1368 1580 1563 1622; x_wconf 88' lang='lat' dir='ltr'><strong>vexillum</strong></span> <span class='ocrx_word' id='word_1_166' title='bbox 1604 1580 1644 1620; x_wconf 90' lang='lat' dir='ltr'><strong>in</strong></span> <span class='ocrx_word' id='word_1_167' title='bbox 1678 1575 1764 1651; x_wconf 59' lang='lat' dir='ltr'><strong>J-oe„</strong></span> 
     </span>
    </p>
   </div>
   <div class='ocr_carea' id='block_1_7' title="bbox 689 1642 767 1650">
    <p class='ocr_par' dir='ltr' id='par_1_7' title="bbox 689 1642 767 1650">
     <span class='ocr_line' id='line_1_23' title="bbox 689 1642 767 1650; baseline -0.026 0"><span class='ocrx_word' id='word_1_168' title='bbox 689 1642 767 1650; x_wconf 54' lang='grc' dir='ltr'><em>μ</em></span> 
     </span>
    </p>
   </div>
   <div class='ocr_carea' id='block_1_8' title="bbox 135 1734 1110 1879">
    <p class='ocr_par' dir='ltr' id='par_1_8' title="bbox 135 1734 1110 1879">
     <span class='ocr_line' id='line_1_24' title="bbox 273 1734 837 1782; baseline -0.002 -12"><span class='ocrx_word' id='word_1_169' title='bbox 273 1736 308 1770; x_wconf 85' lang='grc'><strong>3.</strong></span> <span class='ocrx_word' id='word_1_170' title='bbox 336 1736 410 1782; x_wconf 81' lang='lat' dir='ltr'><strong>inp.</strong></span> <span class='ocrx_word' id='word_1_171' title='bbox 439 1734 507 1770; x_wconf 67' lang='lat' dir='ltr'><strong>Ma.</strong></span> <span class='ocrx_word' id='word_1_172' title='bbox 598 1736 633 1770; x_wconf 82' lang='lat'><strong>4.</strong></span> <span class='ocrx_word' id='word_1_173' title='bbox 662 1735 741 1770; x_wconf 80' lang='lat' dir='ltr'><strong>ade.</strong></span> <span class='ocrx_word' id='word_1_174' title='bbox 770 1734 837 1770; x_wconf 70' lang='lat' dir='ltr'><strong>Ma.</strong></span> 
     </span>
     <span class='ocr_line' id='line_1_25' title="bbox 136 1784 457 1828; baseline 0 -9"><span class='ocrx_word' id='word_1_175' title='bbox 136 1794 316 1828; x_wconf 79' lang='lat' dir='ltr'><strong>superscr.</strong></span> <span class='ocrx_word' id='word_1_176' title='bbox 343 1795 363 1818; x_wconf 88' lang='grc' dir='ltr'><strong><em>ο</em></strong></span> <span class='ocrx_word' id='word_1_177' title='bbox 389 1784 457 1819; x_wconf 65' lang='lat' dir='ltr'><strong>Ma.</strong></span> 
     </span>
     <span class='ocr_line' id='line_1_26' title="bbox 135 1831 1110 1879; baseline -0.002 -11"><span class='ocrx_word' id='word_1_178' title='bbox 135 1832 278 1879; x_wconf 72' lang='lat' dir='ltr'><strong>inteqrn’a&#39;</strong></span> <span class='ocrx_word' id='word_1_179' title='bbox 302 1834 369 1868; x_wconf 67' lang='lat' dir='ltr'><strong>sual</strong></span> <span class='ocrx_word' id='word_1_180' title='bbox 394 1839 426 1867; x_wconf 80' lang='lat' dir='ltr'><strong>et</strong></span> <span class='ocrx_word' id='word_1_181' title='bbox 450 1833 519 1877; x_wconf 77' lang='lat' dir='ltr'><strong>ipsi</strong></span> <span class='ocrx_word' id='word_1_182' title='bbox 544 1831 608 1875; x_wconf 70' lang='lat' dir='ltr'><strong>Ma,</strong></span> <span class='ocrx_word' id='word_1_183' title='bbox 640 1833 772 1878; x_wconf 72' lang='lat' dir='ltr'><strong>iuteqri</strong></span> <span class='ocrx_word' id='word_1_184' title='bbox 798 1844 858 1867; x_wconf 80' lang='lat' dir='ltr'><strong>suo</strong></span> <span class='ocrx_word' id='word_1_185' title='bbox 888 1838 955 1867; x_wconf 83' lang='lat' dir='ltr'><strong>met</strong></span> <span class='ocrx_word' id='word_1_186' title='bbox 978 1834 1046 1879; x_wconf 71' lang='lat' dir='ltr'><strong>ipsi</strong></span> <span class='ocrx_word' id='word_1_187' title='bbox 1072 1832 1110 1868; x_wconf 92' lang='lat' dir='ltr'><strong>G.</strong></span> 
     </span>
    </p>
   </div>
   <div class='ocr_carea' id='block_1_9' title="bbox 141 1881 957 1927">
    <p class='ocr_par' dir='ltr' id='par_1_9' title="bbox 141 1881 957 1927">
     <span class='ocr_line' id='line_1_27' title="bbox 141 1881 957 1927; baseline -0.001 -11"><span class='ocrx_word' id='word_1_188' title='bbox 141 1892 343 1916; x_wconf 77' lang='lat' dir='ltr'><strong>occursare.</strong></span> <span class='ocrx_word' id='word_1_189' title='bbox 430 1881 485 1916; x_wconf 86' lang='lat'><strong>16.</strong></span> <span class='ocrx_word' id='word_1_190' title='bbox 522 1881 638 1927; x_wconf 82' lang='lat' dir='ltr'><strong>aliquo</strong></span> <span class='ocrx_word' id='word_1_191' title='bbox 665 1881 738 1916; x_wconf 71' lang='lat' dir='ltr'><strong>Ma:</strong></span> <span class='ocrx_word' id='word_1_192' title='bbox 766 1881 794 1916; x_wconf 82' lang='lat' dir='ltr'>G</span> <span class='ocrx_word' id='word_1_193' title='bbox 824 1882 957 1926; x_wconf 74' lang='lat' dir='ltr'><strong>aliqua.</strong></span> 
     </span>
    </p>
   </div>
   <div class='ocr_carea' id='block_1_10' title="bbox 558 1734 1650 1868">
    <p class='ocr_par' dir='ltr' id='par_1_10' title="bbox 558 1734 1650 1868">
     <span class='ocr_line' id='line_1_28' title="bbox 923 1734 1650 1780; baseline -0.003 -10"><span class='ocrx_word' id='word_1_194' title='bbox 923 1736 957 1770; x_wconf 89' lang='lat'><strong>5.</strong></span> <span class='ocrx_word' id='word_1_195' title='bbox 983 1736 1065 1780; x_wconf 69' lang='lat' dir='ltr'><strong>supe</strong></span> <span class='ocrx_word' id='word_1_196' title='bbox 1091 1734 1157 1770; x_wconf 69' lang='lat' dir='ltr'><strong>Ma.</strong></span> <span class='ocrx_word' id='word_1_197' title='bbox 1247 1735 1300 1771; x_wconf 85' lang='lat'><strong>10.</strong></span> <span class='ocrx_word' id='word_1_198' title='bbox 1331 1737 1462 1769; x_wconf 82' lang='lat' dir='ltr'><strong>amissa</strong></span> <span class='ocrx_word' id='word_1_199' title='bbox 1488 1736 1597 1780; x_wconf 86' lang='lat' dir='ltr'><strong>priori</strong></span> <span class='ocrx_word' id='word_1_200' title='bbox 1626 1746 1650 1769; x_wconf 79' lang='lat' dir='ltr'><strong>a</strong></span> 
     </span>
     <span class='ocr_line' id='line_1_29' title="bbox 558 1782 1648 1820; baseline 0.002 -2"><span class='ocrx_word' id='word_1_201' title='bbox 558 1790 762 1818; x_wconf 82' lang='lat' dir='ltr'><strong>occurreret</strong></span> <span class='ocrx_word' id='word_1_202' title='bbox 787 1782 861 1818; x_wconf 74' lang='lat' dir='ltr'><strong>Ma:</strong></span> <span class='ocrx_word' id='word_1_203' title='bbox 889 1790 1118 1819; x_wconf 80' lang='lat' dir='ltr'><strong>occurrerent</strong></span> <span class='ocrx_word' id='word_1_204' title='bbox 1143 1783 1170 1819; x_wconf 90' lang='lat' dir='ltr'>G</span> <span class='ocrx_word' id='word_1_205' title='bbox 1195 1789 1230 1819; x_wconf 86' lang='lat' dir='ltr'><strong>et</strong></span> <span class='ocrx_word' id='word_1_206' title='bbox 1257 1784 1492 1819; x_wconf 81' lang='lat' dir='ltr'><strong>Oxonienses.</strong></span> <span class='ocrx_word' id='word_1_207' title='bbox 1591 1785 1648 1820; x_wconf 84' lang='lat'><strong>12.</strong></span> 
     </span>
     <span class='ocr_line' id='line_1_30' title="bbox 1238 1831 1646 1868; baseline -0.002 0"><span class='ocrx_word' id='word_1_208' title='bbox 1238 1834 1294 1868; x_wconf 90' lang='grc'><strong>15.</strong></span> <span class='ocrx_word' id='word_1_209' title='bbox 1332 1844 1481 1868; x_wconf 73' lang='lat' dir='ltr'><strong>occursu</strong></span> <span class='ocrx_word' id='word_1_210' title='bbox 1505 1831 1580 1867; x_wconf 65' lang='lat' dir='ltr'><strong>Ma:</strong></span> <span class='ocrx_word' id='word_1_211' title='bbox 1617 1832 1646 1868; x_wconf 92' lang='lat' dir='ltr'>G</span> 
     </span>
    </p>
   </div>
   <div class='ocr_carea' id='block_1_11' title="bbox 99 2033 861 3000">
    <p class='ocr_par' dir='ltr' id='par_1_11' title="bbox 137 2033 861 3000">
     <span class='ocr_line' id='line_1_31' title="bbox 139 2033 861 2079; baseline 0 -11"><span class='ocrx_word' id='word_1_212' title='bbox 139 2045 172 2069; x_wconf 85' lang='lat' dir='ltr'><strong>e.</strong></span> <span class='ocrx_word' id='word_1_213' title='bbox 201 2034 262 2079; x_wconf 86' lang='lat' dir='ltr'><strong>qui</strong></span> <span class='ocrx_word' id='word_1_214' title='bbox 289 2033 398 2079; x_wconf 83' lang='lat' dir='ltr'><strong>paulo</strong></span> <span class='ocrx_word' id='word_1_215' title='bbox 425 2035 524 2078; x_wconf 88' lang='lat' dir='ltr'><strong>prius</strong></span> <span class='ocrx_word' id='word_1_216' title='bbox 551 2035 726 2068; x_wconf 84' lang='lat' dir='ltr'><strong>acerrime</strong></span> <span class='ocrx_word' id='word_1_217' title='bbox 744 2033 861 2069; x_wconf 81' lang='lat' dir='ltr'><strong>Vitel-</strong></span> 
     </span>
     <span class='ocr_line' id='line_1_32' title="bbox 141 2082 860 2126; baseline 0 -10"><span class='ocrx_word' id='word_1_218' title='bbox 141 2082 257 2117; x_wconf 83' lang='lat' dir='ltr'><strong>lianos</strong></span> <span class='ocrx_word' id='word_1_219' title='bbox 276 2084 402 2117; x_wconf 68' lang='lat' dir='ltr'><strong>secuti</strong></span> <span class='ocrx_word' id='word_1_220' title='bbox 428 2087 523 2126; x_wconf 89' lang='lat' dir='ltr'><strong>sunt,</strong></span> <span class='ocrx_word' id='word_1_221' title='bbox 551 2082 658 2117; x_wconf 82' lang='lat' dir='ltr'><strong>iidem</strong></span> <span class='ocrx_word' id='word_1_222' title='bbox 686 2084 754 2116; x_wconf 82' lang='lat' dir='ltr'><strong>iam</strong></span> <span class='ocrx_word' id='word_1_223' title='bbox 781 2088 860 2117; x_wconf 83' lang='lat' dir='ltr'><strong>stu-</strong></span> 
     </span>
     <span class='ocr_line' id='line_1_33' title="bbox 138 2130 859 2177; baseline 0.001 -12"><span class='ocrx_word' id='word_1_224' title='bbox 138 2130 342 2166; x_wconf 85' lang='lat' dir='ltr'><strong>diosissime</strong></span> <span class='ocrx_word' id='word_1_225' title='bbox 384 2132 419 2165; x_wconf 91' lang='lat' dir='ltr'><strong>in</strong></span> <span class='ocrx_word' id='word_1_226' title='bbox 454 2132 574 2177; x_wconf 77' lang='lat' dir='ltr'><strong>fugam</strong></span> <span class='ocrx_word' id='word_1_227' title='bbox 619 2143 658 2166; x_wconf 85' lang='lat' dir='ltr'><strong>se</strong></span> <span class='ocrx_word' id='word_1_228' title='bbox 686 2133 859 2167; x_wconf 86' lang='lat' dir='ltr'><strong>coniece-</strong></span> 
     </span>
     <span class='ocr_line' id='line_1_34' title="bbox 137 2179 860 2236; baseline 0.001 -23"><span class='ocrx_word' id='word_1_229' title='bbox 137 2185 241 2223; x_wconf 84' lang='lat' dir='ltr'><strong>runt3</strong></span> <span class='ocrx_word' id='word_1_230' title='bbox 267 2179 407 2214; x_wconf 75' lang='lat' dir='ltr'><strong>ultimus</strong></span> <span class='ocrx_word' id='word_1_231' title='bbox 423 2181 530 2236; x_wconf 70' lang='lat' dir='ltr'><strong>[uque</strong></span> <span class='ocrx_word' id='word_1_232' title='bbox 557 2185 613 2214; x_wconf 83' lang='lat' dir='ltr'><strong>est</strong></span> <span class='ocrx_word' id='word_1_233' title='bbox 639 2181 668 2213; x_wconf 91' lang='lat' dir='ltr'><strong>is</strong></span> <span class='ocrx_word' id='word_1_234' title='bbox 695 2182 756 2225; x_wconf 84' lang='lat' dir='ltr'><strong>qui</strong></span> <span class='ocrx_word' id='word_1_235' title='bbox 779 2190 860 2214; x_wconf 90' lang='lat' dir='ltr'><strong>mo-</strong></span> 
     </span>
     <span class='ocr_line' id='line_1_35' title="bbox 137 2227 857 2274; baseline 0 -13"><span class='ocrx_word' id='word_1_236' title='bbox 137 2227 220 2262; x_wconf 88' lang='lat' dir='ltr'><strong>dum</strong></span> <span class='ocrx_word' id='word_1_237' title='bbox 247 2238 388 2262; x_wconf 87' lang='lat' dir='ltr'><strong>omnem</strong></span> <span class='ocrx_word' id='word_1_238' title='bbox 426 2229 462 2262; x_wconf 91' lang='lat' dir='ltr'><strong>in</strong></span> <span class='ocrx_word' id='word_1_239' title='bbox 490 2228 663 2274; x_wconf 85' lang='lat' dir='ltr'><strong>fugiendo</strong></span> <span class='ocrx_word' id='word_1_240' title='bbox 692 2228 857 2263; x_wconf 82' lang='lat' dir='ltr'><strong>excedit.</strong></span> 
     </span>
     <span class='ocr_line' id='line_1_36' title="bbox 139 2275 860 2321; baseline 0.001 -12"><span class='ocrx_word' id='word_1_241' title='bbox 139 2275 237 2310; x_wconf 78' lang='lat' dir='ltr'><strong>conf.</strong></span> <span class='ocrx_word' id='word_1_242' title='bbox 263 2276 350 2321; x_wconf 83' lang='lat' dir='ltr'><strong>Agr.</strong></span> <span class='ocrx_word' id='word_1_243' title='bbox 385 2287 415 2309; x_wconf 93' lang='lat' dir='ltr'><strong>c.</strong></span> <span class='ocrx_word' id='word_1_244' title='bbox 447 2278 496 2311; x_wconf 82' lang='lat'><strong>2.</strong></span> <span class='ocrx_word' id='word_1_245' title='bbox 522 2283 618 2310; x_wconf 78' lang='lat' dir='ltr'><strong>velus</strong></span> <span class='ocrx_word' id='word_1_246' title='bbox 649 2283 748 2310; x_wconf 75' lang='lat' dir='ltr'><strong>aetas</strong></span> <span class='ocrx_word' id='word_1_247' title='bbox 773 2277 860 2311; x_wconf 72' lang='lat' dir='ltr'><strong>vidit</strong></span> 
     </span>
     <span class='ocr_line' id='line_1_37' title="bbox 99 2323 856 2368; baseline 0.003 -12.113"><span class='ocrx_word' id='word_1_248' title='bbox 99 2323 222 2368; x_wconf 75' lang='lat' dir='ltr'><strong>quid</strong></span> <span class='ocrx_word' id='word_1_249' title='bbox 267 2323 426 2357; x_wconf 76' lang='lat' dir='ltr'><strong>ultimum</strong></span> <span class='ocrx_word' id='word_1_250' title='bbox 468 2325 507 2357; x_wconf 79' lang='lat' dir='ltr'><strong>in</strong></span> <span class='ocrx_word' id='word_1_251' title='bbox 554 2324 714 2358; x_wconf 79' lang='lat' dir='ltr'><strong>libertate</strong></span> <span class='ocrx_word' id='word_1_252' title='bbox 757 2331 856 2359; x_wconf 78' lang='lat' dir='ltr'><strong>essee.</strong></span> 
     </span>
     <span class='ocr_line' id='line_1_38' title="bbox 138 2371 858 2416; baseline 0 -10"><span class='ocrx_word' id='word_1_253' title='bbox 138 2371 254 2406; x_wconf 74' lang='lat' dir='ltr'><strong>Aliter</strong></span> <span class='ocrx_word' id='word_1_254' title='bbox 283 2372 541 2416; x_wconf 68' lang='lat' dir='ltr'><strong>interpretatur</strong></span> <span class='ocrx_word' id='word_1_255' title='bbox 582 2372 858 2407; x_wconf 86' lang='lat' dir='ltr'><strong>Doederlinius:</strong></span> 
     </span>
     <span class='ocr_line' id='line_1_39' title="bbox 136 2420 859 2466; baseline 0 -11"><span class='ocrx_word' id='word_1_256' title='bbox 136 2420 356 2455; x_wconf 84' lang='lat' dir='ltr'><strong>‘Vitelliani&#39;</strong></span> <span class='ocrx_word' id='word_1_257' title='bbox 396 2421 574 2466; x_wconf 84' lang='lat' dir='ltr'><strong>(scribere</strong></span> <span class='ocrx_word' id='word_1_258' title='bbox 611 2421 728 2455; x_wconf 86' lang='lat' dir='ltr'><strong>voluit</strong></span> <span class='ocrx_word' id='word_1_259' title='bbox 770 2421 859 2456; x_wconf 75' lang='grc' dir='ltr'><strong>Πα-</strong></span> 
     </span>
     <span class='ocr_line' id='line_1_40' title="bbox 138 2468 861 2516; baseline 0.003 -14"><span class='ocrx_word' id='word_1_260' title='bbox 138 2468 283 2516; x_wconf 74' lang='grc' dir='ltr'>υἰαηί)“</span> <span class='ocrx_word' id='word_1_261' title='bbox 289 2480 491 2515; x_wconf 86' lang='lat' dir='ltr'><strong>quanquam</strong></span> <span class='ocrx_word' id='word_1_262' title='bbox 505 2469 621 2515; x_wconf 82' lang='lat' dir='ltr'><strong>fugati</strong></span> <span class='ocrx_word' id='word_1_263' title='bbox 635 2475 752 2504; x_wconf 88' lang='lat' dir='ltr'><strong>tamen</strong></span> <span class='ocrx_word' id='word_1_264' title='bbox 769 2480 861 2515; x_wconf 87' lang='lat' dir='ltr'><strong>pau-</strong></span> 
     </span>
     <span class='ocr_line' id='line_1_41' title="bbox 140 2518 857 2563; baseline 0 -11"><span class='ocrx_word' id='word_1_265' title='bbox 140 2527 202 2552; x_wconf 77' lang='lat' dir='ltr'><strong>cos</strong></span> <span class='ocrx_word' id='word_1_266' title='bbox 225 2527 369 2561; x_wconf 79' lang='lat' dir='ltr'><strong>suorum</strong></span> <span class='ocrx_word' id='word_1_267' title='bbox 397 2518 559 2553; x_wconf 84' lang='lat' dir='ltr'><strong>amisere’</strong></span> <span class='ocrx_word' id='word_1_268' title='bbox 589 2521 792 2563; x_wconf 83' lang='lat' dir='ltr'><strong>(paucosne</strong></span> <span class='ocrx_word' id='word_1_269' title='bbox 813 2530 857 2552; x_wconf 88' lang='lat' dir='ltr'><strong>an</strong></span> 
     </span>
     <span class='ocr_line' id='line_1_42' title="bbox 139 2566 859 2602; baseline 0.001 -2"><span class='ocrx_word' id='word_1_270' title='bbox 139 2566 270 2600; x_wconf 78' lang='lat' dir='ltr'><strong>multos</strong></span> <span class='ocrx_word' id='word_1_271' title='bbox 303 2567 490 2602; x_wconf 86' lang='lat' dir='ltr'><strong>amiserint</strong></span> <span class='ocrx_word' id='word_1_272' title='bbox 514 2566 668 2601; x_wconf 68' lang='lat' dir='ltr'><strong>Tacitus·</strong></span> <span class='ocrx_word' id='word_1_273' title='bbox 691 2577 763 2601; x_wconf 90' lang='lat' dir='ltr'><strong>non</strong></span> <span class='ocrx_word' id='word_1_274' title='bbox 800 2569 859 2601; x_wconf 89' lang='lat' dir='ltr'><strong>in-</strong></span> 
     </span>
     <span class='ocr_line' id='line_1_43' title="bbox 139 2614 860 2660; baseline 0 -12"><span class='ocrx_word' id='word_1_275' title='bbox 139 2614 307 2660; x_wconf 80' lang='lat' dir='ltr'><strong>dicavit),</strong></span> <span class='ocrx_word' id='word_1_276' title='bbox 333 2616 497 2658; x_wconf 87' lang='lat' dir='ltr'><strong>‘primum</strong></span> <span class='ocrx_word' id='word_1_277' title='bbox 526 2616 620 2659; x_wconf 90' lang='lat' dir='ltr'><strong>quod</strong></span> <span class='ocrx_word' id='word_1_278' title='bbox 639 2615 758 2650; x_wconf 87' lang='lat' dir='ltr'><strong>brevis</strong></span> <span class='ocrx_word' id='word_1_279' title='bbox 783 2621 860 2650; x_wconf 86' lang='lat' dir='ltr'><strong>erat</strong></span> 
     </span>
     <span class='ocr_line' id='line_1_44' title="bbox 141 2662 858 2708; baseline 0.004 -13"><span class='ocrx_word' id='word_1_280' title='bbox 141 2672 264 2696; x_wconf 86' lang='lat' dir='ltr'><strong>eorum</strong></span> <span class='ocrx_word' id='word_1_281' title='bbox 292 2662 400 2707; x_wconf 77' lang='lat' dir='ltr'><strong>fuga,</strong></span> <span class='ocrx_word' id='word_1_282' title='bbox 444 2663 527 2696; x_wconf 92' lang='lat' dir='ltr'><strong>dein</strong></span> <span class='ocrx_word' id='word_1_283' title='bbox 565 2664 659 2708; x_wconf 84' lang='lat' dir='ltr'><strong>quod</strong></span> <span class='ocrx_word' id='word_1_284' title='bbox 685 2674 756 2698; x_wconf 89' lang='lat' dir='ltr'><strong>non</strong></span> <span class='ocrx_word' id='word_1_285' title='bbox 783 2664 858 2698; x_wconf 86' lang='lat' dir='ltr'><strong>dis-</strong></span> 
     </span>
     <span class='ocr_line' id='line_1_45' title="bbox 141 2709 858 2754; baseline 0.006 -11"><span class='ocrx_word' id='word_1_286' title='bbox 141 2709 268 2744; x_wconf 75' lang='lat' dir='ltr'><strong>soluta&#39;</strong></span> <span class='ocrx_word' id='word_1_287' title='bbox 298 2711 388 2754; x_wconf 87' lang='lat' dir='ltr'><strong>(tam</strong></span> <span class='ocrx_word' id='word_1_288' title='bbox 403 2710 577 2745; x_wconf 85' lang='lat' dir='ltr'><strong>dissoluta</strong></span> <span class='ocrx_word' id='word_1_289' title='bbox 595 2716 671 2745; x_wconf 84' lang='lat' dir='ltr'><strong>erat</strong></span> <span class='ocrx_word' id='word_1_290' title='bbox 695 2716 734 2746; x_wconf 88' lang='lat' dir='ltr'><strong>ut</strong></span> <span class='ocrx_word' id='word_1_291' title='bbox 752 2713 858 2747; x_wconf 85' lang='lat' dir='ltr'><strong>etiam</strong></span> 
     </span>
     <span class='ocr_line' id='line_1_46' title="bbox 141 2758 860 2806; baseline -0.001 -14"><span class='ocrx_word' id='word_1_292' title='bbox 141 2759 297 2804; x_wconf 67' lang='lat' dir='ltr'><strong>integros</strong></span> <span class='ocrx_word' id='word_1_293' title='bbox 323 2758 546 2805; x_wconf 80' lang='lat' dir='ltr'><strong>turbarent),</strong></span> <span class='ocrx_word' id='word_1_294' title='bbox 582 2759 732 2794; x_wconf 79' lang='lat' dir='ltr'><strong>‘ultimis</strong></span> <span class='ocrx_word' id='word_1_295' title='bbox 758 2760 860 2806; x_wconf 84' lang='lat' dir='ltr'><strong>fugi-</strong></span> 
     </span>
     <span class='ocr_line' id='line_1_47' title="bbox 143 2806 856 2852; baseline 0.004 -12"><span class='ocrx_word' id='word_1_296' title='bbox 143 2808 278 2840; x_wconf 87' lang='lat' dir='ltr'><strong>eutium</strong></span> <span class='ocrx_word' id='word_1_297' title='bbox 304 2807 439 2841; x_wconf 85' lang='lat' dir='ltr'><strong>virtute</strong></span> <span class='ocrx_word' id='word_1_298' title='bbox 466 2806 539 2851; x_wconf 82' lang='lat' dir='ltr'><strong>sua’</strong></span> <span class='ocrx_word' id='word_1_299' title='bbox 579 2807 739 2852; x_wconf 82' lang='lat' dir='ltr'><strong>(Tacitus</strong></span> <span class='ocrx_word' id='word_1_300' title='bbox 766 2809 856 2843; x_wconf 86' lang='lat' dir='ltr'><strong>nihil</strong></span> 
     </span>
     <span class='ocr_line' id='line_1_48' title="bbox 142 2854 860 2900; baseline 0.004 -11"><span class='ocrx_word' id='word_1_301' title='bbox 142 2854 187 2889; x_wconf 86' lang='lat' dir='ltr'><strong>de</strong></span> <span class='ocrx_word' id='word_1_302' title='bbox 212 2856 373 2898; x_wconf 57' lang='lat' dir='ltr'><strong>virtute.</strong></span> <span class='ocrx_word' id='word_1_303' title='bbox 412 2857 518 2890; x_wconf 87' lang='lat' dir='ltr'><strong>immo</strong></span> <span class='ocrx_word' id='word_1_304' title='bbox 552 2855 596 2889; x_wconf 90' lang='lat' dir='ltr'><strong>de</strong></span> <span class='ocrx_word' id='word_1_305' title='bbox 630 2866 765 2900; x_wconf 87' lang='lat' dir='ltr'><strong>pavore</strong></span> <span class='ocrx_word' id='word_1_306' title='bbox 793 2868 860 2892; x_wconf 85' lang='lat' dir='ltr'><strong>ex-</strong></span> 
     </span>
     <span class='ocr_line' id='line_1_49' title="bbox 143 2904 861 2950; baseline 0.006 -14"><span class='ocrx_word' id='word_1_307' title='bbox 143 2908 257 2938; x_wconf 85' lang='lat' dir='ltr'><strong>tremo</strong></span> <span class='ocrx_word' id='word_1_308' title='bbox 311 2905 430 2938; x_wconf 88' lang='lat' dir='ltr'><strong>omnia</strong></span> <span class='ocrx_word' id='word_1_309' title='bbox 482 2904 608 2950; x_wconf 84' lang='lat' dir='ltr'><strong>babet)</strong></span> <span class='ocrx_word' id='word_1_310' title='bbox 656 2905 861 2949; x_wconf 80' lang='lat' dir='ltr'><strong>‘primorum</strong></span> 
     </span>
     <span class='ocr_line' id='line_1_50' title="bbox 145 2952 860 3000; baseline 0.004 -14"><span class='ocrx_word' id='word_1_311' title='bbox 145 2957 249 3000; x_wconf 76' lang='lat' dir='ltr'><strong>terga</strong></span> <span class='ocrx_word' id='word_1_312' title='bbox 285 2952 503 2997; x_wconf 79' lang='lat' dir='ltr'><strong>tutantibus3</strong></span> <span class='ocrx_word' id='word_1_313' title='bbox 539 2958 727 3000; x_wconf 80' lang='lat' dir='ltr'><strong>postquam</strong></span> <span class='ocrx_word' id='word_1_314' title='bbox 765 2955 860 2989; x_wconf 83' lang='lat' dir='ltr'><strong>enim</strong></span> 
     </span>
    </p>
   </div>
   <div class='ocr_carea' id='block_1_12' title="bbox 927 2033 1649 3000">
    <p class='ocr_par' dir='ltr' id='par_1_12' title="bbox 930 2033 1648 2310">
     <span class='ocr_line' id='line_1_51' title="bbox 933 2033 1648 2079; baseline 0.003 -13"><span class='ocrx_word' id='word_1_315' title='bbox 933 2034 968 2067; x_wconf 88' lang='lat' dir='ltr'><strong>in</strong></span> <span class='ocrx_word' id='word_1_316' title='bbox 997 2033 1117 2079; x_wconf 82' lang='lat' dir='ltr'><strong>fugam</strong></span> <span class='ocrx_word' id='word_1_317' title='bbox 1153 2043 1193 2067; x_wconf 91' lang='lat' dir='ltr'><strong>se</strong></span> <span class='ocrx_word' id='word_1_318' title='bbox 1220 2037 1500 2076; x_wconf 85' lang='lat' dir='ltr'><strong>converterunt,</strong></span> <span class='ocrx_word' id='word_1_319' title='bbox 1537 2033 1648 2068; x_wconf 88' lang='lat' dir='ltr'><strong>iidem</strong></span> 
     </span>
     <span class='ocr_line' id='line_1_52' title="bbox 932 2082 1648 2128; baseline 0.001 -14"><span class='ocrx_word' id='word_1_320' title='bbox 932 2082 1047 2116; x_wconf 87' lang='lat' dir='ltr'><strong>ultimi</strong></span> <span class='ocrx_word' id='word_1_321' title='bbox 1078 2093 1157 2116; x_wconf 89' lang='lat' dir='ltr'><strong>esse</strong></span> <span class='ocrx_word' id='word_1_322' title='bbox 1184 2092 1364 2126; x_wconf 86' lang='lat' dir='ltr'><strong>coepere,</strong></span> <span class='ocrx_word' id='word_1_323' title='bbox 1395 2084 1455 2128; x_wconf 90' lang='lat' dir='ltr'><strong>qui</strong></span> <span class='ocrx_word' id='word_1_324' title='bbox 1481 2087 1584 2116; x_wconf 87' lang='lat' dir='ltr'><strong>antea</strong></span> <span class='ocrx_word' id='word_1_325' title='bbox 1612 2084 1648 2116; x_wconf 90' lang='lat' dir='ltr'><strong>in</strong></span> 
     </span>
     <span class='ocr_line' id='line_1_53' title="bbox 931 2131 1648 2176; baseline 0 -12"><span class='ocrx_word' id='word_1_326' title='bbox 931 2131 1181 2176; x_wconf 86' lang='lat' dir='ltr'><strong>persequendo</strong></span> <span class='ocrx_word' id='word_1_327' title='bbox 1208 2132 1311 2175; x_wconf 90' lang='lat' dir='ltr'><strong>primi</strong></span> <span class='ocrx_word' id='word_1_328' title='bbox 1333 2136 1369 2165; x_wconf 91' lang='lat' dir='ltr'><strong>et</strong></span> <span class='ocrx_word' id='word_1_329' title='bbox 1382 2132 1546 2171; x_wconf 73' lang='lat' dir='ltr'><strong>acerrimi</strong></span> <span class='ocrx_word' id='word_1_330' title='bbox 1563 2131 1648 2164; x_wconf 83' lang='lat' dir='ltr'><strong>fue-</strong></span> 
     </span>
     <span class='ocr_line' id='line_1_54' title="bbox 930 2178 1646 2224; baseline 0.001 -12"><span class='ocrx_word' id='word_1_331' title='bbox 930 2178 1033 2213; x_wconf 83' lang='lat' dir='ltr'><strong>rant&#39;.</strong></span> <span class='ocrx_word' id='word_1_332' title='bbox 1062 2179 1432 2224; x_wconf 79' lang='lat' dir='ltr'><strong>SimiliterWalchius</strong></span> <span class='ocrx_word' id='word_1_333' title='bbox 1460 2179 1646 2213; x_wconf 86' lang='lat' dir='ltr'><strong>Emendat.</strong></span> 
     </span>
     <span class='ocr_line' id='line_1_55' title="bbox 931 2227 1648 2272; baseline -0.001 -10"><span class='ocrx_word' id='word_1_334' title='bbox 931 2228 1008 2262; x_wconf 85' lang='lat' dir='ltr'><strong>Liv.</strong></span> <span class='ocrx_word' id='word_1_335' title='bbox 1038 2237 1071 2271; x_wconf 86' lang='lat' dir='ltr'><strong>p.</strong></span> <span class='ocrx_word' id='word_1_336' title='bbox 1099 2227 1146 2262; x_wconf 88' lang='lat'><strong>68</strong></span> <span class='ocrx_word' id='word_1_337' title='bbox 1177 2232 1212 2261; x_wconf 87' lang='lat' dir='ltr'><strong>et</strong></span> <span class='ocrx_word' id='word_1_338' title='bbox 1238 2229 1298 2272; x_wconf 91' lang='lat' dir='ltr'><strong>qui</strong></span> <span class='ocrx_word' id='word_1_339' title='bbox 1324 2227 1516 2262; x_wconf 90' lang='lat' dir='ltr'><strong>subscribit</strong></span> <span class='ocrx_word' id='word_1_340' title='bbox 1542 2227 1648 2261; x_wconf 88' lang='lat' dir='ltr'><strong>Orel-</strong></span> 
     </span>
     <span class='ocr_line' id='line_1_56' title="bbox 933 2277 1015 2310; baseline -0.024 0"><span class='ocrx_word' id='word_1_341' title='bbox 933 2277 1015 2310; x_wconf 81' lang='lat' dir='ltr'><strong>lius.</strong></span> 
     </span>
    </p>

    <p class='ocr_par' dir='ltr' id='par_1_13' title="bbox 927 2323 1649 2661">
     <span class='ocr_line' id='line_1_57' title="bbox 987 2323 1648 2369; baseline 0 -12"><span class='ocrx_word' id='word_1_342' title='bbox 987 2329 1108 2369; x_wconf 80' lang='lat' dir='ltr'><strong>sponte</strong></span> <span class='ocrx_word' id='word_1_343' title='bbox 1134 2324 1311 2358; x_wconf 77' lang='lat' dir='ltr'><strong>Antonii:</strong></span> <span class='ocrx_word' id='word_1_344' title='bbox 1337 2325 1383 2359; x_wconf 86' lang='lat' dir='ltr'><strong>cf.</strong></span> <span class='ocrx_word' id='word_1_345' title='bbox 1398 2323 1429 2357; x_wconf 87' lang='lat'><strong>11</strong></span> <span class='ocrx_word' id='word_1_346' title='bbox 1456 2324 1503 2359; x_wconf 84' lang='lat'><strong>59</strong></span> <span class='ocrx_word' id='word_1_347' title='bbox 1527 2329 1648 2369; x_wconf 76' lang='lat' dir='ltr'><strong>sponte</strong></span> 
     </span>
     <span class='ocr_line' id='line_1_58' title="bbox 927 2372 1646 2419; baseline 0 -13"><span class='ocrx_word' id='word_1_348' title='bbox 927 2373 1124 2418; x_wconf 76' lang='lat' dir='ltr'><strong>principis,</strong></span> <span class='ocrx_word' id='word_1_349' title='bbox 1173 2372 1219 2406; x_wconf 79' lang='lat' dir='ltr'><strong>VI</strong></span> <span class='ocrx_word' id='word_1_350' title='bbox 1245 2374 1289 2408; x_wconf 89' lang='grc'><strong>31</strong></span> <span class='ocrx_word' id='word_1_351' title='bbox 1316 2378 1438 2419; x_wconf 80' lang='lat' dir='ltr'><strong>sponte</strong></span> <span class='ocrx_word' id='word_1_352' title='bbox 1468 2372 1646 2415; x_wconf 77' lang='lat' dir='ltr'><strong>Caesaris,</strong></span> 
     </span>
     <span class='ocr_line' id='line_1_59' title="bbox 931 2419 1647 2466; baseline 0 -11"><span class='ocrx_word' id='word_1_353' title='bbox 931 2420 1012 2455; x_wconf 81' lang='lat' dir='ltr'><strong>xtll</strong></span> <span class='ocrx_word' id='word_1_354' title='bbox 1037 2419 1084 2455; x_wconf 80' lang='lat'><strong>42</strong></span> <span class='ocrx_word' id='word_1_355' title='bbox 1108 2427 1229 2466; x_wconf 76' lang='lat' dir='ltr'><strong>sponte</strong></span> <span class='ocrx_word' id='word_1_356' title='bbox 1254 2421 1454 2465; x_wconf 71' lang='lat' dir='ltr'><strong>litiyatoris.</strong></span> <span class='ocrx_word' id='word_1_357' title='bbox 1508 2451 1510 2454; x_wconf 91' lang='lat'><strong>.</strong></span> <span class='ocrx_word' id='word_1_358' title='bbox 1573 2433 1647 2455; x_wconf 84' lang='lat' dir='ltr'><strong>me-</strong></span> 
     </span>
     <span class='ocr_line' id='line_1_60' title="bbox 931 2469 1649 2516; baseline -0.001 -12"><span class='ocrx_word' id='word_1_359' title='bbox 931 2470 1009 2504; x_wconf 78' lang='lat' dir='ltr'><strong>dio.-</strong></span> <span class='ocrx_word' id='word_1_360' title='bbox 1038 2469 1133 2504; x_wconf 84' lang='lat' dir='ltr'><strong>couf.</strong></span> <span class='ocrx_word' id='word_1_361' title='bbox 1161 2469 1206 2503; x_wconf 80' lang='lat' dir='ltr'><strong>ad</strong></span> <span class='ocrx_word' id='word_1_362' title='bbox 1231 2469 1247 2503; x_wconf 93' lang='lat' dir='ltr'>l</span> <span class='ocrx_word' id='word_1_363' title='bbox 1273 2470 1331 2504; x_wconf 81' lang='lat'><strong>53.</strong></span> <span class='ocrx_word' id='word_1_364' title='bbox 1456 2470 1561 2504; x_wconf 80' lang='lat' dir='ltr'><strong>datur</strong></span> <span class='ocrx_word' id='word_1_365' title='bbox 1583 2482 1649 2516; x_wconf 83' lang='lat' dir='ltr'><strong>per</strong></span> 
     </span>
     <span class='ocr_line' id='line_1_61' title="bbox 929 2518 1646 2565; baseline -0.001 -13"><span class='ocrx_word' id='word_1_366' title='bbox 929 2529 1035 2564; x_wconf 64' lang='lat' dir='ltr'><strong>apros</strong></span> <span class='ocrx_word' id='word_1_367' title='bbox 1060 2519 1224 2564; x_wconf 66' lang='lat' dir='ltr'><strong>signum:</strong></span> <span class='ocrx_word' id='word_1_368' title='bbox 1259 2520 1402 2565; x_wconf 85' lang='lat' dir='ltr'><strong>signum</strong></span> <span class='ocrx_word' id='word_1_369' title='bbox 1440 2518 1542 2552; x_wconf 84' lang='lat' dir='ltr'><strong>datur</strong></span> <span class='ocrx_word' id='word_1_370' title='bbox 1583 2529 1646 2552; x_wconf 91' lang='lat' dir='ltr'><strong>co-</strong></span> 
     </span>
     <span class='ocr_line' id='line_1_62' title="bbox 930 2566 1644 2611; baseline -0.003 -10"><span class='ocrx_word' id='word_1_371' title='bbox 930 2566 1092 2601; x_wconf 85' lang='lat' dir='ltr'><strong>hortibus</strong></span> <span class='ocrx_word' id='word_1_372' title='bbox 1118 2567 1324 2611; x_wconf 84' lang='lat' dir='ltr'><strong>pabulatum</strong></span> <span class='ocrx_word' id='word_1_373' title='bbox 1352 2567 1411 2601; x_wconf 77' lang='lat' dir='ltr'><strong>vel</strong></span> <span class='ocrx_word' id='word_1_374' title='bbox 1438 2567 1644 2611; x_wconf 84' lang='lat' dir='ltr'><strong>praedatum</strong></span> 
     </span>
     <span class='ocr_line' id='line_1_63' title="bbox 928 2614 1578 2661; baseline -0.003 -11"><span class='ocrx_word' id='word_1_375' title='bbox 928 2616 1046 2650; x_wconf 81' lang='lat' dir='ltr'><strong>missis</strong></span> <span class='ocrx_word' id='word_1_376' title='bbox 1073 2617 1110 2648; x_wconf 90' lang='lat' dir='ltr'><strong>in</strong></span> <span class='ocrx_word' id='word_1_377' title='bbox 1138 2627 1261 2661; x_wconf 80' lang='lat' dir='ltr'><strong>agrum</strong></span> <span class='ocrx_word' id='word_1_378' title='bbox 1289 2614 1578 2649; x_wconf 87' lang='lat' dir='ltr'><strong>Cremonensem.</strong></span> 
     </span>
    </p>

    <p class='ocr_par' dir='ltr' id='par_1_14' title="bbox 928 2662 1648 3000">
     <span class='ocr_line' id='line_1_64' title="bbox 1003 2662 1645 2708; baseline -0.005 -10"><span class='ocrx_word' id='word_1_379' title='bbox 1003 2664 1089 2708; x_wconf 87' lang='lat' dir='ltr'><strong>Cap.</strong></span> <span class='ocrx_word' id='word_1_380' title='bbox 1122 2665 1175 2698; x_wconf 83' lang='lat'><strong>¹7.</strong></span> <span class='ocrx_word' id='word_1_381' title='bbox 1237 2665 1295 2697; x_wconf 80' lang='lat' dir='ltr'><strong>ubi</strong></span> <span class='ocrx_word' id='word_1_382' title='bbox 1327 2663 1499 2708; x_wconf 82' lang='lat' dir='ltr'><strong>plurimus</strong></span> <span class='ocrx_word' id='word_1_383' title='bbox 1534 2662 1645 2705; x_wconf 79' lang='lat' dir='ltr'><strong>labor,</strong></span> 
     </span>
     <span class='ocr_line' id='line_1_65' title="bbox 928 2710 1647 2757; baseline -0.004 -12"><span class='ocrx_word' id='word_1_384' title='bbox 928 2719 1020 2746; x_wconf 79' lang='lat' dir='ltr'><strong>unde</strong></span> <span class='ocrx_word' id='word_1_385' title='bbox 1049 2712 1168 2756; x_wconf 80' lang='lat' dir='ltr'><strong>aliqua</strong></span> <span class='ocrx_word' id='word_1_386' title='bbox 1197 2723 1293 2757; x_wconf 83' lang='lat' dir='ltr'><strong>spes,</strong></span> <span class='ocrx_word' id='word_1_387' title='bbox 1332 2733 1374 2739; x_wconf 91' lang='lat'><strong>—</strong></span> <span class='ocrx_word' id='word_1_388' title='bbox 1406 2711 1554 2755; x_wconf 67' lang='lat' dir='ltr'><strong>insignis</strong></span> <span class='ocrx_word' id='word_1_389' title='bbox 1580 2710 1647 2743; x_wconf 79' lang='lat' dir='ltr'><strong>ho-</strong></span> 
     </span>
     <span class='ocr_line' id='line_1_66' title="bbox 929 2758 1646 2804; baseline -0.003 -10"><span class='ocrx_word' id='word_1_390' title='bbox 929 2762 985 2802; x_wconf 76' lang='lat' dir='ltr'><strong>sti,</strong></span> <span class='ocrx_word' id='word_1_391' title='bbox 1014 2761 1220 2804; x_wconf 82' lang='lat' dir='ltr'><strong>conspicuus</strong></span> <span class='ocrx_word' id='word_1_392' title='bbox 1245 2762 1341 2793; x_wconf 81' lang='lat' dir='ltr'><strong>suis:</strong></span> <span class='ocrx_word' id='word_1_393' title='bbox 1382 2759 1425 2792; x_wconf 88' lang='lat' dir='ltr'><strong>ad</strong></span> <span class='ocrx_word' id='word_1_394' title='bbox 1452 2758 1646 2792; x_wconf 71' lang='lat' dir='ltr'><strong>membrum</strong></span> 
     </span>
     <span class='ocr_line' id='line_1_67' title="bbox 931 2806 1646 2852; baseline -0.003 -10"><span class='ocrx_word' id='word_1_395' title='bbox 931 2809 1104 2842; x_wconf 83' lang='lat' dir='ltr'><strong>orationis</strong></span> <span class='ocrx_word' id='word_1_396' title='bbox 1128 2808 1188 2840; x_wconf 75' lang='lat' dir='ltr'><strong>ubi</strong></span> <span class='ocrx_word' id='word_1_397' title='bbox 1210 2807 1380 2852; x_wconf 79' lang='lat' dir='ltr'><strong>plurimus</strong></span> <span class='ocrx_word' id='word_1_398' title='bbox 1403 2806 1504 2840; x_wconf 83' lang='lat' dir='ltr'><strong>labor</strong></span> <span class='ocrx_word' id='word_1_399' title='bbox 1529 2808 1646 2851; x_wconf 86' lang='lat' dir='ltr'><strong>respi-</strong></span> 
     </span>
     <span class='ocr_line' id='line_1_68' title="bbox 932 2854 1647 2900; baseline -0.007 -10"><span class='ocrx_word' id='word_1_400' title='bbox 932 2858 980 2890; x_wconf 89' lang='lat' dir='ltr'><strong>cit</strong></span> <span class='ocrx_word' id='word_1_401' title='bbox 1005 2856 1153 2900; x_wconf 75' lang='lat' dir='ltr'><strong>insiynis</strong></span> <span class='ocrx_word' id='word_1_402' title='bbox 1179 2855 1289 2898; x_wconf 73' lang='lat' dir='ltr'><strong>hosti,</strong></span> <span class='ocrx_word' id='word_1_403' title='bbox 1326 2854 1429 2889; x_wconf 87' lang='lat' dir='ltr'><strong>alteri</strong></span> <span class='ocrx_word' id='word_1_404' title='bbox 1456 2855 1548 2889; x_wconf 83' lang='lat' dir='ltr'><strong>unde</strong></span> <span class='ocrx_word' id='word_1_405' title='bbox 1574 2855 1647 2890; x_wconf 75' lang='lat' dir='ltr'><strong>ali.</strong></span> 
     </span>
     <span class='ocr_line' id='line_1_69' title="bbox 932 2903 1648 2950; baseline 0.001 -12"><span class='ocrx_word' id='word_1_406' title='bbox 932 2916 999 2949; x_wconf 82' lang='lat' dir='ltr'><strong>qua</strong></span> <span class='ocrx_word' id='word_1_407' title='bbox 1012 2915 1090 2950; x_wconf 73' lang='lat' dir='ltr'><strong>spes</strong></span> <span class='ocrx_word' id='word_1_408' title='bbox 1107 2903 1301 2947; x_wconf 84' lang='lat' dir='ltr'><strong>respondet</strong></span> <span class='ocrx_word' id='word_1_409' title='bbox 1324 2905 1531 2950; x_wconf 73' lang='lat' dir='ltr'><strong>conspicuus</strong></span> <span class='ocrx_word' id='word_1_410' title='bbox 1551 2905 1623 2939; x_wconf 70' lang='lat' dir='ltr'><strong>suis</strong></span> <span class='ocrx_word' id='word_1_411' title='bbox 1635 2916 1648 2947; x_wconf 88' lang='lat'><strong>‚·</strong></span> 
     </span>
     <span class='ocr_line' id='line_1_70' title="bbox 930 2952 1646 3000; baseline -0.001 -13"><span class='ocrx_word' id='word_1_412' title='bbox 930 2964 1040 2989; x_wconf 81' lang='lat' dir='ltr'><strong>manu</strong></span> <span class='ocrx_word' id='word_1_413' title='bbox 1066 2953 1142 3000; x_wconf 75' lang='grc' dir='ltr'><strong>(ηιίι</strong></span> <span class='ocrx_word' id='word_1_414' title='bbox 1167 2952 1231 2987; x_wconf 76' lang='lat' dir='ltr'><strong>der</strong></span> <span class='ocrx_word' id='word_1_415' title='bbox 1259 2952 1382 3000; x_wconf 79' lang='lat' dir='ltr'><strong>Faust)</strong></span> <span class='ocrx_word' id='word_1_416' title='bbox 1417 2958 1472 2988; x_wconf 83' lang='lat' dir='ltr'><strong>est</strong></span> <span class='ocrx_word' id='word_1_417' title='bbox 1500 2957 1646 2993; x_wconf 76' lang='lat' dir='ltr'><strong>contra-</strong></span> 
     </span>
    </p>
   </div>
  </div>
 </body>
</html>
