1768 3216
771 208 969 245 NERONE.
992 208 994 211 ’
1554 209 1638 246 258}

137 323 313 366 Romani
345 323 508 366 deliciis
539 325 785 367 immineret.
861 326 1021 368 Monuit·
1058 330 1208 380 quanta
1251 329 1364 369 esset
1403 327 1630 370 nobilitatis

137 402 178 439 et
200 399 400 453 antiquae
426 401 563 455 gentis
596 402 700 455 apud
735 402 896 442 animos
937 402 1145 443 hominum
1186 403 1278 455 vis,
1333 402 1431 458 quid
1470 403 1630 446 valeret

136 473 243 527 apud
273 474 465 528 populum
486 475 714 517 Romanum
733 480 850 531 grata
870 475 1107 517 Germanici
1125 477 1337 530 memoria,
1371 478 1487 519 cuius
1505 478 1630 520 unica

136 547 306 590 suboles
325 548 536 591 -Domitius
571 550 623 591 ab
655 551 845 592 omnibus
877 555 917 593 et
946 551 1169 593 haberetur
1199 556 1240 594 et
1270 552 1526 608 diligeretur.
1569 553 1630 596 Ea

136 623 365 664 occasione
391 623 508 678 large
539 624 727 666 invectus
760 629 822 667 est
855 626 895 665 in
928 625 1090 667 nobiles
1133 630 1173 667 et
1215 627 1408 681 antiquae
1450 627 1630 669 familiae

135 695 352 749 homines,
397 697 590 740 admixtis
623 699 805 740 fortasse
835 699 956 740 dictis
987 700 1118 741 acutis
1159 700 1325 754 quidem
1368 701 1442 743 sed
1483 706 1633 755 parurn

137 770 318 812 decoris.
378 771 468 822 Qua
502 773 567 813 via
594 773 804 815 Maternus
843 773 924 815 1100
964 778 1179 816 assecutus
1222 779 1307 826 est,
1346 780 1390 816 ut
1424 775 1631 818 Vatinium

137 855 223 886 non
251 845 378 887 modo
408 846 620 888 bominem
650 847 899 889 malitiosum
930 852 971 889 et
1000 848 1204 890 abiectum
1239 835 1495 892 adulatorem
1534 850 1634 904 piu-

137 922 281 973 geret,
327 919 403 962 sed
433 921 610 962 eundem
638 921 759 963 simul
791 935 937 963 verum
968 922 1180 964 inimicum
1213 927 1254 964 et
1280 924 1447 964 unicum
1478 923 1634 966 adver-

138 993 293 1036 sarium
322 994 502 1036 Neronis
533 996 787 1037 ostenderet.
833 996 1038 1038 Vatinium
1070 997 1179 1038 enim
1210 997 1252 1037 in
1283 997 1363 1038 isto
1382 997 1634 1041 Claudianae

141 1068 289 1109 aetatis
322 1068 540 1111 adulatore
570 1068 761 1112 homines
788 1070 913 1112 facile
942 1070 1242 1125 agnoscebant.
1283 1071 1506 1113 Messalina
1531 1083 1634 1113 vero

139 1142 226 1192 (sic
254 1154 524 1198 progressum
556 1143 722 1185 fabulae
751 1144 851 1185 1111111
882 1145 1047 1199 cogito)
1061 1146 1200 1199 magni
1231 1145 1375 1187 domus
1406 1158 1508 1187 suae
1545 1145 1637 1187 ‹lis-

139 1217 326 1258 criminis
365 1218 697 1259 commonefacta
740 1218 986 1260 familiarem
1028 1219 1147 1260 istum
1180 1220 1480 1274 interrogavit,
1527 1231 1636 1274 quo-

138 1291 264 1333 modo
292 1291 388 1333 huic
419 1292 527 1333 malo
559 1292 808 1334 medendum
838 1296 963 1334 esset.
1006 1293 1087 1345 Ipsi
1118 1293 1170 1334 ad
1202 1293 1423 1334 deterrima
1442 1297 1636 1347 prompto

138 1366 386 1408 tutissimum
416 1367 550 1408 visunt
583 1371 646 1408 est
675 1367 838 1408 111111010
867 1367 933 1420 qui
951 1367 1171 1408 Domitium
1189 1367 1473 1409 meridiantem
1492 1372 1634 1410 stran-

139 1440 344 1494 gularent.
403 1440 559 1482 Placuit
594 1441 703 1482 idem
732 1440 993 1482 Messalinae.
1035 1441 1202 1485 .Sicarii
1235 1441 1313 1482 iam
1341 1442 1531 1495 usquein
1553 1454 1634 1498 cu·-

139 1514 338 1567 biculum,
366 1515 408 1555 in
440 1527 520 1568 quo
552 1527 654 1568 puer
670 1514 872 1555 Domitius
905 1514 1042 1555 medio
1076 1514 1145 1555 die
1165 1515 1417 1568 quiescebat,
1448 1526 1630 1571 progre-

142 1589 330 1640 diuntur,
372 1588 446 1631 sed
476 1589 636 1643 ingenti
665 1588 865 1630 miraculo
897 1589 947 1630 ab
978 1601 1059 1630 uno
1091 1589 1157 1630 vel
1189 1589 1348 1630 «luobus
1378 1589 1632 1631 draconibus

143 1663 185 1704 in
216 1663 357 1718 sugam
389 1663 535 1705 reiecti
567 1667 672 1704 sunt.
735 1663 846 1705 Haec
878 1675 960 1704 non
993 1663 1062 1718 agi
1093 1675 1233 1704 coram
1267 1663 1401 1705 oculis
1434 1668 1651 1717 specum--

144 1738 245 1779 tium
275 1741 532 1790 (spectantes
565 1749 655 1779 cum
689 1737 784 1778 dico
817 1738 859 1777 in
891 1737 1028 1778 sabula
1052 1737 1265 1779 recitanda
1287 1738 1569 1780 tantummodo
1593 1740 1635 1778 et

143 1812 338 1867 legenda,
370 1812 478 1853 haud
501 1812 646 1853 stricte
667 1811 889 1865 proprievc
918 1825 1006 1853 eam
1038 1823 1183 1852 vocem
1215 1812 1499 1866 accipiendam
1539 1824 1635 1854 esse

143 1891 301 1940 patet),
339 1886 415 1928 sed
457 1900 479 1928 a
517 1886 681 1927 sicariis
727 1886 916 1928 enarrari
948 1886 1196 1928 Messalinae
1229 1886 1400 1940 eiusque
1431 1887 1635 1929 adulatori

143 1965 295 2015 poeta,
326 1962 500 2015 opinor,
535 1961 721 2002 instituit.
792 1961 892 2002 Inde
923 1961 1085 2002 miratio
1118 1965 1158 2001 et
1190 1961 1455 2015 desperatio,
1486 1966 1527 2003 et
1554 1973 1636 2015 po·-

143 2040 299 2078 stremo
333 2036 487 2078 acerba
517 2036 748 2090 persuasio,
781 2036 1005 2076 Domitium
1037 2048 1115 2089 ope
1149 2036 1287 2077 divina
1319 2036 1562 2077 conservari
1592 2036 1636 2076 in

146 2121 324 2165 eumque
355 2110 456 2152 1111111
484 2111 601 2151 triste
629 2122 720 2151 cum
752 2110 887 2163 aliqua
919 2114 1091 2151 eventus
1122 2122 1195 2162 spe
1224 2109 1380 2163 patrari
1409 2121 1547 2163 posse.
1596 2108 1635 2149 Is

146 2184 311 2227 fabulae
340 2185 433 2226 finis
465 2185 630 2226 videtur
659 2185 802 2226 fuisse.
843 2185 1047 2225 Neronem
1080 2196 1195 2234 vero,
1233 2183 1301 2235 qui
1319 2187 1386 2224 aut
1401 2181 1635 2223 recitationi

146 2260 235 2313 ipse
268 2259 454 2299 interfuit
480 2263 549 2299 aut
580 2259 729 2299 editam
760 2258 982 2298 Domitium
1013 2257 1162 2309 cupide
1194 2256 1323 2309 legit,
1369 2256 1419 2296 ab
1457 2255 1534 2296 1130
1566 2254 1636 2297 die

145 2332 299 2375 Vatinii
329 2330 475 2387 pigere
507 2331 671 2384 coepit,
705 2331 993 2383 hominemque
1023 2329 1275 2384 contempt-ui
1305 2328 1470 2382 publico
1502 2339 1636 2382 expo-

145 2408 267 2450 situm
297 2406 348 2447 ab
379 2405 472 2448 aula
501 2418 575 2447 sua
612 2409 652 2447 et
680 2404 888 2445 amicitiae
923 2403 1222 2445 consuetudine
1260 2403 1448 2445 removit.
1517 2402 1633 2444 Plura

150 2481 318 2536 quidem
350 2494 402 2523 ex
430 2480 494 2521 his
528 2479 766 2521 coniectura
804 2479 1014 2530 nituntur,
1063 2477 1138 2519 sed
1166 2488 1364 2518 summum
1408 2477 1531 2518 totius
1572 2475 1636 2517 rei

147 2561 270 2610 caput
318 2555 487 2597 minime
528 2558 670 2605 nutat,
722 2553 817 2594 dico
857 2552 1079 2593 Domitium
1124 2564 1294 2606 puerum
1336 2551 1376 2591 in
1416 2564 1466 2592 eo
1506 2559 1634 2603 opere

149 2633 417 2671 monstratum
450 2631 490 2669 et
519 2627 695 2669 fabulam
728 2626 825 2667 vivo
859 2626 982 2667 etiam
1023 2630 1105 2667 tum
1143 2626 1309 2667 Nerone
1351 2623 1563 2664 recitatam
1594 2625 1635 2663 et

150 2704 322 2746 fractam
354 2702 405 2744 ab
436 2702 515 2743 1100
548 2701 645 2743 inde
675 2705 860 2755 tempore
889 2700 1042 2757 Vatinii
1073 2699 1309 2753 potentiam.
1392 2698 1493 2738 Nam
1524 2694 1636 2749 quod

77 2809 83 2817 .
149 2779 358 2822 Maternus
404 2776 510 2830 apud
551 2775 737 2818 Tacitum
786 2775 838 2817 de
885 2785 1085 2817 successu
1126 2773 1282 2826 primae
1323 2783 1421 2812 suae
1471 2769 1634 2812 fabulae

150 2855 306 2905 narrat,
339 2865 427 2894 rem
461 2863 556 2892 esse
584 2850 627 2892 in
653 2850 764 2892 sacto
793 2850 967 2903 positam
1000 2852 1120 2901 atque
1151 2847 1192 2887 in
1224 2859 1272 2888 ea
1303 2845 1512 2886 mentione
1531 2842 1635 2886 nihil

150 2927 288 2971 fictum
318 2939 414 2971 esse
440 2926 507 2970 vel
535 2929 711 2979 auct-um,
744 2924 787 2966 id
811 2923 918 2966 ultra
949 2933 1110 2965 omnem
1143 2920 1437 2965 dubitationem
1477 2922 1632 2964 certum
