1768 3216
105 247 131 272 ιι
155 204 213 271 G?
223 207 282 272 llo.

562 235 698 272 LIBER
722 236 784 275 lv.
837 237 926 274 Gn.
955 237 1110 274 53—55.

1544 238 1616 273 337

107 353 270 396 bantur.
332 353 414 397 Sed
446 354 548 396 nihil
577 366 710 409 aeque
741 365 861 408 quam
892 354 1138 396 incendium
1169 330 1387 408 Capitolii,
1419 358 1464 396 ut
1492 354 1615 396 finem

108 429 285 484 imperio
316 429 468 471 adesse
499 429 746 481 crederent,
782 428 1014 482 impulerat.

1078 429 1248 483 Captam
1289 429 1389 471 olim
1429 443 1453 472 a
1487 429 1615 472 Gallis

46 511 49 515 ’
110 503 280 555 urbe1n;
322 504 398 546 sed
439 504 603 559 integra
648 504 760 546 Iovis
809 503 912 545 sede
947 504 1153 546 mansisse
1195 505 1427 558 imperium.
1487 505 1617 547 Fatali

111 588 224 620 nunc
250 578 350 633 igne
379 578 543 632 signum
575 577 770 620 caelestis
803 578 892 619 irae
924 578 1087 630 datum,
1129 583 1170 621 et
1198 580 1514 633 possessionem
1544 592 1618 622 re-

111 663 202 694 rum
234 651 504 694 humanarum
535 651 804 706 transalpinis
835 652 1030 707 gentibus
1070 653 1287 706 portendi,
1321 654 1650 708 superstitiones

11 816 100 1060 tl

111 738 220 768 vana
250 726 435 769 Druidae
466 726 685 768 canebant.

747 726 1066 780 lncesseratque
1096 726 1205 769 fama
1235 727 1440 781 primores
1459 728 1619 770 Gallia-

110 814 200 843 rum
232 801 283 843 ab
316 801 480 843 Othone
512 801 717 843 adversus
748 801 956 843 Vitellium
987 802 1165 855 missos,
1208 807 1434 861 antequam
1469 803 1618 863 digre-

1242 859 1399 875 V‘w

112 876 325 929 dei-entur,
354 876 568 930 pepigisse
599 889 652 917 ne
682 876 879 918 deessent
894 876 1089 929 libertati,
1122 877 1158 918 si
1177 877 1371 931 populum
1387 878 1618 920 Romanum

113 944 309 992 continua
341 950 525 991 civilium
556 950 761 992 bellorum
792 951 925 992 series
960 955 1001 992 et
1032 951 1195 993 interna
1226 952 1334 993 mala
1375 952 1616 1007 fregissent.

111 1025 221 1067 Ante
248 1024 660 1067 Flacci-Hordeonii
692 1025 867 1067 caedem
898 1025 1000 1066 nihil
1030 1026 1217 1079 prorupit
1256 1038 1337 1080 quo
1382 1027 1669 1072 coniurationi

112 1100 438 1156 intellegeretur.
494 1101 719 1142 Interfecto
751 1100 994 1143 Hordeonio
1027 1113 1317 1144 commeavere
1347 1102 1480 1143 nuntii
1511 1102 1619 1143 inter
1657 1093 1766 1147 ct}

116 1175 291 1218 Civilem
315 1165 915 1230 Classicumquffirfflum
948 1175 1039 1217 alae
1068 1175 1349 1217 Trevirorum.
1408 1176 1617 1218 Classicus

112 1249 331 1292 nobilitate
374 1250 605 1304 opibusque
646 1255 741 1292 ante
781 1250 902 1292 alios.

962 1250 1137 1305 Regium
1171 1250 1234 1304 ‚illi
1273 1263 1408 1305 genus
1441 1255 1482 1309 et
1508 1264 1615 1305 pace

113 1324 308 1379 belloque
352 1324 463 1366 clara
510 1325 652 1380 origo:
701 1325 790 1379 ipse
835 1338 860 1366 e
900 1325 1127 1366 maioribus
1170 1325 1257 1367 suis
1299 1326 1430 1367 hostis
1476 1326 1618 1380 populi

115 1398 292 1440 Romani
338 1410 430 1439 esse
475 1410 598 1452 quam
642 1399 784 1441 socius
827 1399 1021 1441 iactabat.

260 1559 292 1592 1.
320 1559 488 1605 capitolia
514 1558 590 1594 Ma:
618 1561 646 1594 G
673 1560 843 1607 capitolii.

116 1605 181 1641 Ma.
246 1607 280 1641 6.
310 1607 482 1642 druuidue
510 1607 583 1642 Ma:
612 1609 640 1644 G
666 1609 824 1643 druidae.

118 1654 272 1689 civilium
295 1655 526 1690 Puteolanus.

118 1704 328 1748 tei-positum
356 1705 399 1739 ab
427 1705 577 1740 editore.

117 1827 298 1862 Novaesio
324 1834 566 1872 occupaverat
593 1831 644 1875 (c.
656 1829 735 1877 36).
779 1830 834 1865 De

117 1875 347 1911 simulatione
389 1878 467 1911 eius
506 1877 551 1912 cf.
580 1889 611 1912 c.
641 1878 686 1913 14
724 1884 761 1913 et
788 1881 833 1914 21

120 1930 156 1959 et
169 1926 229 1961 32.
255 1925 410 1959 Primum
427 1925 568 1960 Tacitus
594 1932 725 1961 statum
744 1927 835 1962 Ger-

120 1974 317 2008 maniarum
351 1974 473 2008 verbis
511 1987 595 2010 nam
632 1976 754 2010 Civilis
789 1997 835 2003 —

127 2022 381 2068 Vespasianum
404 2023 510 2057 malle
544 2026 724 2069 proponit,
752 2024 834 2060 dein

120 2070 165 2104 ad
193 2070 314 2105 Gallos
339 2073 518 2116 pervenit.

192 2130 216 2153 a
231 2120 406 2155 Sarmatis
429 2120 607 2165 Dacisque
622 2122 835 2157 -circum-

120 2168 250 2202 sideri.-
291 2169 386 2203 fama
430 2170 642 2204 immensum
678 2176 835 2218 augente

119 2226 242 2251 rumor
276 2218 346 2251 iste
382 2217 563 2262 dispersus
603 2223 657 2253 est
696 2220 742 2253 ob
778 2230 836 2254 res

121 2265 165 2299 H.
191 2265 239 2299 lll
265 2265 314 2300 46
340 2268 533 2310 expositas.
651 2268 836 2309 Druidae:

123 2313 170 2346 cf.
200 2318 321 2347 annot.
350 2314 394 2347 ad
421 2314 498 2348 XIV
525 2315 585 2350 30.

197 2361 240 2395 ab
276 2361 411 2395 Othone
449 2363 617 2396 adversus
664 2362 838 2397 Vitellium,

122 2409 267 2444 missos:
304 2409 471 2456 intellige
505 2421 674 2455 proceres
707 2412 744 2444 in
772 2422 837 2445 cu-

123 2458 211 2492 riam
240 2458 434 2492 Romanam
463 2461 595 2494 ascitos
635 2459 702 2505 (x1
728 2460 776 2494 23
803 2465 838 2494 et

124 2506 191 2553 25)
217 2511 279 2541 aut
305 2507 434 2541 militia
462 2509 606 2542 functos
641 2513 677 2542 et
713 2509 750 2542 in
777 2518 839 2541 ur..

125 2554 206 2588 bem
247 2566 269 2589 a
302 2555 413 2590 Galba
452 2557 623 2591 adductos
666 2558 760 2591 mitti
796 2557 839 2590 ab

126 2602 270 2637 Othone
299 2615 343 2638 ex
371 2604 480 2648 urbe,
517 2610 555 2639 ut
590 2606 688 2639 vires
722 2616 840 2650 popu-

126 2651 254 2685 larium
291 2652 474 2686 civitatum
512 2654 684 2687 adversus
723 2654 841 2688 Vitel-

128 2699 216 2733 lium
244 2701 442 2735 concirent.
572 2707 759 2745 antequam
785 2702 842 2736 da:-

128 2746 386 2792 9rederentur:
414 2749 448 2782 h.
472 2760 505 2783 e.
534 2760 578 2783 ex
602 2749 689 2783 urbe
718 2750 842 2796 digre-

129 2794 300 2829 derentur
334 2796 380 2832 ad
423 2807 522 2830 suam
559 2798 711 2843 quisque
750 2799 843 2832 civi-

130 2847 254 2877 tatem.

206 2891 292 2936 Cap.
317 2892 377 2928 55.
404 2899 487 2927 ante
514 2893 636 2927 Flacci
652 2894 845 2929 Hordeonii

134 2940 301 2974 caedem:
335 2951 370 2975 v.
401 2952 477 2986 cap.
504 2942 563 2977 36.
708 2943 843 2978 classi-

134 3000 302 3035 cumque:
327 2988 507 3025 Classicus
534 2990 740 3036 praefectus
765 2992 845 3027 alae

247 3075 373 3106 Tacitus
394 3075 446 3105 111.

619 1659 674 1693 12.
702 1660 913 1694 trevirorum
942 1658 1036 1702 GMa,
1065 1670 1137 1693 non
1164 1665 1291 1694 trever.

1081 1399 1291 1442 Miscuere
1343 1412 1440 1442 sese
1489 1400 1616 1442 Iulius

895 1564 931 1597 2.
957 1563 1030 1608 inp.
1058 1562 1124 1597 Ma.
1183 1563 1217 1597 5.
1246 1561 1494 1607 superstition?
1519 1563 1622 1597 nanti

886 1611 922 1646 9.
951 1610 1105 1645 civilium
1130 1610 1295 1645 bellorum
1325 1609 1423 1645 GMa:
1452 1611 1621 1646 bellorum

1380 1660 1434 1694 15.
1463 1671 1536 1694 esse
1560 1662 1620 1694 in-

904 1830 1126 1866 'l'revirensis
1160 1830 1202 1864 H.
1236 1830 1267 1865 11
1297 1832 1341 1866 14
1378 1831 1414 1864 in
1452 1830 1620 1877 Liguriae

904 1881 1008 1914 terris
1027 1884 1255 1914 memoratur.
1291 1879 1377 1913 Inde
1392 1879 1436 1913 ad
1455 1880 1619 1915 Treviros

906 1940 985 1963 cum
1009 1929 1084 1962 suis
1110 1928 1254 1963 videtur
1281 1929 1452 1963 remissus
1479 1939 1572 1964 esse.

975 2025 1097 2072 populi
1121 2026 1277 2060 Romani
1313 2037 1385 2060 esse
1423 2046 1468 2052 -—-
1500 2027 1619 2060 iacta-

906 2074 986 2108 bat.-
1014 2075 1044 2108 si
1055 2074 1177 2119 Lipsio
1204 2074 1248 2108 ad
1273 2074 1368 2108 hunc
1388 2074 1507 2121 locum
1534 2085 1620 2109 eru-

906 2123 979 2157 dite
1024 2123 1221 2168 disputanti
1263 2122 1419 2158 libenter
1459 2123 1619 2158 concedo

906 2170 1032 2205 Latine
1067 2172 1139 2206 dici
1175 2173 1282 2206 hostis
1316 2172 1438 2218 populi
1466 2173 1622 2207 Romani

907 2231 979 2254 esse
1004 2220 1098 2254 iacto
1116 2246 1125 2263 ,
1152 2220 1236 2254 inde
1262 2225 1381 2254 tamen
1410 2220 1504 2254 haud
1531 2231 1622 2254 con-

905 2269 1069 2313 sequitur
1095 2278 1157 2313 pro
1190 2279 1233 2303 eo
1267 2269 1339 2302 dici
1379 2269 1486 2302 etiam
1513 2269 1620 2302 hostis

903 2316 1025 2362 populi
1051 2318 1204 2351 Romani
1226 2318 1333 2350 iacto.
1367 2317 1426 2350 Sic
1452 2316 1620 2359 Homero,

906 2366 966 2409 qui
1005 2364 1044 2398 11.
1072 2364 1151 2398 Xlll
1188 2366 1236 2399 54
1258 2363 1401 2411 “Europ
1446 2363 1488 2404 ὃς
1526 2361 1620 2404 Διὸς

907 2412 1022 2458 εὔχετ’
1041 2415 1256 2459 ἐρισῑενέος
1279 2413 1370 2453 πάϊς
1397 2412 1499 2448 εἶναι
1528 2414 1620 2447 scri-

907 2462 1000 2505 psit,
1042 2461 1136 2495 idem
1172 2462 1304 2495 omisso
1346 2461 1448 2498 εἶναι
1485 2471 1620 2506 ponere

909 2519 979 2543 non
1007 2509 1120 2544 licuit.
1150 2510 1238 2552 Quis
1264 2509 1365 2544 verbi
1395 2520 1502 2544 causa
1528 2511 1620 2544 scri-

908 2559 1021 2603 pserit
1044 2558 1142 2592 miles
1178 2560 1272 2592 iacto
1312 2569 1376 2602 pro
1412 2559 1511 2592 miles
1549 2570 1621 2592 esse

908 2606 968 2640 vel
994 2606 1136 2641 militem
1161 2619 1214 2642 me
1242 2619 1314 2641 esse
1339 2607 1461 2640 iaceo?
1521 2607 1620 2648 Qua-

908 2660 1055 2700 propter
1070 2656 1114 2689 ad
1134 2657 1260 2690 vitium
1283 2654 1518 2689 amovendum
1548 2665 1620 2687 esse

909 2704 1045 2746 adieci,
1087 2704 1181 2749 quod
1211 2703 1423 2747 compendio
1450 2702 1619 2745 scriptum

910 2754 978 2797 (ἒ.)
1008 2754 1169 2795 proximo
1204 2753 1348 2785 nomine
1377 2751 1531 2784 Romam·
1555 2750 1620 2783 ab-

910 2800 1047 2833 sorberi
1074 2800 1184 2833 facile
1213 2800 1340 2843 potuit.
1369 2797 1472 2831 Conf.
1499 2803 1620 2832 annot.

912 2848 955 2882 ad
982 2847 1031 2880 ΙΙΙ
1057 2847 1117 2882 46.
1170 2847 1348 2880 Classicus
1386 2845 1430 2879 ad
1456 2845 1623 2880 Indutio-

911 2905 1045 2929 marum
1081 2895 1223 2928 videtur
1265 2905 1380 2941 genus
1413 2894 1623 2937 rettulisse;

912 2955 947 2977 v.
976 2942 1108 2977 Caesar
1130 2942 1170 2978 B.
1199 2943 1237 2977 G.
1267 2944 1292 2978 V
1326 2943 1422 2978 3-4
1457 2947 1493 2977 et
1516 2943 1563 2980 26
1590 2947 1626 2977 et

913 2992 960 3027 53
987 2996 1022 3026 et
1052 2991 1098 3026 55
1125 2996 1160 3025 et
1186 2992 1245 3027 58.

1382 3070 1438 3112 22

1631 778 1768 857 ῥεῖ’...

1626 851 1768 920 Q„

1632 1415 1671 1445 ¹⁵
