<?xml version="1.0" encoding="UTF-8"?>
<!DOCTYPE html PUBLIC "-//W3C//DTD XHTML 1.0 Transitional//EN"
    "http://www.w3.org/TR/xhtml1/DTD/xhtml1-transitional.dtd">
<html xmlns="http://www.w3.org/1999/xhtml" xml:lang="en" lang="en">
 <head>
  <title>
</title>
<meta http-equiv="Content-Type" content="text/html;charset=utf-8" />
  <meta name='ocr-system' content='tesseract 3.04.00' />
  <meta name='ocr-capabilities' content='ocr_page ocr_carea ocr_par ocr_line ocrx_word'/>
</head>
<body>
  <div class='ocr_page' id='page_1' title='image "./operaadcodicesan03taciuoft/operaadcodicesan03taciuoft_0187.png"; bbox 0 0 1768 3216; ppageno 0'>
   <div class='ocr_carea' id='block_1_1' title="bbox 14 1478 1179 1539">
    <p class='ocr_par' dir='ltr' id='par_1_1' title="bbox 14 1478 1179 1539">
     <span class='ocr_line' id='line_1_1' title="bbox 14 1478 1179 1539; baseline 0.002 -20"><span class='ocrx_word' id='word_1_1' title='bbox 14 1531 22 1539; x_wconf 31' lang='grc'><em>“</em></span> <span class='ocrx_word' id='word_1_2' title='bbox 91 1478 243 1520; x_wconf 63' lang='lat' dir='ltr'>editor:</span> <span class='ocrx_word' id='word_1_3' title='bbox 270 1483 325 1518; x_wconf 59' lang='grc' dir='ltr'>Μ’</span> <span class='ocrx_word' id='word_1_4' title='bbox 355 1485 447 1519; x_wconf 69' lang='lat' dir='ltr'>Titus</span> <span class='ocrx_word' id='word_1_5' title='bbox 472 1484 623 1531; x_wconf 74' lang='lat' dir='ltr'>amplius</span> <span class='ocrx_word' id='word_1_6' title='bbox 647 1486 828 1529; x_wconf 76' lang='lat' dir='ltr'>sabianus,</span> <span class='ocrx_word' id='word_1_7' title='bbox 857 1485 885 1520; x_wconf 91' lang='lat' dir='ltr'><strong>G</strong></span> <span class='ocrx_word' id='word_1_8' title='bbox 912 1486 965 1520; x_wconf 91' lang='lat' dir='ltr'>.T.</span> <span class='ocrx_word' id='word_1_9' title='bbox 990 1486 1179 1531; x_wconf 78' lang='lat' dir='ltr'>sabianus..</span> 
     </span>
    </p>
   </div>
   <div class='ocr_carea' id='block_1_2' title="bbox 111 202 1623 259">
    <p class='ocr_par' dir='ltr' id='par_1_2' title="bbox 111 202 1623 259">
     <span class='ocr_line' id='line_1_2' title="bbox 111 202 1623 259; baseline 0.003 -20"><span class='ocrx_word' id='word_1_10' title='bbox 111 214 139 239; x_wconf 73' lang='grc' dir='ltr'>ι</span> <span class='ocrx_word' id='word_1_11' title='bbox 157 202 200 239; x_wconf 73' lang='lat' dir='ltr'>G.</span> <span class='ocrx_word' id='word_1_12' title='bbox 226 203 287 253; x_wconf 76' lang='grc'>69.</span> <span class='ocrx_word' id='word_1_13' title='bbox 599 204 736 240; x_wconf 80' lang='lat' dir='ltr'>LIBER</span> <span class='ocrx_word' id='word_1_14' title='bbox 760 204 803 240; x_wconf 79' lang='lat'>11.</span> <span class='ocrx_word' id='word_1_15' title='bbox 857 205 945 241; x_wconf 69' lang='lat' dir='ltr'>Cn.</span> <span class='ocrx_word' id='word_1_16' title='bbox 971 205 1130 242; x_wconf 84' lang='lat'><strong>85-86.</strong></span> <span class='ocrx_word' id='word_1_17' title='bbox 1546 208 1623 259; x_wconf 63' lang='grc'>177-</span> 
     </span>
    </p>
   </div>
   <div class='ocr_carea' id='block_1_3' title="bbox 100 299 1768 1351">
    <p class='ocr_par' dir='ltr' id='par_1_3' title="bbox 100 299 1768 750">
     <span class='ocr_line' id='line_1_3' title="bbox 108 299 1768 383; baseline 0.001 -20"><span class='ocrx_word' id='word_1_18' title='bbox 108 318 275 376; x_wconf 80' lang='lat' dir='ltr'>potens,</span> <span class='ocrx_word' id='word_1_19' title='bbox 304 319 669 383; x_wconf 55' lang='lat' dir='ltr'>NPQEEKQE</span> <span class='ocrx_word' id='word_1_20' title='bbox 699 332 805 378; x_wconf 82' lang='lat' dir='ltr'>pace</span> <span class='ocrx_word' id='word_1_21' title='bbox 835 320 1057 374; x_wconf 90' lang='lat' dir='ltr'>pessimus,</span> <span class='ocrx_word' id='word_1_22' title='bbox 1089 320 1201 362; x_wconf 91' lang='lat' dir='ltr'>bello</span> <span class='ocrx_word' id='word_1_23' title='bbox 1231 331 1316 363; x_wconf 90' lang='lat' dir='ltr'>non</span> <span class='ocrx_word' id='word_1_24' title='bbox 1337 319 1615 375; x_wconf 81' lang='lat' dir='ltr'>spernendus.</span> <span class='ocrx_word' id='word_1_25' title='bbox 1667 299 1768 372; x_wconf 46' lang='grc' dir='ltr'>μω</span> 
     </span>
     <span class='ocr_line' id='line_1_4' title="bbox 109 380 1768 454; baseline 0.001 -17"><span class='ocrx_word' id='word_1_26' title='bbox 109 394 243 438; x_wconf 89' lang='lat' dir='ltr'>Iuncti</span> <span class='ocrx_word' id='word_1_27' title='bbox 272 395 371 437; x_wconf 85' lang='lat' dir='ltr'>inde</span> <span class='ocrx_word' id='word_1_28' title='bbox 402 395 581 437; x_wconf 85' lang='lat' dir='ltr'>Moesici</span> <span class='ocrx_word' id='word_1_29' title='bbox 612 407 661 436; x_wconf 90' lang='lat' dir='ltr'>ac</span> <span class='ocrx_word' id='word_1_30' title='bbox 691 395 922 436; x_wconf 82' lang='lat' dir='ltr'>Pannonici</span> <span class='ocrx_word' id='word_1_31' title='bbox 953 396 1164 437; x_wconf 86' lang='lat' dir='ltr'>exercitus</span> <span class='ocrx_word' id='word_1_32' title='bbox 1199 395 1473 438; x_wconf 82' lang='lat' dir='ltr'>Dalmaticum</span> <span class='ocrx_word' id='word_1_33' title='bbox 1504 397 1617 438; x_wconf 91' lang='lat' dir='ltr'>mili-</span> <span class='ocrx_word' id='word_1_34' title='bbox 1640 380 1672 428; x_wconf 38' lang='grc' dir='ltr'><em>θ</em></span> <span class='ocrx_word' id='word_1_35' title='bbox 1694 383 1768 454; x_wconf 55' lang='lat' dir='ltr'>f*</span> 
     </span>
     <span class='ocr_line' id='line_1_5' title="bbox 108 469 1614 525; baseline 0 -12"><span class='ocrx_word' id='word_1_36' title='bbox 108 474 419 523; x_wconf 53' lang='lat' dir='ltr'>temntraxere,</span> <span class='ocrx_word' id='word_1_37' title='bbox 440 482 687 523; x_wconf 86' lang='lat' dir='ltr'>quamquam</span> <span class='ocrx_word' id='word_1_38' title='bbox 719 469 1009 511; x_wconf 90' lang='lat' dir='ltr'>consularibus</span> <span class='ocrx_word' id='word_1_39' title='bbox 1039 470 1190 525; x_wconf 84' lang='lat' dir='ltr'>legatis</span> <span class='ocrx_word' id='word_1_40' title='bbox 1218 470 1320 512; x_wconf 85' lang='lat' dir='ltr'>nihil</span> <span class='ocrx_word' id='word_1_41' title='bbox 1341 471 1614 514; x_wconf 72' lang='lat' dir='ltr'>turbantibus.</span> 
     </span>
     <span class='ocr_line' id='line_1_6' title="bbox 106 544 1614 600; baseline 0 -12"><span class='ocrx_word' id='word_1_42' title='bbox 106 545 346 600; x_wconf 80' lang='lat' dir='ltr'>Tamphilus</span> <span class='ocrx_word' id='word_1_43' title='bbox 376 544 598 586; x_wconf 89' lang='lat' dir='ltr'>Flavianus</span> <span class='ocrx_word' id='word_1_44' title='bbox 616 544 886 597; x_wconf 86' lang='lat' dir='ltr'>Pannoniam,</span> <span class='ocrx_word' id='word_1_45' title='bbox 915 545 1133 598; x_wconf 89' lang='lat' dir='ltr'>Pompeius</span> <span class='ocrx_word' id='word_1_46' title='bbox 1154 544 1347 587; x_wconf 88' lang='lat' dir='ltr'>Silvanus</span> <span class='ocrx_word' id='word_1_47' title='bbox 1366 545 1614 588; x_wconf 81' lang='lat' dir='ltr'>Dalmatiam</span> 
     </span>
     <span class='ocr_line' id='line_1_7' title="bbox 100 618 1649 673; baseline -0.001 -13"><span class='ocrx_word' id='word_1_48' title='bbox 100 618 334 671; x_wconf 82' lang='lat' dir='ltr'>tenebant,</span> <span class='ocrx_word' id='word_1_49' title='bbox 381 618 532 660; x_wconf 89' lang='lat' dir='ltr'>divites</span> <span class='ocrx_word' id='word_1_50' title='bbox 578 631 717 661; x_wconf 90' lang='lat' dir='ltr'>senes.</span> <span class='ocrx_word' id='word_1_51' title='bbox 778 619 860 661; x_wconf 88' lang='lat' dir='ltr'>Sed</span> <span class='ocrx_word' id='word_1_52' title='bbox 903 623 1153 673; x_wconf 90' lang='lat' dir='ltr'>procurator</span> <span class='ocrx_word' id='word_1_53' title='bbox 1202 619 1349 669; x_wconf 87' lang='lat' dir='ltr'>aderat</span> <span class='ocrx_word' id='word_1_54' title='bbox 1397 621 1649 663; x_wconf 77' lang='lat' dir='ltr'>Corneliuss</span> 
     </span>
     <span class='ocr_line' id='line_1_8' title="bbox 105 693 1616 750; baseline 0.003 -15"><span class='ocrx_word' id='word_1_55' title='bbox 105 693 281 747; x_wconf 88' lang='lat' dir='ltr'>Fuscus,</span> <span class='ocrx_word' id='word_1_56' title='bbox 316 694 468 748; x_wconf 84' lang='lat' dir='ltr'>vigens</span> <span class='ocrx_word' id='word_1_57' title='bbox 502 697 654 746; x_wconf 88' lang='lat' dir='ltr'>aetate,</span> <span class='ocrx_word' id='word_1_58' title='bbox 691 693 818 735; x_wconf 87' lang='lat' dir='ltr'>claris</span> <span class='ocrx_word' id='word_1_59' title='bbox 851 693 1070 736; x_wconf 88' lang='lat' dir='ltr'>natalibus.</span> <span class='ocrx_word' id='word_1_60' title='bbox 1114 694 1248 737; x_wconf 89' lang='lat' dir='ltr'>Prima</span> <span class='ocrx_word' id='word_1_61' title='bbox 1279 695 1446 738; x_wconf 90' lang='lat' dir='ltr'>iuventa</span> <span class='ocrx_word' id='word_1_62' title='bbox 1481 708 1616 750; x_wconf 87' lang='lat' dir='ltr'>quae-</span> 
     </span>
    </p>

    <p class='ocr_par' dir='ltr' id='par_1_4' title="bbox 107 756 1617 825">
     <span class='ocr_line' id='line_1_9' title="bbox 107 756 1617 825; baseline 0.001 -14"><span class='ocrx_word' id='word_1_63' title='bbox 107 756 203 811; x_wconf 60' lang='lat' dir='ltr'>stus&gt;</span> <span class='ocrx_word' id='word_1_64' title='bbox 237 767 433 822; x_wconf 89' lang='lat' dir='ltr'>cupidine</span> <span class='ocrx_word' id='word_1_65' title='bbox 463 769 719 810; x_wconf 88' lang='lat' dir='ltr'>senatorium</span> <span class='ocrx_word' id='word_1_66' title='bbox 751 769 943 811; x_wconf 89' lang='lat' dir='ltr'>ordinem</span> <span class='ocrx_word' id='word_1_67' title='bbox 972 774 1159 812; x_wconf 84' lang='lat' dir='ltr'>exuerat.</span> <span class='ocrx_word' id='word_1_68' title='bbox 1220 770 1334 812; x_wconf 91' lang='lat' dir='ltr'>Idem</span> <span class='ocrx_word' id='word_1_69' title='bbox 1362 783 1439 825; x_wconf 89' lang='lat' dir='ltr'>pro</span> <span class='ocrx_word' id='word_1_70' title='bbox 1487 770 1617 814; x_wconf 81' lang='lat' dir='ltr'>Galba</span> 
     </span>
    </p>

    <p class='ocr_par' dir='ltr' id='par_1_5' title="bbox 103 842 1668 1275">
     <span class='ocr_line' id='line_1_10' title="bbox 107 842 1614 898; baseline 0.001 -13"><span class='ocrx_word' id='word_1_71' title='bbox 107 842 192 885; x_wconf 77' lang='lat' dir='ltr'>dux</span> <span class='ocrx_word' id='word_1_72' title='bbox 222 842 417 885; x_wconf 88' lang='lat' dir='ltr'>coloniae</span> <span class='ocrx_word' id='word_1_73' title='bbox 446 855 563 895; x_wconf 91' lang='lat' dir='ltr'>suae,</span> <span class='ocrx_word' id='word_1_74' title='bbox 598 855 732 896; x_wconf 88' lang='lat' dir='ltr'>eaque</span> <span class='ocrx_word' id='word_1_75' title='bbox 763 844 892 897; x_wconf 82' lang='lat' dir='ltr'>opera</span> <span class='ocrx_word' id='word_1_76' title='bbox 923 844 1263 897; x_wconf 79' lang='lat' dir='ltr'>procurationem</span> <span class='ocrx_word' id='word_1_77' title='bbox 1293 845 1482 898; x_wconf 88' lang='lat' dir='ltr'>adeptus,</span> <span class='ocrx_word' id='word_1_78' title='bbox 1514 858 1614 887; x_wconf 93' lang='lat' dir='ltr'>sus-</span> 
     </span>
     <span class='ocr_line' id='line_1_11' title="bbox 107 917 1615 974; baseline 0.001 -14"><span class='ocrx_word' id='word_1_79' title='bbox 107 917 238 972; x_wconf 83' lang='lat' dir='ltr'>ceptis</span> <span class='ocrx_word' id='word_1_80' title='bbox 277 917 525 971; x_wconf 81' lang='lat' dir='ltr'>Vespasiani</span> <span class='ocrx_word' id='word_1_81' title='bbox 565 917 751 971; x_wconf 91' lang='lat' dir='ltr'>partibus</span> <span class='ocrx_word' id='word_1_82' title='bbox 796 918 1043 960; x_wconf 85' lang='lat' dir='ltr'>acerrimam</span> <span class='ocrx_word' id='word_1_83' title='bbox 1077 918 1189 960; x_wconf 91' lang='lat' dir='ltr'>bello</span> <span class='ocrx_word' id='word_1_84' title='bbox 1227 919 1363 961; x_wconf 85' lang='lat' dir='ltr'>facem</span> <span class='ocrx_word' id='word_1_85' title='bbox 1400 919 1615 974; x_wconf 86' lang='lat' dir='ltr'>praetulit:</span> 
     </span>
     <span class='ocr_line' id='line_1_12' title="bbox 104 992 1668 1048; baseline -0.001 -13"><span class='ocrx_word' id='word_1_86' title='bbox 104 997 303 1042; x_wconf 77' lang='lat' dir='ltr'>nontam</span> <span class='ocrx_word' id='word_1_87' title='bbox 339 992 542 1048; x_wconf 85' lang='lat' dir='ltr'>praemiis</span> <span class='ocrx_word' id='word_1_88' title='bbox 592 992 871 1048; x_wconf 87' lang='lat' dir='ltr'>periculorum</span> <span class='ocrx_word' id='word_1_89' title='bbox 914 1006 1036 1048; x_wconf 86' lang='lat' dir='ltr'>quam</span> <span class='ocrx_word' id='word_1_90' title='bbox 1080 994 1181 1048; x_wconf 92' lang='lat' dir='ltr'>ipsis</span> <span class='ocrx_word' id='word_1_91' title='bbox 1220 994 1420 1048; x_wconf 90' lang='lat' dir='ltr'>periculis</span> <span class='ocrx_word' id='word_1_92' title='bbox 1466 994 1615 1048; x_wconf 88' lang='lat' dir='ltr'>laetus,</span> <span class='ocrx_word' id='word_1_93' title='bbox 1629 1008 1668 1036; x_wconf 74' lang='grc' dir='ltr'>ιιι</span> 
     </span>
     <span class='ocr_line' id='line_1_13' title="bbox 103 1067 1613 1125; baseline 0.001 -14"><span class='ocrx_word' id='word_1_94' title='bbox 103 1080 181 1124; x_wconf 80' lang='lat' dir='ltr'>pro</span> <span class='ocrx_word' id='word_1_95' title='bbox 224 1068 351 1111; x_wconf 87' lang='lat' dir='ltr'>certis</span> <span class='ocrx_word' id='word_1_96' title='bbox 393 1072 434 1110; x_wconf 86' lang='lat' dir='ltr'>et</span> <span class='ocrx_word' id='word_1_97' title='bbox 463 1067 579 1110; x_wconf 73' lang='lat' dir='ltr'>‘olim</span> <span class='ocrx_word' id='word_1_98' title='bbox 621 1070 751 1123; x_wconf 90' lang='lat' dir='ltr'>partis</span> <span class='ocrx_word' id='word_1_99' title='bbox 791 1081 903 1110; x_wconf 88' lang='lat' dir='ltr'>nova</span> <span class='ocrx_word' id='word_1_100' title='bbox 942 1069 1137 1124; x_wconf 87' lang='lat' dir='ltr'>ambigua</span> <span class='ocrx_word' id='word_1_101' title='bbox 1181 1071 1380 1125; x_wconf 90' lang='lat' dir='ltr'>ancipitia</span> <span class='ocrx_word' id='word_1_102' title='bbox 1419 1070 1613 1113; x_wconf 91' lang='lat' dir='ltr'>malebat.</span> 
     </span>
     <span class='ocr_line' id='line_1_14' title="bbox 106 1142 1614 1201; baseline 0.002 -17"><span class='ocrx_word' id='word_1_103' title='bbox 106 1142 238 1199; x_wconf 85' lang='lat' dir='ltr'>Igitur</span> <span class='ocrx_word' id='word_1_104' title='bbox 277 1155 448 1185; x_wconf 89' lang='lat' dir='ltr'>movere</span> <span class='ocrx_word' id='word_1_105' title='bbox 490 1147 531 1185; x_wconf 89' lang='lat' dir='ltr'>et</span> <span class='ocrx_word' id='word_1_106' title='bbox 573 1148 772 1197; x_wconf 85' lang='lat' dir='ltr'>quatere,</span> <span class='ocrx_word' id='word_1_107' title='bbox 822 1144 1022 1199; x_wconf 89' lang='lat' dir='ltr'>quidquid</span> <span class='ocrx_word' id='word_1_108' title='bbox 1061 1157 1237 1199; x_wconf 88' lang='lat' dir='ltr'>usquam</span> <span class='ocrx_word' id='word_1_109' title='bbox 1275 1158 1446 1201; x_wconf 83' lang='lat' dir='ltr'>aegrum</span> <span class='ocrx_word' id='word_1_110' title='bbox 1490 1146 1614 1198; x_wconf 88' lang='lat' dir='ltr'>soret,</span> 
     </span>
     <span class='ocr_line' id='line_1_15' title="bbox 106 1219 1613 1275; baseline 0.001 -14"><span class='ocrx_word' id='word_1_111' title='bbox 106 1219 420 1274; x_wconf 75' lang='lat' dir='ltr'>adgrediuntur.</span> <span class='ocrx_word' id='word_1_112' title='bbox 480 1219 671 1273; x_wconf 86' lang='lat' dir='ltr'>Scriptae</span> <span class='ocrx_word' id='word_1_113' title='bbox 725 1220 767 1260; x_wconf 91' lang='lat' dir='ltr'>in</span> <span class='ocrx_word' id='word_1_114' title='bbox 812 1219 1068 1262; x_wconf 85' lang='lat' dir='ltr'>Britanniam</span> <span class='ocrx_word' id='word_1_115' title='bbox 1107 1220 1160 1261; x_wconf 94' lang='lat' dir='ltr'>ad</span> <span class='ocrx_word' id='word_1_116' title='bbox 1203 1221 1613 1275; x_wconf 88' lang='lat' dir='ltr'>quartadecimanos,</span> 
     </span>
    </p>

    <p class='ocr_par' dir='ltr' id='par_1_6' title="bbox 106 1293 1612 1351">
     <span class='ocr_line' id='line_1_16' title="bbox 106 1293 1612 1351; baseline 0.002 -16"><span class='ocrx_word' id='word_1_117' title='bbox 106 1294 150 1335; x_wconf 89' lang='lat' dir='ltr'>in</span> <span class='ocrx_word' id='word_1_118' title='bbox 175 1293 417 1349; x_wconf 81' lang='lat' dir='ltr'>Hispaniam</span> <span class='ocrx_word' id='word_1_119' title='bbox 447 1293 500 1336; x_wconf 90' lang='lat' dir='ltr'>ad</span> <span class='ocrx_word' id='word_1_120' title='bbox 529 1294 744 1348; x_wconf 90' lang='lat' dir='ltr'>primanos</span> <span class='ocrx_word' id='word_1_121' title='bbox 776 1294 1006 1349; x_wconf 85' lang='lat' dir='ltr'>epistulae,</span> <span class='ocrx_word' id='word_1_122' title='bbox 1039 1294 1150 1349; x_wconf 83' lang='lat' dir='ltr'>quod</span> <span class='ocrx_word' id='word_1_123' title='bbox 1180 1299 1356 1350; x_wconf 89' lang='lat' dir='ltr'>utraque</span> <span class='ocrx_word' id='word_1_124' title='bbox 1393 1296 1507 1351; x_wconf 89' lang='lat' dir='ltr'>legio</span> <span class='ocrx_word' id='word_1_125' title='bbox 1538 1309 1612 1351; x_wconf 87' lang='lat' dir='ltr'>pro</span> 
     </span>
    </p>
   </div>
   <div class='ocr_carea' id='block_1_4' title="bbox 241 1435 1615 1484">
    <p class='ocr_par' dir='ltr' id='par_1_7' title="bbox 241 1435 1615 1484">
     <span class='ocr_line' id='line_1_17' title="bbox 241 1435 1615 1484; baseline 0.002 -14"><span class='ocrx_word' id='word_1_126' title='bbox 241 1435 278 1470; x_wconf 78' lang='lat'>2.</span> <span class='ocrx_word' id='word_1_127' title='bbox 306 1435 542 1470; x_wconf 71' lang='lat' dir='ltr'>Delmaticum</span> <span class='ocrx_word' id='word_1_128' title='bbox 572 1435 638 1480; x_wconf 66' lang='lat' dir='ltr'>Ma,</span> <span class='ocrx_word' id='word_1_129' title='bbox 667 1438 788 1471; x_wconf 86' lang='lat' dir='ltr'>statim</span> <span class='ocrx_word' id='word_1_130' title='bbox 815 1436 1032 1471; x_wconf 75' lang='lat' dir='ltr'>dalmatiam.</span> <span class='ocrx_word' id='word_1_131' title='bbox 1127 1439 1163 1474; x_wconf 84' lang='lat'>4.</span> <span class='ocrx_word' id='word_1_132' title='bbox 1199 1438 1397 1484; x_wconf 76' lang='lat' dir='ltr'>Tamphilus</span> <span class='ocrx_word' id='word_1_133' title='bbox 1422 1438 1615 1473; x_wconf 79' lang='lat' dir='ltr'>Flavianus</span> 
     </span>
    </p>
   </div>
   <div class='ocr_carea' id='block_1_5' title="bbox 271 1487 1617 1677">
    <p class='ocr_par' dir='ltr' id='par_1_8' title="bbox 271 1487 1617 1677">
     <span class='ocr_line' id='line_1_18' title="bbox 863 1487 1616 1581; baseline -0.003 -12"><span class='ocrx_word' id='word_1_134' title='bbox 863 1534 898 1570; x_wconf 88' lang='lat'>6.</span> <span class='ocrx_word' id='word_1_135' title='bbox 926 1541 1088 1580; x_wconf 77' lang='lat' dir='ltr'>quaestus</span> <span class='ocrx_word' id='word_1_136' title='bbox 1113 1487 1616 1581; x_wconf 42' lang='lat' dir='ltr'>Gmfiug’aessztiucsesszgpggs·</span> 
     </span>
     <span class='ocr_line' id='line_1_19' title="bbox 271 1583 1617 1665; baseline -0.022 -20"><span class='ocrx_word' id='word_1_137' title='bbox 271 1630 316 1665; x_wconf 67' lang='lat'>¹4</span> <span class='ocrx_word' id='word_1_138' title='bbox 398 1629 410 1664; x_wconf 54' lang='grc' dir='ltr'><em>ι</em></span> <span class='ocrx_word' id='word_1_139' title='bbox 586 1630 610 1664; x_wconf 62' lang='grc' dir='ltr'>Ι.</span> <span class='ocrx_word' id='word_1_140' title='bbox 678 1585 773 1665; x_wconf 54' lang='lat' dir='ltr'>MP·</span> <span class='ocrx_word' id='word_1_141' title='bbox 801 1583 967 1628; x_wconf 65' lang='lat' dir='ltr'>widrm&#39;d</span> <span class='ocrx_word' id='word_1_142' title='bbox 993 1583 1066 1618; x_wconf 63' lang='lat'>³¹³:</span> <span class='ocrx_word' id='word_1_143' title='bbox 1095 1583 1123 1618; x_wconf 87' lang='lat' dir='ltr'><strong>G</strong></span> <span class='ocrx_word' id='word_1_144' title='bbox 1148 1585 1259 1629; x_wconf 73' lang='lat' dir='ltr'>quicq.</span> <span class='ocrx_word' id='word_1_145' title='bbox 1326 1586 1381 1620; x_wconf 85' lang='lat'>13.</span> <span class='ocrx_word' id='word_1_146' title='bbox 1412 1585 1617 1619; x_wconf 59' lang='lat' dir='ltr'>brittaniam</span> 
     </span>
     <span class='ocr_line' id='line_1_20' title="bbox 318 1642 744 1677; baseline -0.012 -10"><span class='ocrx_word' id='word_1_147' title='bbox 318 1658 326 1664; x_wconf 88' lang='lat'>-</span> <span class='ocrx_word' id='word_1_148' title='bbox 355 1642 395 1677; x_wconf 66' lang='lat' dir='ltr'>Cp</span> <span class='ocrx_word' id='word_1_149' title='bbox 412 1642 455 1665; x_wconf 66' lang='grc' dir='ltr'>αθ</span> <span class='ocrx_word' id='word_1_150' title='bbox 480 1642 560 1665; x_wconf 80' lang='lat' dir='ltr'>cum</span> <span class='ocrx_word' id='word_1_151' title='bbox 601 1642 649 1665; x_wconf 79' lang='lat' dir='ltr'>ln.</span> <span class='ocrx_word' id='word_1_152' title='bbox 736 1658 744 1665; x_wconf 85' lang='lat'>.</span> 
     </span>
    </p>
   </div>
   <div class='ocr_carea' id='block_1_6' title="bbox 104 1532 802 1665">
    <p class='ocr_par' dir='ltr' id='par_1_9' title="bbox 104 1532 802 1665">
     <span class='ocr_line' id='line_1_21' title="bbox 104 1532 802 1579; baseline 0 -11"><span class='ocrx_word' id='word_1_153' title='bbox 104 1532 182 1568; x_wconf 53' lang='grc' dir='ltr'>Μαι</span> <span class='ocrx_word' id='word_1_154' title='bbox 210 1532 391 1579; x_wconf 75' lang='lat' dir='ltr'>Pompeius</span> <span class='ocrx_word' id='word_1_155' title='bbox 417 1532 586 1578; x_wconf 74' lang='lat' dir='ltr'>Syllaaus</span> <span class='ocrx_word' id='word_1_156' title='bbox 613 1533 641 1568; x_wconf 88' lang='lat' dir='ltr'><strong>G</strong></span> <span class='ocrx_word' id='word_1_157' title='bbox 667 1539 703 1569; x_wconf 88' lang='lat' dir='ltr'>et</span> <span class='ocrx_word' id='word_1_158' title='bbox 727 1534 802 1568; x_wconf 83' lang='lat' dir='ltr'>alii.</span> 
     </span>
     <span class='ocr_line' id='line_1_22' title="bbox 106 1581 644 1665; baseline 0.002 -49"><span class='ocrx_word' id='word_1_159' title='bbox 106 1581 267 1665; x_wconf 53' lang='lat' dir='ltr'>ziam</span> <span class='ocrx_word' id='word_1_160' title='bbox 291 1581 367 1617; x_wconf 65' lang='lat' dir='ltr'>Ma:</span> <span class='ocrx_word' id='word_1_161' title='bbox 395 1581 488 1616; x_wconf 75' lang='lat' dir='ltr'>idem</span> <span class='ocrx_word' id='word_1_162' title='bbox 514 1594 578 1627; x_wconf 84' lang='lat' dir='ltr'>que</span> <span class='ocrx_word' id='word_1_163' title='bbox 604 1582 644 1617; x_wconf 83' lang='lat' dir='ltr'>G.</span> 
     </span>
    </p>
   </div>
   <div class='ocr_carea' id='block_1_7' title="bbox 105 1758 833 3014">
    <p class='ocr_par' dir='ltr' id='par_1_10' title="bbox 105 1758 833 3014">
     <span class='ocr_line' id='line_1_23' title="bbox 106 1758 829 1806; baseline -0.001 -13"><span class='ocrx_word' id='word_1_164' title='bbox 106 1758 219 1793; x_wconf 75' lang='lat' dir='ltr'>Taciti</span> <span class='ocrx_word' id='word_1_165' title='bbox 245 1768 381 1794; x_wconf 90' lang='lat' dir='ltr'>morem</span> <span class='ocrx_word' id='word_1_166' title='bbox 421 1763 474 1806; x_wconf 80' lang='lat' dir='ltr'>(v.</span> <span class='ocrx_word' id='word_1_167' title='bbox 501 1760 545 1794; x_wconf 89' lang='lat' dir='ltr'>ad</span> <span class='ocrx_word' id='word_1_168' title='bbox 570 1759 649 1794; x_wconf 86' lang='lat' dir='ltr'>Xlll</span> <span class='ocrx_word' id='word_1_169' title='bbox 675 1761 742 1806; x_wconf 83' lang='lat'>30)</span> <span class='ocrx_word' id='word_1_170' title='bbox 770 1764 829 1793; x_wconf 82' lang='lat' dir='ltr'>to-</span> 
     </span>
     <span class='ocr_line' id='line_1_24' title="bbox 106 1808 828 1854; baseline 0 -12"><span class='ocrx_word' id='word_1_171' title='bbox 106 1808 216 1842; x_wconf 84' lang='lat' dir='ltr'>lerari</span> <span class='ocrx_word' id='word_1_172' title='bbox 242 1813 450 1854; x_wconf 79' lang='lat' dir='ltr'>nequeunt,</span> <span class='ocrx_word' id='word_1_173' title='bbox 476 1819 519 1843; x_wconf 90' lang='lat' dir='ltr'>ac</span> <span class='ocrx_word' id='word_1_174' title='bbox 546 1809 576 1843; x_wconf 89' lang='lat' dir='ltr'>si</span> <span class='ocrx_word' id='word_1_175' title='bbox 604 1810 717 1854; x_wconf 86' lang='lat' dir='ltr'>primo</span> <span class='ocrx_word' id='word_1_176' title='bbox 746 1809 828 1843; x_wconf 91' lang='lat' dir='ltr'>loco</span> 
     </span>
     <span class='ocr_line' id='line_1_25' title="bbox 106 1856 828 1902; baseline 0 -12"><span class='ocrx_word' id='word_1_177' title='bbox 106 1861 161 1890; x_wconf 81' lang='lat' dir='ltr'>tot</span> <span class='ocrx_word' id='word_1_178' title='bbox 187 1856 334 1891; x_wconf 88' lang='lat' dir='ltr'>nomina</span> <span class='ocrx_word' id='word_1_179' title='bbox 369 1856 428 1891; x_wconf 88' lang='lat' dir='ltr'>vel</span> <span class='ocrx_word' id='word_1_180' title='bbox 459 1862 601 1902; x_wconf 89' lang='lat' dir='ltr'>praeter</span> <span class='ocrx_word' id='word_1_181' title='bbox 629 1862 828 1892; x_wconf 86' lang='lat' dir='ltr'>consuetu-</span> 
     </span>
     <span class='ocr_line' id='line_1_26' title="bbox 110 1905 829 1951; baseline 0 -12"><span class='ocrx_word' id='word_1_182' title='bbox 110 1905 230 1940; x_wconf 85' lang='lat' dir='ltr'>dinem</span> <span class='ocrx_word' id='word_1_183' title='bbox 258 1906 453 1940; x_wconf 78' lang='lat' dir='ltr'>narratoris</span> <span class='ocrx_word' id='word_1_184' title='bbox 479 1908 598 1951; x_wconf 78' lang='lat' dir='ltr'>posita</span> <span class='ocrx_word' id='word_1_185' title='bbox 625 1907 722 1941; x_wconf 80' lang='lat' dir='ltr'>serre</span> <span class='ocrx_word' id='word_1_186' title='bbox 747 1907 829 1940; x_wconf 90' lang='lat' dir='ltr'>ani-</span> 
     </span>
     <span class='ocr_line' id='line_1_27' title="bbox 105 1954 827 1997; baseline 0 -9"><span class='ocrx_word' id='word_1_187' title='bbox 105 1963 202 1988; x_wconf 89' lang='lat' dir='ltr'>mum</span> <span class='ocrx_word' id='word_1_188' title='bbox 240 1954 443 1997; x_wconf 81' lang='lat' dir='ltr'>induxeris,</span> <span class='ocrx_word' id='word_1_189' title='bbox 487 1955 602 1989; x_wconf 89' lang='lat' dir='ltr'>altero</span> <span class='ocrx_word' id='word_1_190' title='bbox 642 1960 677 1990; x_wconf 87' lang='lat' dir='ltr'>et</span> <span class='ocrx_word' id='word_1_191' title='bbox 721 1956 827 1989; x_wconf 85' lang='lat' dir='ltr'>tertio</span> 
     </span>
     <span class='ocr_line' id='line_1_28' title="bbox 108 2001 828 2046; baseline -0.003 -8"><span class='ocrx_word' id='word_1_192' title='bbox 108 2001 234 2038; x_wconf 80' lang='lat' dir='ltr'>eadem</span> <span class='ocrx_word' id='word_1_193' title='bbox 275 2006 375 2039; x_wconf 88' lang='lat' dir='ltr'>certe</span> <span class='ocrx_word' id='word_1_194' title='bbox 421 2013 495 2037; x_wconf 89' lang='lat' dir='ltr'>non</span> <span class='ocrx_word' id='word_1_195' title='bbox 538 2003 687 2038; x_wconf 78' lang='lat' dir='ltr'>ferenda</span> <span class='ocrx_word' id='word_1_196' title='bbox 725 2009 828 2046; x_wconf 84' lang='lat' dir='ltr'>sunt,</span> 
     </span>
     <span class='ocr_line' id='line_1_29' title="bbox 107 2051 828 2098; baseline -0.001 -12"><span class='ocrx_word' id='word_1_197' title='bbox 107 2056 216 2097; x_wconf 84' lang='lat' dir='ltr'>atque</span> <span class='ocrx_word' id='word_1_198' title='bbox 240 2052 279 2086; x_wconf 91' lang='lat' dir='ltr'>id</span> <span class='ocrx_word' id='word_1_199' title='bbox 302 2054 420 2098; x_wconf 89' lang='lat' dir='ltr'>ipsum</span> <span class='ocrx_word' id='word_1_200' title='bbox 440 2051 536 2097; x_wconf 90' lang='lat' dir='ltr'>quod</span> <span class='ocrx_word' id='word_1_201' title='bbox 562 2053 611 2086; x_wconf 90' lang='lat' dir='ltr'>ibi</span> <span class='ocrx_word' id='word_1_202' title='bbox 629 2057 828 2095; x_wconf 81' lang='lat' dir='ltr'>recurrunt,</span> 
     </span>
     <span class='ocr_line' id='line_1_30' title="bbox 109 2102 828 2147; baseline -0.007 -8"><span class='ocrx_word' id='word_1_203' title='bbox 109 2104 349 2139; x_wconf 78' lang='lat' dir='ltr'>certissimum</span> <span class='ocrx_word' id='word_1_204' title='bbox 396 2102 638 2145; x_wconf 83' lang='lat' dir='ltr'>corruptionis</span> <span class='ocrx_word' id='word_1_205' title='bbox 685 2102 828 2147; x_wconf 86' lang='lat' dir='ltr'>signum</span> 
     </span>
     <span class='ocr_line' id='line_1_31' title="bbox 108 2150 829 2197; baseline -0.006 -10"><span class='ocrx_word' id='word_1_206' title='bbox 108 2157 176 2188; x_wconf 77' lang='lat' dir='ltr'>est.</span> <span class='ocrx_word' id='word_1_207' title='bbox 226 2150 317 2186; x_wconf 74' lang='lat' dir='ltr'>Num</span> <span class='ocrx_word' id='word_1_208' title='bbox 351 2150 462 2196; x_wconf 83' lang='lat' dir='ltr'>igitur</span> <span class='ocrx_word' id='word_1_209' title='bbox 491 2150 654 2197; x_wconf 81' lang='lat' dir='ltr'>Ampium</span> <span class='ocrx_word' id='word_1_210' title='bbox 681 2150 829 2184; x_wconf 78' lang='lat' dir='ltr'>Flavia-</span> 
     </span>
     <span class='ocr_line' id='line_1_32' title="bbox 107 2198 828 2236; baseline -0.006 -1"><span class='ocrx_word' id='word_1_211' title='bbox 107 2213 191 2236; x_wconf 74' lang='lat' dir='ltr'>num</span> <span class='ocrx_word' id='word_1_212' title='bbox 225 2203 393 2234; x_wconf 79' lang='lat' dir='ltr'>vocatum</span> <span class='ocrx_word' id='word_1_213' title='bbox 434 2199 547 2233; x_wconf 83' lang='lat' dir='ltr'>fuisse</span> <span class='ocrx_word' id='word_1_214' title='bbox 583 2203 619 2233; x_wconf 80' lang='lat' dir='ltr'>et</span> <span class='ocrx_word' id='word_1_215' title='bbox 653 2209 674 2232; x_wconf 91' lang='lat' dir='ltr'>a</span> <span class='ocrx_word' id='word_1_216' title='bbox 707 2198 828 2232; x_wconf 86' lang='lat' dir='ltr'>Tacito</span> 
     </span>
     <span class='ocr_line' id='line_1_33' title="bbox 109 2247 828 2284; baseline -0.006 0"><span class='ocrx_word' id='word_1_217' title='bbox 109 2249 166 2284; x_wconf 77' lang='lat' dir='ltr'>his</span> <span class='ocrx_word' id='word_1_218' title='bbox 195 2248 335 2284; x_wconf 81' lang='lat' dir='ltr'>duobus</span> <span class='ocrx_word' id='word_1_219' title='bbox 353 2247 559 2280; x_wconf 87' lang='lat' dir='ltr'>nominibus</span> <span class='ocrx_word' id='word_1_220' title='bbox 580 2258 626 2280; x_wconf 86' lang='lat' dir='ltr'>ex</span> <span class='ocrx_word' id='word_1_221' title='bbox 646 2257 745 2281; x_wconf 90' lang='lat' dir='ltr'>more</span> <span class='ocrx_word' id='word_1_222' title='bbox 762 2257 828 2280; x_wconf 90' lang='lat' dir='ltr'>suo</span> 
     </span>
     <span class='ocr_line' id='line_1_34' title="bbox 109 2295 829 2343; baseline -0.006 -11"><span class='ocrx_word' id='word_1_223' title='bbox 109 2297 330 2343; x_wconf 77' lang='lat' dir='ltr'>appellatum</span> <span class='ocrx_word' id='word_1_224' title='bbox 360 2295 614 2330; x_wconf 83' lang='lat' dir='ltr'>censebimus?</span> <span class='ocrx_word' id='word_1_225' title='bbox 660 2295 740 2330; x_wconf 81' lang='lat' dir='ltr'>Nou</span> <span class='ocrx_word' id='word_1_226' title='bbox 768 2307 829 2329; x_wconf 86' lang='lat' dir='ltr'>re-</span> 
     </span>
     <span class='ocr_line' id='line_1_35' title="bbox 107 2343 829 2392; baseline -0.006 -11"><span class='ocrx_word' id='word_1_227' title='bbox 107 2346 271 2392; x_wconf 79' lang='lat' dir='ltr'>fragarer</span> <span class='ocrx_word' id='word_1_228' title='bbox 300 2343 488 2390; x_wconf 80' lang='lat' dir='ltr'>equidem,</span> <span class='ocrx_word' id='word_1_229' title='bbox 532 2344 601 2377; x_wconf 88' lang='lat' dir='ltr'>nisi</span> <span class='ocrx_word' id='word_1_230' title='bbox 628 2343 743 2377; x_wconf 81' lang='lat' dir='ltr'>tribus</span> <span class='ocrx_word' id='word_1_231' title='bbox 770 2344 829 2378; x_wconf 94' lang='lat' dir='ltr'>lo-</span> 
     </span>
     <span class='ocr_line' id='line_1_36' title="bbox 108 2391 829 2429; baseline -0.006 0"><span class='ocrx_word' id='word_1_232' title='bbox 108 2396 162 2429; x_wconf 89' lang='lat' dir='ltr'>cis</span> <span class='ocrx_word' id='word_1_233' title='bbox 194 2400 207 2428; x_wconf 81' lang='lat' dir='ltr'>t</span> <span class='ocrx_word' id='word_1_234' title='bbox 242 2394 279 2427; x_wconf 90' lang='lat' dir='ltr'>in</span> <span class='ocrx_word' id='word_1_235' title='bbox 314 2392 471 2426; x_wconf 87' lang='lat' dir='ltr'>nominis</span> <span class='ocrx_word' id='word_1_236' title='bbox 515 2393 619 2425; x_wconf 88' lang='lat' dir='ltr'>initio</span> <span class='ocrx_word' id='word_1_237' title='bbox 665 2391 829 2426; x_wconf 88' lang='lat' dir='ltr'>codicum</span> 
     </span>
     <span class='ocr_line' id='line_1_37' title="bbox 107 2439 830 2483; baseline -0.006 -5"><span class='ocrx_word' id='word_1_238' title='bbox 107 2444 205 2478; x_wconf 79' lang='lat' dir='ltr'>notis</span> <span class='ocrx_word' id='word_1_239' title='bbox 225 2443 312 2477; x_wconf 79' lang='lat' dir='ltr'>satis</span> <span class='ocrx_word' id='word_1_240' title='bbox 331 2439 579 2475; x_wconf 86' lang='lat' dir='ltr'>confirmatum</span> <span class='ocrx_word' id='word_1_241' title='bbox 595 2445 702 2475; x_wconf 78' lang='lat' dir='ltr'>esset.</span> <span class='ocrx_word' id='word_1_242' title='bbox 726 2440 830 2483; x_wconf 89' lang='lat' dir='ltr'>Quod</span> 
     </span>
     <span class='ocr_line' id='line_1_38' title="bbox 108 2488 829 2535; baseline -0.006 -8"><span class='ocrx_word' id='word_1_243' title='bbox 108 2503 191 2527; x_wconf 86' lang='lat' dir='ltr'>cum</span> <span class='ocrx_word' id='word_1_244' title='bbox 224 2491 275 2525; x_wconf 83' lang='lat' dir='ltr'>ita</span> <span class='ocrx_word' id='word_1_245' title='bbox 299 2490 367 2533; x_wconf 88' lang='lat' dir='ltr'>sit,</span> <span class='ocrx_word' id='word_1_246' title='bbox 406 2488 619 2535; x_wconf 71' lang='lat' dir='ltr'>Tamphilum</span> <span class='ocrx_word' id='word_1_247' title='bbox 655 2489 709 2535; x_wconf 87' lang='lat' dir='ltr'>(id</span> <span class='ocrx_word' id='word_1_248' title='bbox 749 2500 829 2523; x_wconf 89' lang='lat' dir='ltr'>me-</span> 
     </span>
     <span class='ocr_line' id='line_1_39' title="bbox 107 2537 829 2584; baseline -0.004 -10"><span class='ocrx_word' id='word_1_249' title='bbox 107 2541 206 2574; x_wconf 87' lang='lat' dir='ltr'>dium</span> <span class='ocrx_word' id='word_1_250' title='bbox 241 2540 343 2584; x_wconf 77' lang='lat' dir='ltr'>quasi</span> <span class='ocrx_word' id='word_1_251' title='bbox 380 2540 474 2572; x_wconf 91' lang='lat' dir='ltr'>inter</span> <span class='ocrx_word' id='word_1_252' title='bbox 518 2537 628 2572; x_wconf 77' lang='lat' dir='ltr'>Titum</span> <span class='ocrx_word' id='word_1_253' title='bbox 661 2537 829 2583; x_wconf 80' lang='lat' dir='ltr'>amplium</span> 
     </span>
     <span class='ocr_line' id='line_1_40' title="bbox 109 2584 827 2633; baseline -0.001 -11"><span class='ocrx_word' id='word_1_254' title='bbox 109 2593 145 2623; x_wconf 78' lang='lat' dir='ltr'>et</span> <span class='ocrx_word' id='word_1_255' title='bbox 170 2589 337 2633; x_wconf 76' lang='lat' dir='ltr'>lampium</span> <span class='ocrx_word' id='word_1_256' title='bbox 365 2591 402 2621; x_wconf 82' lang='lat' dir='ltr'>et</span> <span class='ocrx_word' id='word_1_257' title='bbox 433 2586 467 2620; x_wconf 80' lang='lat' dir='ltr'>T.</span> <span class='ocrx_word' id='word_1_258' title='bbox 493 2586 668 2632; x_wconf 80' lang='lat' dir='ltr'>Ampium,</span> <span class='ocrx_word' id='word_1_259' title='bbox 695 2591 734 2620; x_wconf 79' lang='lat' dir='ltr'>ut</span> <span class='ocrx_word' id='word_1_260' title='bbox 754 2584 827 2632; x_wconf 64' lang='lat' dir='ltr'>Ma)</span> 
     </span>
     <span class='ocr_line' id='line_1_41' title="bbox 110 2635 830 2679; baseline -0.004 -9"><span class='ocrx_word' id='word_1_261' title='bbox 110 2636 324 2670; x_wconf 76' lang='lat' dir='ltr'>Flavianum</span> <span class='ocrx_word' id='word_1_262' title='bbox 382 2636 526 2679; x_wconf 86' lang='lat' dir='ltr'>reposui</span> <span class='ocrx_word' id='word_1_263' title='bbox 577 2635 830 2669; x_wconf 88' lang='lat' dir='ltr'>consuetudini</span> 
     </span>
     <span class='ocr_line' id='line_1_42' title="bbox 110 2683 830 2728; baseline -0.003 -10"><span class='ocrx_word' id='word_1_264' title='bbox 110 2684 166 2718; x_wconf 89' lang='lat' dir='ltr'>illi</span> <span class='ocrx_word' id='word_1_265' title='bbox 191 2683 302 2728; x_wconf 88' lang='lat' dir='ltr'>probe</span> <span class='ocrx_word' id='word_1_266' title='bbox 312 2685 620 2717; x_wconf 77' lang='lat' dir='ltr'>oconvenientem.</span> <span class='ocrx_word' id='word_1_267' title='bbox 665 2683 830 2728; x_wconf 70' lang='lat' dir='ltr'>Tamphi-</span> 
     </span>
     <span class='ocr_line' id='line_1_43' title="bbox 110 2731 830 2775; baseline 0 -11"><span class='ocrx_word' id='word_1_268' title='bbox 110 2731 165 2771; x_wconf 65' lang='lat' dir='ltr'>lus</span> <span class='ocrx_word' id='word_1_269' title='bbox 205 2736 259 2764; x_wconf 82' lang='lat' dir='ltr'>est</span> <span class='ocrx_word' id='word_1_270' title='bbox 313 2735 590 2775; x_wconf 82' lang='lat' dir='ltr'>cognomentum</span> <span class='ocrx_word' id='word_1_271' title='bbox 632 2732 830 2765; x_wconf 75' lang='lat' dir='ltr'>Romanum</span> 
     </span>
     <span class='ocr_line' id='line_1_44' title="bbox 110 2777 829 2821; baseline -0.001 -8"><span class='ocrx_word' id='word_1_272' title='bbox 110 2780 198 2813; x_wconf 79' lang='lat' dir='ltr'>satis</span> <span class='ocrx_word' id='word_1_273' title='bbox 216 2783 340 2813; x_wconf 85' lang='lat' dir='ltr'>notum</span> <span class='ocrx_word' id='word_1_274' title='bbox 358 2790 367 2820; x_wconf 91' lang='lat'>;</span> <span class='ocrx_word' id='word_1_275' title='bbox 394 2789 429 2812; x_wconf 87' lang='lat' dir='ltr'>v.</span> <span class='ocrx_word' id='word_1_276' title='bbox 446 2777 523 2811; x_wconf 88' lang='lat' dir='ltr'>Liv.</span> <span class='ocrx_word' id='word_1_277' title='bbox 536 2778 645 2812; x_wconf 81' lang='lat' dir='ltr'>xxx1</span> <span class='ocrx_word' id='word_1_278' title='bbox 658 2780 706 2814; x_wconf 79' lang='lat'>49</span> <span class='ocrx_word' id='word_1_279' title='bbox 723 2785 829 2821; x_wconf 62' lang='lat' dir='ltr'>extr„</span> 
     </span>
     <span class='ocr_line' id='line_1_45' title="bbox 112 2825 829 2869; baseline 0 -7"><span class='ocrx_word' id='word_1_280' title='bbox 112 2827 239 2862; x_wconf 85' lang='lat' dir='ltr'>xxxu</span> <span class='ocrx_word' id='word_1_281' title='bbox 265 2828 306 2869; x_wconf 92' lang='lat'>7,</span> <span class='ocrx_word' id='word_1_282' title='bbox 335 2825 482 2866; x_wconf 69' lang='lat' dir='ltr'>,xxx1v</span> <span class='ocrx_word' id='word_1_283' title='bbox 509 2827 577 2868; x_wconf 80' lang='lat'>45,</span> <span class='ocrx_word' id='word_1_284' title='bbox 616 2826 739 2860; x_wconf 79' lang='lat' dir='ltr'>XXXV</span> <span class='ocrx_word' id='word_1_285' title='bbox 773 2828 829 2869; x_wconf 82' lang='lat'>10,</span> 
     </span>
     <span class='ocr_line' id='line_1_46' title="bbox 112 2873 833 2920; baseline -0.004 -9"><span class='ocrx_word' id='word_1_286' title='bbox 112 2875 258 2911; x_wconf 77' lang='lat' dir='ltr'>xxxix</span> <span class='ocrx_word' id='word_1_287' title='bbox 283 2876 331 2911; x_wconf 80' lang='lat'>23</span> <span class='ocrx_word' id='word_1_288' title='bbox 357 2879 393 2908; x_wconf 80' lang='lat' dir='ltr'>et</span> <span class='ocrx_word' id='word_1_289' title='bbox 419 2874 478 2916; x_wconf 87' lang='lat'>56,</span> <span class='ocrx_word' id='word_1_290' title='bbox 504 2873 562 2907; x_wconf 86' lang='lat' dir='ltr'>XL</span> <span class='ocrx_word' id='word_1_291' title='bbox 593 2874 648 2909; x_wconf 86' lang='lat'>18.</span> <span class='ocrx_word' id='word_1_292' title='bbox 683 2874 735 2908; x_wconf 84' lang='lat' dir='ltr'>Ne</span> <span class='ocrx_word' id='word_1_293' title='bbox 753 2875 833 2920; x_wconf 84' lang='lat' dir='ltr'>quis</span> 
     </span>
     <span class='ocr_line' id='line_1_47' title="bbox 110 2922 831 2968; baseline -0.007 -8"><span class='ocrx_word' id='word_1_294' title='bbox 110 2925 205 2960; x_wconf 81' lang='lat' dir='ltr'>forte</span> <span class='ocrx_word' id='word_1_295' title='bbox 230 2923 387 2959; x_wconf 80' lang='lat' dir='ltr'>offendat</span> <span class='ocrx_word' id='word_1_296' title='bbox 424 2923 462 2957; x_wconf 90' lang='lat' dir='ltr'>in</span> <span class='ocrx_word' id='word_1_297' title='bbox 487 2923 634 2956; x_wconf 89' lang='lat' dir='ltr'>nomine</span> <span class='ocrx_word' id='word_1_298' title='bbox 668 2922 831 2968; x_wconf 68' lang='lat' dir='ltr'>Tamphi-</span> 
     </span>
     <span class='ocr_line' id='line_1_48' title="bbox 111 2971 831 3014; baseline -0.011 -4"><span class='ocrx_word' id='word_1_299' title='bbox 111 2974 165 3010; x_wconf 74' lang='lat' dir='ltr'>lus</span> <span class='ocrx_word' id='word_1_300' title='bbox 192 2984 273 3009; x_wconf 88' lang='lat' dir='ltr'>cum</span> <span class='ocrx_word' id='word_1_301' title='bbox 301 2971 473 3007; x_wconf 69' lang='lat' dir='ltr'>naviam</span> <span class='ocrx_word' id='word_1_302' title='bbox 499 2972 647 3014; x_wconf 78' lang='lat' dir='ltr'>iuncto,</span> <span class='ocrx_word' id='word_1_303' title='bbox 688 2972 727 3005; x_wconf 87' lang='lat' dir='ltr'>in</span> <span class='ocrx_word' id='word_1_304' title='bbox 751 2981 831 3005; x_wconf 84' lang='lat' dir='ltr'>me-</span> 
     </span>
    </p>
   </div>
   <div class='ocr_carea' id='block_1_8' title="bbox 227 3056 427 3087">
    <p class='ocr_par' dir='ltr' id='par_1_11' title="bbox 227 3056 427 3087">
     <span class='ocr_line' id='line_1_49' title="bbox 227 3056 427 3087; baseline -0.005 0"><span class='ocrx_word' id='word_1_305' title='bbox 227 3057 352 3087; x_wconf 70' lang='lat' dir='ltr'>Tacitus</span> <span class='ocrx_word' id='word_1_306' title='bbox 374 3056 427 3087; x_wconf 83' lang='lat'>111.</span> 
     </span>
    </p>
   </div>
   <div class='ocr_carea' id='block_1_9' title="bbox 898 1760 1620 1845">
    <p class='ocr_par' dir='ltr' id='par_1_12' title="bbox 898 1760 1620 1845">
     <span class='ocr_line' id='line_1_50' title="bbox 898 1760 1619 1796; baseline 0.003 -2"><span class='ocrx_word' id='word_1_307' title='bbox 898 1761 1047 1794; x_wconf 83' lang='lat' dir='ltr'>moriam</span> <span class='ocrx_word' id='word_1_308' title='bbox 1074 1770 1207 1794; x_wconf 89' lang='lat' dir='ltr'>revoco</span> <span class='ocrx_word' id='word_1_309' title='bbox 1232 1760 1343 1794; x_wconf 85' lang='lat' dir='ltr'>Taciti</span> <span class='ocrx_word' id='word_1_310' title='bbox 1371 1760 1531 1795; x_wconf 73' lang='lat' dir='ltr'>Pisonem</span> <span class='ocrx_word' id='word_1_311' title='bbox 1553 1762 1619 1796; x_wconf 80' lang='lat' dir='ltr'>Li-</span> 
     </span>
     <span class='ocr_line' id='line_1_51' title="bbox 899 1809 1620 1845; baseline 0.004 -3"><span class='ocrx_word' id='word_1_312' title='bbox 899 1810 1081 1843; x_wconf 75' lang='lat' dir='ltr'>cinianum</span> <span class='ocrx_word' id='word_1_313' title='bbox 1108 1809 1426 1843; x_wconf 72' lang='lat' dir='ltr'>etscriboniamam</span> <span class='ocrx_word' id='word_1_314' title='bbox 1453 1810 1620 1845; x_wconf 78' lang='lat' dir='ltr'>Crassum</span> 
     </span>
    </p>
   </div>
   <div class='ocr_carea' id='block_1_10' title="bbox 901 1857 1227 1901">
    <p class='ocr_par' dir='ltr' id='par_1_13' title="bbox 901 1857 1227 1901">
     <span class='ocr_line' id='line_1_52' title="bbox 901 1857 1227 1901; baseline 0.006 -10"><span class='ocrx_word' id='word_1_315' title='bbox 901 1858 941 1892; x_wconf 79' lang='lat' dir='ltr'>n.</span> <span class='ocrx_word' id='word_1_316' title='bbox 969 1857 984 1891; x_wconf 95' lang='lat'><em>1</em></span> <span class='ocrx_word' id='word_1_317' title='bbox 1012 1857 1068 1901; x_wconf 80' lang='lat'>14,</span> <span class='ocrx_word' id='word_1_318' title='bbox 1096 1857 1142 1891; x_wconf 92' lang='lat' dir='ltr'>1v</span> <span class='ocrx_word' id='word_1_319' title='bbox 1168 1858 1227 1893; x_wconf 85' lang='lat'>39.</span> 
     </span>
    </p>
   </div>
   <div class='ocr_carea' id='block_1_11' title="bbox 899 1929 1619 2110">
    <p class='ocr_par' dir='ltr' id='par_1_14' title="bbox 899 1929 1619 2110">
     <span class='ocr_line' id='line_1_53' title="bbox 973 1929 1618 1974; baseline -0.002 -11"><span class='ocrx_word' id='word_1_320' title='bbox 973 1930 1094 1964; x_wconf 78' lang='lat' dir='ltr'>divites</span> <span class='ocrx_word' id='word_1_321' title='bbox 1119 1941 1245 1964; x_wconf 82' lang='lat' dir='ltr'>senes.-</span> <span class='ocrx_word' id='word_1_322' title='bbox 1286 1931 1430 1974; x_wconf 89' lang='lat' dir='ltr'>suspice</span> <span class='ocrx_word' id='word_1_323' title='bbox 1455 1929 1618 1963; x_wconf 86' lang='lat' dir='ltr'>brevita-</span> 
     </span>
     <span class='ocr_line' id='line_1_54' title="bbox 899 1977 1619 2024; baseline 0 -12"><span class='ocrx_word' id='word_1_324' title='bbox 899 1980 944 2013; x_wconf 88' lang='lat' dir='ltr'>tis</span> <span class='ocrx_word' id='word_1_325' title='bbox 971 1980 1140 2012; x_wconf 82' lang='lat' dir='ltr'>virtutem</span> <span class='ocrx_word' id='word_1_326' title='bbox 1179 1983 1215 2012; x_wconf 82' lang='lat' dir='ltr'>et</span> <span class='ocrx_word' id='word_1_327' title='bbox 1246 1979 1442 2022; x_wconf 87' lang='lat' dir='ltr'>specimen.</span> <span class='ocrx_word' id='word_1_328' title='bbox 1492 1977 1619 2024; x_wconf 82' lang='lat' dir='ltr'>Legati</span> 
     </span>
     <span class='ocr_line' id='line_1_55' title="bbox 900 2026 1618 2072; baseline 0 -11"><span class='ocrx_word' id='word_1_329' title='bbox 900 2027 1108 2062; x_wconf 85' lang='lat' dir='ltr'>consulares</span> <span class='ocrx_word' id='word_1_330' title='bbox 1143 2032 1217 2060; x_wconf 89' lang='lat' dir='ltr'>tum</span> <span class='ocrx_word' id='word_1_331' title='bbox 1254 2028 1338 2072; x_wconf 83' lang='lat' dir='ltr'>quia</span> <span class='ocrx_word' id='word_1_332' title='bbox 1378 2026 1509 2060; x_wconf 86' lang='lat' dir='ltr'>divites</span> <span class='ocrx_word' id='word_1_333' title='bbox 1545 2032 1618 2061; x_wconf 89' lang='lat' dir='ltr'>tum</span> 
     </span>
     <span class='ocr_line' id='line_1_56' title="bbox 899 2073 1528 2110; baseline -0.002 -1"><span class='ocrx_word' id='word_1_334' title='bbox 899 2077 944 2110; x_wconf 91' lang='lat' dir='ltr'>ob</span> <span class='ocrx_word' id='word_1_335' title='bbox 971 2073 1241 2110; x_wconf 85' lang='lat' dir='ltr'>senectutem&#39;a</span> <span class='ocrx_word' id='word_1_336' title='bbox 1267 2075 1379 2109; x_wconf 82' lang='lat' dir='ltr'>turbis</span> <span class='ocrx_word' id='word_1_337' title='bbox 1405 2075 1528 2109; x_wconf 89' lang='lat' dir='ltr'>alieni.</span> 
     </span>
    </p>
   </div>
   <div class='ocr_carea' id='block_1_12' title="bbox 898 2147 1663 3004">
    <p class='ocr_par' dir='ltr' id='par_1_15' title="bbox 898 2147 1663 2778">
     <span class='ocr_line' id='line_1_57' title="bbox 972 2147 1663 2192; baseline -0.001 -10"><span class='ocrx_word' id='word_1_338' title='bbox 972 2154 1133 2192; x_wconf 77' lang='lat' dir='ltr'>quaestus</span> <span class='ocrx_word' id='word_1_339' title='bbox 1167 2147 1359 2192; x_wconf 77' lang='lat' dir='ltr'>cupidine.-</span> <span class='ocrx_word' id='word_1_340' title='bbox 1400 2148 1620 2181; x_wconf 87' lang='lat' dir='ltr'>senatorium</span> <span class='ocrx_word' id='word_1_341' title='bbox 1660 2159 1663 2162; x_wconf 59' lang='lat'><strong>⁴</strong></span> 
     </span>
     <span class='ocr_line' id='line_1_58' title="bbox 898 2196 1620 2239; baseline -0.001 -9"><span class='ocrx_word' id='word_1_342' title='bbox 898 2197 1060 2230; x_wconf 89' lang='lat' dir='ltr'>ordinem</span> <span class='ocrx_word' id='word_1_343' title='bbox 1071 2200 1218 2230; x_wconf 80' lang='lat' dir='ltr'>exuerat</span> <span class='ocrx_word' id='word_1_344' title='bbox 1238 2200 1276 2228; x_wconf 82' lang='lat' dir='ltr'>ut</span> <span class='ocrx_word' id='word_1_345' title='bbox 1296 2196 1411 2239; x_wconf 87' lang='lat' dir='ltr'>prima</span> <span class='ocrx_word' id='word_1_346' title='bbox 1426 2197 1620 2229; x_wconf 89' lang='lat' dir='ltr'>occasione</span> 
     </span>
     <span class='ocr_line' id='line_1_59' title="bbox 899 2244 1620 2289; baseline -0.003 -10"><span class='ocrx_word' id='word_1_347' title='bbox 899 2245 941 2279; x_wconf 90' lang='lat' dir='ltr'>ad</span> <span class='ocrx_word' id='word_1_348' title='bbox 951 2245 1216 2289; x_wconf 87' lang='lat' dir='ltr'>suscipiendam</span> <span class='ocrx_word' id='word_1_349' title='bbox 1227 2244 1517 2288; x_wconf 86' lang='lat' dir='ltr'>procurationem</span> <span class='ocrx_word' id='word_1_350' title='bbox 1527 2244 1620 2277; x_wconf 86' lang='lat' dir='ltr'>Cae-</span> 
     </span>
     <span class='ocr_line' id='line_1_60' title="bbox 898 2291 1620 2338; baseline -0.007 -10"><span class='ocrx_word' id='word_1_351' title='bbox 898 2295 988 2328; x_wconf 85' lang='lat' dir='ltr'>saris</span> <span class='ocrx_word' id='word_1_352' title='bbox 1014 2304 1150 2328; x_wconf 83' lang='lat' dir='ltr'>vacuus</span> <span class='ocrx_word' id='word_1_353' title='bbox 1178 2297 1296 2326; x_wconf 86' lang='lat' dir='ltr'>esset:</span> <span class='ocrx_word' id='word_1_354' title='bbox 1324 2291 1435 2338; x_wconf 83' lang='lat' dir='ltr'>talem</span> <span class='ocrx_word' id='word_1_355' title='bbox 1456 2293 1620 2335; x_wconf 87' lang='lat' dir='ltr'>praebuit</span> 
     </span>
     <span class='ocr_line' id='line_1_61' title="bbox 899 2339 1620 2377; baseline -0.003 -1"><span class='ocrx_word' id='word_1_356' title='bbox 899 2342 1058 2377; x_wconf 81' lang='lat' dir='ltr'>defectio</span> <span class='ocrx_word' id='word_1_357' title='bbox 1084 2341 1256 2375; x_wconf 82' lang='lat' dir='ltr'>adversus</span> <span class='ocrx_word' id='word_1_358' title='bbox 1269 2340 1447 2374; x_wconf 82' lang='lat' dir='ltr'>Neronem</span> <span class='ocrx_word' id='word_1_359' title='bbox 1476 2344 1512 2373; x_wconf 85' lang='lat' dir='ltr'>et</span> <span class='ocrx_word' id='word_1_360' title='bbox 1529 2339 1620 2374; x_wconf 89' lang='lat' dir='ltr'>hanc</span> 
     </span>
     <span class='ocr_line' id='line_1_62' title="bbox 899 2389 1620 2434; baseline -0.003 -9"><span class='ocrx_word' id='word_1_361' title='bbox 899 2391 1036 2425; x_wconf 88' lang='lat' dir='ltr'>Fuscus</span> <span class='ocrx_word' id='word_1_362' title='bbox 1072 2389 1201 2434; x_wconf 89' lang='lat' dir='ltr'>cupide</span> <span class='ocrx_word' id='word_1_363' title='bbox 1240 2389 1419 2434; x_wconf 84' lang='lat' dir='ltr'>arripuit,</span> <span class='ocrx_word' id='word_1_364' title='bbox 1466 2389 1620 2423; x_wconf 79' lang='lat' dir='ltr'>maxime</span> 
     </span>
     <span class='ocr_line' id='line_1_63' title="bbox 899 2436 1619 2485; baseline -0.003 -12"><span class='ocrx_word' id='word_1_365' title='bbox 899 2440 1041 2474; x_wconf 89' lang='lat' dir='ltr'>alienus</span> <span class='ocrx_word' id='word_1_366' title='bbox 1079 2449 1098 2472; x_wconf 92' lang='lat' dir='ltr'>a</span> <span class='ocrx_word' id='word_1_367' title='bbox 1127 2439 1251 2485; x_wconf 79' lang='lat' dir='ltr'>quiete.</span> <span class='ocrx_word' id='word_1_368' title='bbox 1313 2436 1417 2471; x_wconf 85' lang='lat' dir='ltr'>Cous.</span> <span class='ocrx_word' id='word_1_369' title='bbox 1444 2436 1522 2470; x_wconf 77' lang='lat' dir='ltr'>XVI</span> <span class='ocrx_word' id='word_1_370' title='bbox 1555 2438 1619 2480; x_wconf 71' lang='lat'>173</span> 
     </span>
     <span class='ocr_line' id='line_1_64' title="bbox 900 2486 1622 2533; baseline -0.006 -11"><span class='ocrx_word' id='word_1_371' title='bbox 900 2487 1142 2533; x_wconf 78' lang='lat' dir='ltr'>adquirendae</span> <span class='ocrx_word' id='word_1_372' title='bbox 1173 2486 1347 2533; x_wconf 80' lang='lat' dir='ltr'>pecuniae</span> <span class='ocrx_word' id='word_1_373' title='bbox 1383 2486 1518 2519; x_wconf 75' lang='lat' dir='ltr'>brevius</span> <span class='ocrx_word' id='word_1_374' title='bbox 1552 2486 1622 2519; x_wconf 81' lang='lat' dir='ltr'>iter</span> 
     </span>
     <span class='ocr_line' id='line_1_65' title="bbox 900 2533 1620 2581; baseline -0.006 -10"><span class='ocrx_word' id='word_1_375' title='bbox 900 2536 1064 2571; x_wconf 75' lang='lat' dir='ltr'>credebat</span> <span class='ocrx_word' id='word_1_376' title='bbox 1094 2547 1161 2581; x_wconf 82' lang='lat' dir='ltr'>per</span> <span class='ocrx_word' id='word_1_377' title='bbox 1199 2535 1469 2581; x_wconf 77' lang='lat' dir='ltr'>procurationes</span> <span class='ocrx_word' id='word_1_378' title='bbox 1504 2533 1620 2567; x_wconf 83' lang='lat' dir='ltr'>admi-</span> 
     </span>
     <span class='ocr_line' id='line_1_66' title="bbox 898 2581 1620 2629; baseline -0.007 -10"><span class='ocrx_word' id='word_1_379' title='bbox 898 2585 1093 2619; x_wconf 74' lang='lat' dir='ltr'>nistrandis</span> <span class='ocrx_word' id='word_1_380' title='bbox 1117 2584 1292 2629; x_wconf 78' lang='lat' dir='ltr'>principis</span> <span class='ocrx_word' id='word_1_381' title='bbox 1324 2583 1472 2628; x_wconf 71' lang='lat' dir='ltr'>neyotiis</span> <span class='ocrx_word' id='word_1_382' title='bbox 1509 2581 1620 2626; x_wconf 81' lang='lat' dir='ltr'>(Mela</span> 
     </span>
     <span class='ocr_line' id='line_1_67' title="bbox 900 2631 1619 2678; baseline -0.007 -11"><span class='ocrx_word' id='word_1_383' title='bbox 900 2635 960 2678; x_wconf 89' lang='lat' dir='ltr'>qui</span> <span class='ocrx_word' id='word_1_384' title='bbox 980 2634 1157 2678; x_wconf 83' lang='lat' dir='ltr'>petitione</span> <span class='ocrx_word' id='word_1_385' title='bbox 1170 2631 1346 2665; x_wconf 88' lang='lat' dir='ltr'>honorum</span> <span class='ocrx_word' id='word_1_386' title='bbox 1365 2631 1619 2674; x_wconf 83' lang='lat' dir='ltr'>abstinuerat).</span> 
     </span>
     <span class='ocr_line' id='line_1_68' title="bbox 902 2678 1619 2726; baseline -0.01 -10"><span class='ocrx_word' id='word_1_387' title='bbox 902 2683 1037 2716; x_wconf 84' lang='lat' dir='ltr'>Vitium</span> <span class='ocrx_word' id='word_1_388' title='bbox 1067 2682 1191 2726; x_wconf 78' lang='lat' dir='ltr'>quietis</span> <span class='ocrx_word' id='word_1_389' title='bbox 1228 2691 1272 2713; x_wconf 90' lang='lat' dir='ltr'>ex</span> <span class='ocrx_word' id='word_1_390' title='bbox 1299 2679 1500 2723; x_wconf 84' lang='lat' dir='ltr'>antiquiore</span> <span class='ocrx_word' id='word_1_391' title='bbox 1527 2678 1619 2710; x_wconf 88' lang='lat' dir='ltr'>scri-</span> 
     </span>
     <span class='ocr_line' id='line_1_69' title="bbox 900 2726 1456 2778; baseline -0.009 -14"><span class='ocrx_word' id='word_1_392' title='bbox 900 2736 1003 2775; x_wconf 89' lang='lat' dir='ltr'>ptura</span> <span class='ocrx_word' id='word_1_393' title='bbox 1028 2735 1126 2778; x_wconf 68' lang='grc' dir='ltr'><em>ᾷςειᾳ</em></span> <span class='ocrx_word' id='word_1_394' title='bbox 1154 2733 1269 2761; x_wconf 87' lang='lat' dir='ltr'>ortum</span> <span class='ocrx_word' id='word_1_395' title='bbox 1302 2726 1456 2759; x_wconf 64' lang='lat' dir='ltr'>videtur.</span> 
     </span>
    </p>

    <p class='ocr_par' dir='ltr' id='par_1_16' title="bbox 902 2772 1620 2914">
     <span class='ocr_line' id='line_1_70' title="bbox 979 2772 1620 2811; baseline -0.011 0"><span class='ocrx_word' id='word_1_396' title='bbox 979 2779 1049 2811; x_wconf 69' lang='lat' dir='ltr'>dus:</span> <span class='ocrx_word' id='word_1_397' title='bbox 1073 2777 1233 2810; x_wconf 81' lang='lat' dir='ltr'>coloniae</span> <span class='ocrx_word' id='word_1_398' title='bbox 1259 2786 1343 2808; x_wconf 80' lang='lat' dir='ltr'>suae</span> <span class='ocrx_word' id='word_1_399' title='bbox 1360 2786 1370 2806; x_wconf 79' lang='grc'>.-</span> <span class='ocrx_word' id='word_1_400' title='bbox 1398 2773 1488 2806; x_wconf 89' lang='lat' dir='ltr'>haec</span> <span class='ocrx_word' id='word_1_401' title='bbox 1515 2772 1620 2806; x_wconf 90' lang='lat' dir='ltr'>colo..</span> 
     </span>
     <span class='ocr_line' id='line_1_71' title="bbox 902 2820 1620 2869; baseline -0.01 -9"><span class='ocrx_word' id='word_1_402' title='bbox 902 2828 963 2860; x_wconf 88' lang='lat' dir='ltr'>nia</span> <span class='ocrx_word' id='word_1_403' title='bbox 991 2836 1082 2869; x_wconf 90' lang='lat' dir='ltr'>quae</span> <span class='ocrx_word' id='word_1_404' title='bbox 1110 2824 1219 2857; x_wconf 78' lang='lat' dir='ltr'>fuerit</span> <span class='ocrx_word' id='word_1_405' title='bbox 1246 2821 1340 2856; x_wconf 89' lang='lat' dir='ltr'>haud</span> <span class='ocrx_word' id='word_1_406' title='bbox 1357 2826 1517 2855; x_wconf 82' lang='lat' dir='ltr'>constat:</span> <span class='ocrx_word' id='word_1_407' title='bbox 1545 2820 1620 2854; x_wconf 84' lang='lat' dir='ltr'>lta-</span> 
     </span>
     <span class='ocr_line' id='line_1_72' title="bbox 903 2871 1348 2914; baseline -0.011 -6"><span class='ocrx_word' id='word_1_408' title='bbox 903 2875 1010 2909; x_wconf 83' lang='lat' dir='ltr'>licam</span> <span class='ocrx_word' id='word_1_409' title='bbox 1032 2872 1144 2906; x_wconf 80' lang='lat' dir='ltr'>fuisse</span> <span class='ocrx_word' id='word_1_410' title='bbox 1171 2871 1348 2914; x_wconf 85' lang='lat' dir='ltr'>suspicor.</span> 
     </span>
    </p>

    <p class='ocr_par' dir='ltr' id='par_1_17' title="bbox 902 2917 1621 3004">
     <span class='ocr_line' id='line_1_73' title="bbox 978 2917 1621 2966; baseline -0.006 -12"><span class='ocrx_word' id='word_1_411' title='bbox 978 2920 1025 2954; x_wconf 86' lang='lat' dir='ltr'>ad</span> <span class='ocrx_word' id='word_1_412' title='bbox 1049 2919 1379 2966; x_wconf 76' lang='lat' dir='ltr'>quartadecimanos</span> <span class='ocrx_word' id='word_1_413' title='bbox 1399 2939 1444 2944; x_wconf 91' lang='lat'>—-</span> <span class='ocrx_word' id='word_1_414' title='bbox 1471 2917 1519 2951; x_wconf 77' lang='lat' dir='ltr'>aa</span> <span class='ocrx_word' id='word_1_415' title='bbox 1539 2918 1621 2964; x_wconf 73' lang='lat' dir='ltr'>pri-</span> 
     </span>
     <span class='ocr_line' id='line_1_74' title="bbox 902 2965 1613 3004; baseline -0.007 0"><span class='ocrx_word' id='word_1_416' title='bbox 902 2979 1044 3004; x_wconf 75' lang='lat' dir='ltr'>manos:</span> <span class='ocrx_word' id='word_1_417' title='bbox 1073 2979 1108 3003; x_wconf 76' lang='lat' dir='ltr'>V.</span> <span class='ocrx_word' id='word_1_418' title='bbox 1137 2968 1179 3002; x_wconf 82' lang='grc' dir='ltr'>Η.</span> <span class='ocrx_word' id='word_1_419' title='bbox 1207 2966 1238 3002; x_wconf 93' lang='lat'>11</span> <span class='ocrx_word' id='word_1_420' title='bbox 1265 2967 1312 3003; x_wconf 89' lang='grc'>66</span> <span class='ocrx_word' id='word_1_421' title='bbox 1340 2971 1375 3001; x_wconf 83' lang='lat' dir='ltr'>et</span> <span class='ocrx_word' id='word_1_422' title='bbox 1401 2965 1461 3001; x_wconf 89' lang='lat'>67.</span> <span class='ocrx_word' id='word_1_423' title='bbox 1608 2968 1613 2971; x_wconf 84' lang='grc'><em>“</em></span> 
     </span>
    </p>
   </div>
   <div class='ocr_carea' id='block_1_13' title="bbox 1360 3019 1417 3074">
    <p class='ocr_par' dir='ltr' id='par_1_18' title="bbox 1360 3019 1417 3074">
     <span class='ocr_line' id='line_1_75' title="bbox 1360 3019 1417 3074; baseline 0.018 -1"><span class='ocrx_word' id='word_1_424' title='bbox 1360 3019 1417 3074; x_wconf 72' lang='lat'>12</span> 
     </span>
    </p>
   </div>
  </div>
 </body>
</html>
