1768 3216
779 236 1090 274 HISTORlARVM
1471 244 1503 270 a.
1533 242 1570 270 u.
1596 232 1682 272 822.

197 250 269 284 108

194 365 320 407 Ponto
351 362 452 414 sive,
483 364 525 402 ut
555 359 623 401 alii
657 357 890 409 tradidere,
922 354 1137 397 libertinus
1168 365 1221 394 ex
1252 351 1393 405 ltalia,
1426 350 1613 395 citharae
1643 355 1686 394 et

196 442 335 479 cantus
373 436 548 489 peritus,
590 433 699 474 unde
730 432 787 473 illi
818 443 941 485 super
971 429 1278 472 similitudinem
1311 426 1398 469 oris
1428 426 1600 482 propior
1630 425 1683 470 ad

192 510 407 567 fallendum
439 507 792 567 fidcsssyadiunctis
825 504 1108 547 desertoribus
1143 514 1246 557 quos
1279 501 1419 556 inopia
1449 513 1583 557 vagos
1613 501 1684 555 in-

189 572 377 640 gentibus
408 565 623 637 promissis
656 585 921 635 corruperat,
954 591 1067 620 mare
1100 577 1361 632 ingreditur3
1414 589 1464 618 ac
1499 576 1542 618 vi
1571 579 1684 618 tem-

158 662 385 712 spestatum
427 657 625 711 Cythnum
666 655 839 697 insulam
886 654 1076 696 detrusus
1111 657 1150 694 et
1180 651 1350 694 militum
1386 650 1589 705 quosdam
1630 663 1683 694 ex

189 731 356 774 Oriente
390 731 703 773 commeantium
743 729 920 771 adscivit
960 727 1025 769 vel
1067 727 1297 769 abnuentes
1329 725 1506 769 interfici
1545 725 1680 780 iussit,

187 811 226 849 ct
243 806 425 860 spoliatis
447 804 774 860 negotiatoribus
800 802 1096 856 mancipiorum
1119 801 1450 844 valentissimum
1471 812 1678 856 quemque

189 882 372 923 armavit.
433 880 806 933 Centurionemque
836 878 1067 930 Sisennam,
1101 877 1285 928 dextras,
1318 876 1575 919 concordiae
1609 876 1680 918 in-

190 956 347 1010 signia,
392 955 551 1009 Syriaci
593 954 798 996 exercitus
840 953 1006 994 nomine
1048 952 1098 994 ad
1139 952 1430 1006 praetorianos
1461 951 1679 1004 ferentem,

141 1030 314 1072 novariis
346 1030 498 1071 artibus
531 1029 754 1084 adgressus
785 1032 861 1080 est,
896 1028 1031 1069 donec
1062 1027 1260 1079 Sisenna,
1295 1026 1400 1068 clam
1431 1026 1578 1069 relicta
1610 1026 1680 1068 in-

188 1104 295 1156 sula,
338 1104 518 1157 trepidus
557 1108 595 1144 et
638 1105 719 1146 vim
759 1108 946 1145 metuens
988 1103 1219 1158 aufugeret.
1283 1102 1384 1144 Inde
1415 1101 1496 1144 late
1524 1106 1676 1155 terror,

186 1177 318 1219 multis
350 1178 400 1219 ad
433 1178 710 1220 celebritatem
741 1179 917 1221 nominis
951 1178 1104 1220 erectis
1143 1189 1283 1220 rerum
1321 1189 1522 1220 novarum
1556 1177 1679 1231 cupi—

186 1251 279 1293 dine
322 1256 361 1293 et
402 1252 498 1293 odio
540 1253 829 1306 praesentium.
891 1253 1145 1295 Gliscentem
1187 1253 1229 1294 in
1272 1252 1363 1294 dies
1406 1252 1558 1295 samam
1589 1251 1678 1294 fors

185 1325 390 1367 discussit.
461 1326 658 1368 Galatiam
713 1340 761 1369 ac
816 1327 1092 1383 Pamphyliam
1147 1327 1389 1381 provincias
1452 1325 1720 1381 Calpurni09

133 1413 168 1445 ιε
183 1399 402 1454 Asprenati
433 1402 639 1456 regendas
672 1402 798 1444 Galba
830 1403 1090 1457 permiserat.
1151 1402 1284 1445 Datae
1319 1415 1342 1444 e
1375 1402 1511 1444 classe
1542 1401 1676 1444 Mise-

182 1476 300 1516 nensi
331 1476 434 1517 duae
466 1476 651 1518 triremes
683 1477 732 1535 ad
765 1478 1124 1533 prosequendum,
1167 1490 1259 1519 cum
1291 1477 1439 1531 quibus
1472 1476 1675 1532 Cythnum

112 1588 114 1590 ,
182 1550 351 1591 insulam
382 1551 523 1591 tenuit.
582 1551 668 1593 Nec
699 1552 870 1595 defuere
902 1553 971 1607 qui
1001 1539 1260 1595 trierarchos
1292 1551 1461 1594 nomine
1491 1551 1672 1593 Neronis

181 1624 374 1670 accirent.
429 1625 466 1668 Is
499 1625 538 1666 in
570 1626 815 1669 maestitiam
846 1627 1101 1682 compositus
1133 1631 1175 1669 et
1204 1626 1327 1668 fidem
1343 1637 1514 1668 suorum
1538 1637 1677 1680 quon-

317 1772 347 1804 1.
376 1772 541 1817 cytharae
568 1771 631 1806 Ma.
734 1774 767 1807 2.
801 1773 1026 1807 similitudine
1052 1773 1158 1807 moris
1186 1770 1251 1806 Ma.
1353 1772 1386 1806 7.
1424 1781 1581 1816 querique
1607 1768 1673 1804 Ma.

184 1818 236 1850 ll.
264 1820 421 1862 afhcyeret
449 1819 517 1853 Ma:
546 1820 572 1853 G
599 1822 791 1866 aufugeret.
880 1823 933 1856 12.
962 1822 1061 1856 multi
1089 1820 1160 1855 Ma:
1188 1820 1215 1854 G
1242 1818 1370 1854 multis.
1463 1818 1594 1853 celebri
1618 1819 1675 1865 (in

180 1876 301 1899 versus
328 1866 415 1913 fine)
443 1874 508 1900 tem
533 1868 596 1901 Ma.
676 1871 730 1904 14.
765 1869 924 1914 yalitiam
948 1869 1013 1913 Ma,
1043 1869 1234 1904 Gallatiam
1262 1867 1301 1903 G.
1382 1868 1438 1903 15.
1460 1868 1677 1914 premiserat

181 1924 257 1947 cum
284 1914 345 1948 lin.
375 1921 507 1949 transv.
533 1918 568 1949 in
596 1917 662 1951 litt.
686 1930 709 1963 p
737 1918 1015 1964 (perremiserat)
1042 1918 1118 1960 M'd,
1156 1927 1228 1951 non
1253 1917 1386 1951 Furiae
1409 1927 1475 1963 per
1503 1927 1540 1950 se
1568 1916 1676 1950 miso-

180 1967 256 1994 rat:
287 1969 482 1997 correctum
510 1965 601 1998 inest
633 1965 671 1999 G.
770 1967 913 2000 misensi
939 1966 1003 2000 Ma.
1107 1967 1161 2001 16.
1200 1978 1277 1999 cum
1305 1965 1425 2010 quibus
1451 1963 1559 2000 GMat
1586 1975 1674 2008 eum,

181 2009 298 2054 quibus
324 2011 365 2045 Α.
425 2012 608 2046 scithinum
634 2013 697 2056 Ma,
725 2015 918 2058 scythinum
945 2014 993 2049 G:
1022 2016 1175 2049 correxit
1204 2015 1359 2060 Lipsius.
1419 2013 1475 2050 17.
1503 2012 1677 2048 triarchas

183 2057 256 2092 Ma:
287 2058 313 2093 G
339 2060 563 2095 trierarchos.
644 2061 696 2098 18.
722 2068 817 2096 mest.
845 2062 910 2097 Ma.

181 2176 235 2209 ius
258 2179 432 2220 tamquam
452 2178 634 2221 praecipui
656 2178 696 2212 H.
719 2179 732 2212 1
753 2181 775 2215 2
795 2179 888 2213 facta

180 2225 312 2257 mentio
341 2229 406 2258 est.

249 2272 339 2305 unde
364 2273 419 2306 illi
447 2296 484 2301 —
511 2276 656 2320 propior
680 2276 727 2309 ad
751 2276 885 2320 fallen-

959 2179 1055 2212 mine
1090 2183 1172 2213 ante
1207 2180 1347 2223 posito,
1393 2179 1443 2213 ita
1483 2183 1602 2213 tamen
1638 2182 1677 2213 ut

959 2238 1074 2261 rerum
1102 2228 1255 2272 scriptor
1276 2238 1348 2262 non
1362 2237 1486 2262 verum
1497 2226 1676 2262 Neronem

958 2276 1021 2310 sed
1051 2276 1178 2310 falsum
1205 2276 1385 2323 designet,
1416 2286 1495 2310 cum
1522 2276 1582 2311 isti
1606 2285 1676 2310 no-
1705 2314 1707 2316 ¹

181 2319 257 2353 dum
278 2321 380 2364 sides.-
400 2321 649 2357 Doederlinius
676 2323 888 2360 ἀσύνδετον

180 2367 275 2401 dedit
302 2375 473 2404 commate
500 2374 614 2415 posito
642 2377 723 2406 ante
750 2373 797 2406 ad
813 2373 888 2418 sal-

181 2415 349 2450 lendum.-
387 2419 448 2452 sed
498 2425 598 2453 vetus
639 2421 803 2454 iunctura
851 2427 887 2455 et

182 2466 367 2509 perspicua
404 2471 438 2499 et
479 2469 622 2513 antiqua
656 2469 886 2513 simplicitate

182 2514 426 2555 praestantior.
457 2515 555 2550 Fides
575 2516 607 2550 h.
627 2516 648 2550 l.
674 2523 727 2550 est
756 2518 791 2551 id
817 2528 886 2563 quo

182 2560 267 2594 fides
296 2561 447 2595 efficitur
473 2564 777 2611 (Beqlaubiqtcny).

252 2608 406 2653 spoliatis
431 2614 704 2657 negotiatoribus
738 2635 783 2640 —
822 2627 888 2648 ar-

181 2659 310 2690 mavit:
352 2659 441 2702 apud
469 2662 711 2706 negotiatores
748 2667 783 2695 et
809 2674 888 2697 ser-

181 2715 244 2737 vos
272 2710 307 2738 et
334 2709 518 2749 pecuniam
534 2709 790 2753 deprehendit3
819 2713 887 2744 iam

183 2753 290 2797 igitur
318 2754 596 2790 valentissimum
630 2768 806 2803 quemque
845 2770 889 2793 ex

184 2803 367 2845 mancipiis
393 2814 528 2838 armare
555 2806 681 2849 potuit.

267 2849 426 2893 dextras,
455 2854 665 2887 concordiae
702 2854 886 2899 insiqnia:

186 2896 231 2928 cf.
261 2896 300 2930 H.
329 2896 344 2930 1
372 2899 429 2932 54.

256 2943 340 2987 Gap.
365 2945 398 2980 9.
442 2947 471 2980 is
498 2949 535 2980 in
561 2950 768 2984 maestitiam
793 2961 890 2984 corn-

185 2990 332 3034 positus.-
368 2994 397 3026 is
422 2995 552 3037 pendet
578 3008 621 3030 ex
646 2998 796 3033 Neronis
822 3008 890 3032 no-

958 2335 1079 2358 varum
1107 2335 1223 2358 rerum
1261 2325 1422 2359 fautores
1449 2334 1574 2359 verum
1601 2324 1676 2360 Ne-

957 2384 1077 2407 ronem
1102 2373 1229 2408 adesse
1256 2373 1443 2408 dixissent.
1471 2373 1676 2408 flocminus

958 2426 1123 2456 accurate
1150 2433 1170 2455 a
1193 2421 1314 2456 Tacito
1341 2422 1547 2456 institutum
1569 2421 1676 2456 vide-

957 2476 1024 2505 tur.
1076 2470 1277 2504 Praestaret
1314 2470 1410 2504 haud
1442 2469 1550 2504 dubie
1590 2470 1676 2516 ipse,

957 2524 995 2551 ut
1021 2520 1197 2553 contraria
1221 2519 1484 2552 enuntiatorum
1506 2517 1676 2552 luculen-

957 2568 1027 2600 tius
1054 2568 1357 2611 perspicerentur.
1411 2565 1594 2601 Satellites
1619 2566 1675 2601 illi

950 2615 1109 2649 ‘Neronis
1127 2615 1343 2650 trierarchos
1371 2626 1417 2650 ex
1434 2614 1585 2649 navibus
1601 2616 1676 2649 suis

959 2665 1093 2698 accitos
1134 2663 1177 2698 ad
1218 2663 1397 2698 Neronem
1445 2661 1675 2708 personatum

959 2712 1190 2747 adduxerunt.
1225 2712 1309 2746 Tum
1335 2714 1413 2757 ipse
1440 2712 1525 2757 quid
1554 2717 1676 2746 tenta-

957 2761 1049 2794 verit
1078 2765 1252 2795 narratur.
1317 2760 1383 2795 Illa
1406 2761 1510 2805 fidem
1535 2771 1678 2794 suorum

958 2809 1130 2853 quondam
1169 2809 1316 2843 militum
1356 2810 1527 2843 invocans
1575 2810 1676 2843 acci-

962 2857 1090 2900 pienda
1115 2862 1197 2891 sunt
1231 2857 1275 2891 de
1311 2857 1494 2902 colloquio
1521 2858 1675 2892 Neronis

960 2909 995 2938 et
1009 2905 1296 2947 trierarchoru'm‚
1323 2909 1362 2938 ut
1386 2906 1579 2952 sequentia
1607 2905 1676 2940 do-

961 2958 1066 2995 cent,
1093 2964 1163 2987 non
1192 2953 1236 2987 de
1261 2963 1426 2988 sermone
1453 2954 1496 2989 ad
1525 2953 1676 2990 classia-

960 3001 1031 3034 rios
1059 3003 1154 3045 ipsos
1185 3001 1320 3036 habito.
