1768 3216
42 617 134 674 ,15

759 203 848 240 Cu.
879 205 1033 241 14-15.

145 319 303 373 raptus.
361 318 450 362 Nec
481 332 603 363 arare
642 324 797 363 terram
835 326 905 363 aut
944 326 1168 376 expectare
1205 334 1357 364 annum
1394 325 1477 365 tam
1518 322 1644 364 facile

144 395 406 448 persuaseris
437 406 557 448 quam
586 407 744 438 vocare
774 395 937 438 hostem
968 401 1009 437 et
1039 397 1210 439 vulnera
1240 397 1410 439 mereri.

1475 396 1642 452 Pigrum

145 469 247 523 quin
289 469 415 511 immo
457 473 499 510 et
538 469 652 511 iners
695 470 858 512 videtur
898 472 1054 514 sudore
1096 472 1319 526 adquirere
1356 471 1467 525 quod
1504 473 1644 526 possis

138 542 352 599 sauguine
379 556 544 598 parare.

280 617 483 675 Quotiens
515 617 624 659 bella
651 629 735 659 non
766 618 933 671 ineunt,
975 619 1141 662 multum
1166 620 1408 672 venatibuS,
1447 620 1539 675 plus
1567 633 1672 675 pers

143 692 271 734 otium
297 692 557 747 transigunt,
595 692 726 734 dediti
757 705 907 735 somno
938 694 1143 748 ciboque,
1183 695 1435 737 fortissimus
1466 695 1641 749 quisque

143 778 195 809 ac
220 765 568 809 bellicosissimus
599 767 702 808 nihil
731 779 889 822 agens,
931 768 1123 823 delegata
1162 769 1309 811 domus
1352 774 1394 812 et
1431 770 1641 824 penatium

141 845 187 883 et
212 853 409 897 agrorum
451 854 552 884 cura
590 842 758 883 feminis
805 842 1059 896 senibusque
1090 848 1131 885 et
1160 844 1440 886 infirmissimo
1490 845 1641 899 cuique

142 927 198 958 ex
226 915 406 958 familia:
436 916 516 970 ipsi
544 915 719 969 hebent,
749 917 855 958 mira
887 917 1129 959 diversitate
1161 923 1359 971 naturae,
1393 931 1484 960 cum
1515 919 1640 961 iidem

142 989 336 1033 homines
366 990 431 1032 sic
474 994 614 1032 ament
651 990 843 1032 inertiam
886 995 928 1032 et
971 991 1137 1032 oderint
1181 992 1375 1044 quietem.

1443 992 1535 1045 Mos
1580 996 1643 1034 est
1657 1003 1694 1034 to

83 1101 86 1104 Α
141 1064 383 1108 civitatibus
410 1064 521 1106 ultro
552 1077 603 1107 ac
632 1064 786 1106 viritim
822 1065 1019 1108 conferre
1048 1065 1304 1119 principibus
1332 1066 1400 1108 vel
1427 1071 1643 1109 armento-

276 1214 314 1250 3.
336 1214 437 1258 ,quin
459 1213 528 1246 imo
558 1211 595 1246 P.

139 1262 175 1297 6.
203 1262 318 1296 acinam
340 1261 379 1298 P.
461 1261 497 1297 8.
527 1261 691 1306 foeminis
716 1260 754 1296 P.

140 1315 177 1345 et
202 1310 278 1346 alii.

138 1444 229 1479 levit
251 1444 415 1490 Lipsius,
456 1445 557 1478 nisus
589 1443 654 1477 illo
689 1443 854 1478 Caesaris

136 1493 180 1528 B.
215 1493 256 1528 G.
292 1493 341 1527 Vl
365 1493 437 1527 21:
492 1494 567 1526 vita
600 1493 856 1527 Germanorum

138 1543 252 1576 omnis
275 1542 315 1576 in
329 1542 573 1576 venationibus
599 1547 702 1585 atque
727 1542 765 1574 in
779 1547 855 1575 stu-

138 1590 207 1625 diis
230 1591 286 1625 rei
311 1589 458 1624 bellicae
485 1591 712 1624 consumitur.
757 1589 854 1623 Idem

137 1637 190 1673 lv
210 1640 246 1673 1:
280 1638 425 1673 multum
449 1644 529 1672 sunt
556 1638 707 1684 (Suevi)
729 1639 767 1671 in
792 1650 854 1671 ce-

137 1687 351 1721 nacionibus.
376 1686 486 1721 Aliud
509 1697 553 1720 ac
568 1686 724 1721 validius
742 1686 854 1730 Lipsii

138 1739 389 1782 argumentum
413 1736 452 1769 in
477 1746 544 1768 usu
571 1740 607 1770 et
630 1735 769 1769 ratione
784 1744 854 1778 po.-

138 1783 247 1818 situm
291 1789 365 1818 est:
412 1785 546 1829 quippe
585 1787 712 1830 gentes
753 1794 854 1817 acres

140 1832 327 1878 feraeque,
353 1831 415 1865 uhi
441 1832 613 1866 silvarum
640 1833 757 1876 copia,
784 1842 854 1866 ve-

137 1882 238 1916 natui
277 1879 421 1915 deditae
455 1891 536 1915 esse
570 1880 701 1914 solent.
752 1880 853 1914 Addo

137 1928 230 1973 boc,
262 1929 307 1964 ab
332 1930 411 1973 ipso
439 1929 562 1963 Tacito
599 1928 667 1975 (lv
694 1929 758 1975 72)
793 1929 853 1961 in-

136 1979 291 2024 ,φαείνω
337 1977 518 2012 beluarum
564 1979 704 2022 feraces
743 1977 853 2011 saltus

137 2026 232 2072 apud
258 2026 477 2070 Germanos,
504 2026 570 2061 sed
593 2026 733 2060 modica
762 2025 854 2059 domi

136 2081 300 2110 armenta
336 2074 439 2110 tradi.
490 2074 584 2109 lllud
616 2074 709 2108 nibil
743 2086 852 2119 agens

137 2123 418 2170 intelligendum
445 2122 489 2157 de
515 2133 625 2168 opere
651 2122 850 2158 domestico

138 2177 174 2207 et
198 2173 357 2218 agresti,
400 2181 472 2205 non
506 2171 551 2206 de
585 2177 729 2206 venatu.
782 2171 852 2206 Sed

137 2232 182 2255 ex
210 2220 477 2254 recentioribus
504 2219 610 2253 huius
645 2220 851 2263 scriptionis

139 2267 397 2312 interpretibus
434 2267 537 2301 multi
562 2266 685 2301 dicunt
711 2267 847 2301 Caesa-

136 2326 213 2351 rem
243 2315 476 2360 Tacitumque
518 2315 663 2349 diversa
710 2316 850 2349 tradere

137 2364 183 2400 de
209 2364 333 2399 eadem
359 2374 399 2397 re
423 2373 551 2407 posse:
578 2368 726 2418 possunt
751 2373 849 2404 sane,

128 2413 202 2448 -sed
226 2412 323 2447 credi
358 2413 484 2456 nequit
522 2422 585 2446 eos
616 2412 652 2444 in
691 2410 758 2445 hac
797 2421 848 2453 re,

137 2472 230 2508 quae
264 2465 334 2495 tam
370 2460 480 2501 facile
506 2459 684 2504 explorari
720 2460 848 2503 potuit,

136 2509 280 2545 diversa
314 2508 511 2543 rettulisse.
563 2507 751 2542 Praeterea
787 2518 848 2541 re-

135 2558 329 2604 putandum
348 2583 358 2600 ‚
401 2558 432 2590 si
465 2569 538 2591 non
572 2556 714 2591 multum
756 2556 850 2600 apud

134 2606 292 2642 Tacitum
319 2605 494 2651 legamus,
524 2616 604 2639 eum
621 2606 680 2650 qui
697 2604 847 2649 primum

136 2655 180 2690 de
206 2654 461 2689 Germanorum
487 2653 643 2687 moribus
669 2654 847 2696 exposuit,

135 2698 409 2746 verasaherum
428 2703 487 2746 qui
506 2701 625 2735 multis
646 2702 747 2735 annis
766 2707 851 2745 post

134 2751 228 2786 idem
245 2755 493 2796 argumentum
507 2749 615 2796 longe
630 2749 849 2795 deligentius

136 2805 172 2834 et
200 2799 343 2844 plenius
365 2798 530 2832 tractavit
547 2799 679 2843 quique
696 2799 848 2831 certiora

135 2849 263 2883 afferre
295 2847 435 2891 potuit,
485 2851 546 2879 aut
582 2846 673 2879 salsa
710 2851 771 2879 aut
806 2857 847 2879 ea

135 2907 227 2942 quae
275 2894 410 2929 nullam
454 2893 716 2939 probabilitatis
762 2905 848 2938 spe-

135 2947 228 2981 ciem
266 2943 416 2988 babent,
456 2953 631 2978 narrasse.
693 2941 767 2977 Alii
803 2942 848 2976 de

719 1212 874 1265 adqrere
902 1213 940 1246 P.
1066 1214 1101 1248 5.

853 1261 887 1297 9.
916 1261 1047 1295 habent
1071 1261 1117 1294 P.
1140 1261 1266 1296 hebent
1290 1273 1334 1296 ex
1365 1263 1543 1297 Vaticanis
1569 1268 1641 1298 tres

362 1311 455 1345 mira
480 1310 688 1344 diversitate
718 1311 886 1355 (utrique
912 1320 996 1345 voc.
1024 1320 1201 1355 superscr.
1231 1310 1274 1344 ab
1301 1310 1347 1344 al.
1374 1322 1421 1345 m.
1446 1314 1495 1358 m)
1521 1311 1559 1346 P.

1135 1224 1208 1248 non
1232 1213 1375 1248 multum
1400 1213 1426 1247 P
1451 1219 1487 1248 et
1513 1215 1638 1249 ceteri.

923 1442 1209 1478 bellicosissimis
1236 1444 1326 1479 haec
1344 1444 1414 1479 dici
1441 1450 1540 1480 recte
1553 1447 1634 1481 ani..

923 1492 1190 1527 madvertentes
1207 1520 1216 1536 ,
1254 1493 1319 1527 hos
1355 1505 1375 1527 a
1402 1500 1534 1528 venatu
1560 1496 1638 1530 fere

924 1540 1164 1583 abstinuisse,
1199 1541 1476 1576 infirmissimum
1509 1555 1637 1589 quem-

924 1600 994 1634 que
1030 1591 1063 1624 ei
1111 1592 1261 1636 negotio
1308 1601 1452 1635 operam
1495 1592 1636 1627 dedisse

925 1643 1061 1682 putant.
1089 1639 1160 1673 Sed
1185 1649 1304 1673 rursus
1333 1639 1428 1673 credi
1455 1650 1526 1674 non
1551 1646 1636 1686 pot-

925 1691 978 1720 est
1005 1686 1218 1721 fortissimos
1245 1688 1288 1721 ab
1321 1698 1430 1732 opere
1464 1690 1550 1722 viris
1579 1690 1633 1724 rei

922 1733 1079 1769 bellicae
1109 1736 1278 1770 studiosis
1315 1737 1524 1782 dignissimo
1551 1738 1635 1772 abs-

922 1784 1075 1817 tinuisse
1111 1789 1146 1818 et
1181 1785 1290 1830 vulgo
1329 1784 1420 1819 hanc
1462 1796 1536 1819 rem
1569 1787 1635 1820 de-

923 1831 1088 1877 legasse,
1129 1833 1226 1878 quod
1251 1834 1366 1877 ipsum
1392 1839 1528 1879 pugnat
1555 1846 1635 1868 cum

922 1880 1035 1914 'l'aciti
1074 1882 1206 1915 verbis.
1268 1881 1354 1915 Nam
1396 1882 1635 1917 infirmissimo

923 1929 1054 1974 cuique
1103 1941 1145 1964 ac
1183 1929 1330 1963 senibus
1378 1940 1448 1964 non
1483 1937 1634 1965 venatus

924 1987 1008 2011 cura
1041 1977 1105 2012 sed
1141 1977 1266 2011 domus
1309 1983 1343 2011 et
1379 1980 1562 2023 penatium
1600 1985 1635 2014 et

922 2036 1089 2071 agrorum
1111 2025 1279 2072 delegata
1304 2032 1392 2061 erat.
1438 2027 1576 2073 ltaque,
1604 2030 1634 2062 si

923 2079 1085 2108 tenemus
1119 2086 1190 2108 non
1227 2074 1372 2109 mullum
1392 2102 1402 2118 ,
1449 2077 1632 2122 ingentem

921 2123 1077 2157 ferarum
1102 2122 1378 2166 multitudinem,
1406 2135 1493 2169 quas
1519 2125 1634 2159 silvae

922 2171 1159 2206 Germanicae
1181 2172 1338 2213 alebant,
1364 2183 1527 2206 securam
1555 2174 1632 2207 sere

921 2222 1145 2264 otiosamque
1170 2219 1263 2263 apud
1280 2219 1472 2253 Germanos
1490 2220 1632 2266 degisse

920 2268 1060 2301 Tacitus
1090 2268 1282 2301 enarravit.
1337 2268 1454 2300 Verbo
1495 2270 1632 2302 moneri

920 2314 1077 2349 sufficiet
1101 2315 1248 2356 Persas,
1277 2325 1424 2359 quorum
1452 2325 1569 2349 mores
1595 2318 1631 2350 in

920 2364 1042 2396 multis
1087 2363 1192 2396 rebus
1238 2362 1456 2396 Germanicis
1494 2364 1631 2398 similes

919 2415 1021 2453 sunt,
1047 2411 1138 2445 nulli
1165 2412 1216 2445 rei
1243 2413 1356 2454 inagis
1385 2423 1489 2456 quain
1516 2423 1630 2446 vena-

918 2460 1076 2493 tionibus
1117 2469 1261 2504 operam
1298 2460 1453 2494 dedisse.
1506 2459 1629 2506 Origi-

918 2519 1000 2541 nem
1019 2508 1097 2541 vitii
1123 2512 1295 2542 monstrat
1315 2508 1395 2542 libri
1410 2508 1435 2542 P
1452 2509 1626 2552 scriptura

917 2563 966 2589 ηδ
991 2556 1127 2590 mulcti.-
1168 2557 1300 2602 quippe
1335 2563 1384 2590 ηῦ
1419 2561 1537 2590 natum
1575 2562 1628 2590 est

919 2616 964 2638 ex
991 2604 1112 2639 littera
1136 2617 1170 2638 m
1197 2615 1382 2649 perperam
1414 2606 1579 2649 repetita.

1003 2703 1166 2745 conferre
1198 2701 1416 2746 principibus
1459 2699 1514 2734 cel
1561 2710 1626 2734 ar-

917 2755 1111 2782 mentorum
1148 2749 1202 2781 tel
1227 2750 1388 2793 fruyum:
1422 2749 1532 2792 partis
1557 2759 1626 2782 no-

918 2798 1052 2830 tionem
1079 2797 1295 2840 praepositio
1317 2796 1428 2830 verbo
1453 2798 1626 2842 suppedi-

919 2850 991 2886 tat,
1026 2850 1061 2877 et
1087 2845 1249 2887 conferre
1277 2855 1371 2878 nunc
1405 2844 1498 2879 idem
1521 2843 1626 2891 ;qu0d

919 2894 1053 2927 Graece
1089 2892 1352 2939 ’μεταδιδόναι
1394 2898 1471 2930 τινί
1509 2906 1623 2934 τινος.

917 2941 1079 2975 Liberius
1117 2939 1207 2975 illud
1239 2941 1334 2988 quod
1373 2940 1526 2990 legimus
1559 2942 1625 2978 XV
