1768 3216
712 231 801 269 CAr.
828 235 986 271 29-30.
1546 236 1594 269 49

102 348 388 403 promotisque
444 351 667 404 praesidiis
721 352 837 394 sinus
895 351 1059 406 imperii
1109 354 1150 392 et
1203 362 1300 404 pars
1350 350 1594 405 provinciae

101 419 319 464 habentur.

34 497 93 538 30
238 497 351 540 Ultra
381 498 461 540 hos
490 498 623 540 Chatti
653 500 812 541 initium
830 500 945 542 sedis
963 500 1014 541 ab
1031 500 1242 554 Hercynio
1258 499 1364 541 saltu
1381 499 1595 552 inchoant,

103 581 190 612 non
219 571 275 613 ita
307 570 451 614 effusis
492 586 541 615 ac
580 573 830 627 palustribus
861 574 967 615 locis
1009 578 1054 615 ut
1097 578 1264 615 ceterae
1313 574 1502 616 civitates
1551 574 1594 614 in

104 654 207 699 quas
238 645 460 689 Germania
490 649 687 702 patescit3
718 648 869 691 durant
898 648 1103 702 siquidem
1148 648 1277 690 colles
1316 648 1629 702 paulatimque&

102 723 338 772 rarescunt,
369 724 410 761 et
439 720 609 763 Chattos
640 735 741 764 suos
770 722 898 764 saltus
928 723 1160 776 Hercynius
1189 723 1454 776 prosequitur
1473 721 1597 764 simul

102 804 153 834 ac
177 793 361 848 deponit.
422 796 600 838 Duriora
632 798 749 851 genti
766 809 959 851 corpora,
990 797 1124 838 stricti
1141 801 1270 849 artus,
1301 797 1443 838 minax
1460 796 1594 838 vultus

101 870 143 909 et
167 867 303 910 maior
332 869 459 911 animi
487 871 625 925 vigor.
683 871 877 924 Multum,
913 875 958 912 ut
997 871 1105 913 inter
1135 871 1390 923 Germanos,
1421 871 1595 913 rationis

103 951 158 982 ao
185 941 424 984 sollertiae:
461 956 724 997 praeponere
755 945 939 997 electos,
971 945 1118 986 audire
1148 946 1436 999 praepositOS‚
1468 957 1594 987 nosse

101 1013 300 1070 ordines,
335 1015 583 1072 intellegere
621 1019 895 1071 occasiones,
935 1018 1106 1061 differre
1140 1019 1340 1073 impetus,
1371 1019 1649 1072 disponerem

101 1089 238 1142 diem,
277 1090 436 1133 vallare
465 1096 654 1145 noctem,
688 1094 896 1135 fortunam
925 1094 1034 1135 inter
1063 1093 1218 1146 dubia,
1265 1094 1456 1135 virtutem
1488 1094 1596 1134 inter

101 1167 218 1206 certa
244 1176 482 1219 numerare,
515 1167 709 1221 quodque
735 1168 995 1209 rarissimum
1025 1180 1104 1210 nec
1134 1167 1218 1210 nisi
1251 1168 1415 1209 ratione
1462 1167 1598 1209 disci-

233 1338 269 1372 3.
297 1339 383 1372 catti
410 1337 448 1380 t’,
472 1348 554 1372 mox
580 1345 702 1382 cattos,
730 1340 844 1382 cattis,
871 1345 1043 1374 cattorum
1069 1343 1138 1373 cet.

264 1385 388 1420 reboat
411 1385 437 1420 P
464 1387 654 1432 (scriptum
680 1388 778 1432 prius
804 1393 880 1422 erat
908 1388 1074 1432 roboae).

294 1434 532 1479 paulatimque
559 1437 668 1470 tacite
694 1436 887 1470 Rhenanus
914 1447 946 1470 a.
978 1437 1090 1471 ¹533:
1118 1435 1262 1470 codices
1287 1435 1470 1481 paulatim.
1558 1436 1578 1469 7

99 1395 118 1417 e
142 1382 182 1418 P:

99 1443 145 1466 ex
169 1444 199 1466 s.

1229 1338 1390 1383 hircynio
1415 1349 1593 1383 superscr.

1172 1388 1207 1422 5.
1234 1387 1347 1421 dur-ds
1371 1386 1396 1420 P
1422 1391 1556 1421 mutato
1582 1392 1595 1420 t

97 1492 144 1515 ac
166 1490 344 1525 superscr.
371 1483 416 1517 ab
439 1483 512 1518 alia
536 1495 642 1518 manu
667 1490 770 1530 atque
796 1485 844 1518 P:
871 1491 973 1530 atque
999 1484 1123 1519 ceteri.
1176 1483 1211 1519 9.
1239 1484 1405 1518 solertiae
1429 1483 1465 1517 Ρ.
1538 1460 1593 1518 10]

96 1529 295 1575 intelligere
320 1531 357 1565 P.

100 1694 213 1725 mutes
248 1701 355 1737 agros
389 1699 582 1736 exercent3
625 1694 722 1728 ultra
760 1700 814 1729 est

100 1738 208 1782 paulo
234 1739 380 1786 longius
405 1752 427 1774 a
463 1742 542 1786 ripa
570 1742 715 1785 Rheni,
756 1745 813 1777 cui

100 1788 254 1831 proximi
281 1788 488 1823 decumates
515 1791 606 1836 agri.
661 1789 815 1825 Chatto-

101 1845 178 1869 rum
205 1835 310 1871 sedes
343 1837 405 1871 ubi
446 1849 541 1872 nunc
566 1850 718 1885 magnus
744 1840 813 1874 du-

100 1888 200 1917 catus
253 1888 290 1919 et
338 1886 558 1931 principatus
609 1888 811 1931 Hassorum,

101 1942 249 1976 quorum
265 1943 394 1968 nomen
415 1945 436 1968 a
452 1935 590 1969 Chattis
606 1936 810 1980 deductum,

99 1980 150 2014 ita
174 1985 291 2016 tamen
318 1987 357 2016 nt
382 1984 494 2028 ipsam
519 1985 632 2028 ripam
658 1995 729 2019 non
753 1990 811 2020 at-

100 2029 294 2076 tingerent.

172 2101 303 2136 durant
334 2102 503 2147 siquidem
538 2104 644 2146 colles
678 2104 809 2151 paula·
826 2126 836 2132 -

98 2149 227 2194 {imque
248 2158 456 2186 rarescunt.-
486 2152 579 2186 haud
593 2153 702 2187 dubie
715 2165 812 2199 pau-

98 2196 264 2243 latimque
282 2210 303 2233 a
315 2199 489 2234 Rhenano
506 2211 591 2234 vere
611 2207 810 2235 correctum

99 2250 175 2280 est:
198 2247 411 2284 ἀσύνδετον
436 2250 532 2282 enini
552 2250 752 2297 (paulatim)
776 2251 811 2283 in

99 2296 285 2329 enuntiato
319 2306 389 2328 non
430 2297 611 2340 pendente
650 2298 743 2332 bene
772 2309 811 2331 se

100 2340 267 2386 liaberet,
305 2349 386 2387 post
422 2345 592 2388 siquidem
627 2345 712 2379 ferri
739 2356 811 2379 non

98 2394 230 2433 potest.
278 2391 430 2426 Accedit
457 2392 551 2437 quod
577 2392 645 2426 hoc
671 2404 812 2427 sermo-

98 2439 156 2471 nis
194 2439 388 2473 membrum
422 2439 617 2484 respondet
648 2443 811 2486 proximo

96 2488 320 2532 prosequitur
340 2489 443 2522 simul
468 2500 513 2522 ac
537 2488 689 2534 deponit,
716 2489 811 2524 unde

98 2536 286 2581 utriusque
326 2537 454 2571 similis
496 2541 674 2572 structura
712 2538 809 2572 desi-

98 2583 253 2618 dei-atur.

170 2660 202 2688 et
230 2654 375 2688 Chattos
404 2677 446 2682 --
475 2657 640 2701 deponit.-
674 2656 718 2690 de
744 2666 811 2689 usu

99 2701 296 2746 particulae
334 2709 365 2736 et
404 2702 477 2737 dixi
517 2704 561 2737 ad
595 2705 636 2738 ll.
681 2704 709 2737 V
750 2706 808 2740 22.

98 2749 256 2794 Deponit
297 2749 446 2784 Chattos
488 2751 579 2786 silva
631 2751 810 2796 Hercynia

98 2797 142 2832 ad
167 2798 313 2832 fluvium
340 2799 512 2833 Werrain.

172 2870 320 2903 duriora
356 2871 453 2915 genti
487 2881 660 2915 corpora,
697 2873 812 2906 stricti

101 2922 220 2951 artus:
262 2919 298 2951 in
333 2919 463 2952 ceteris
497 2918 812 2966 Germanis411uoea

102 2977 255 3013 corpora
298 2971 334 3000 et
375 2971 510 3000 tantum
554 2965 597 3001 ad
640 2968 811 3012 impetum

209 3051 333 3081 Tacitus
355 3051 409 3082 tv.

436 1533 491 1567 12.
518 1544 689 1567 romanae
714 1544 890 1578 superscr.
918 1533 962 1567 ab
989 1532 1036 1567 al.
1062 1543 1109 1566 m.
1134 1531 1208 1565 ‘vel
1234 1531 1383 1566 ratione'
1411 1532 1447 1565 P.

883 1694 1001 1728 valida
1041 1695 1181 1728 notavit
1221 1693 1281 1728 hic
1319 1699 1441 1728 noster
1477 1694 1519 1729 Η.
1560 1694 1592 1729 11

881 1744 941 1786 32,
972 1742 1012 1776 G.
1038 1746 1073 1778 4.

952 1825 1054 1848 nosse
1095 1814 1236 1848 ordines
1273 1814 1429 1862 (kennen
1464 1815 1591 1859 Ranq·

880 1864 1013 1907 stufen)
1029 1874 1042 1895 .·
1068 1867 1123 1896 est
1150 1862 1376 1911 ἐπεξήγησις
1400 1863 1591 1897 verborum

877 1922 1099 1957 praeponere
1114 1933 1159 1938 -
1169 1914 1400 1957 praepositos.
1440 1911 1592 1946 Verbum

880 1970 981 1993 nosse
1014 1959 1087 1992 noli
1131 1962 1365 1994 commiscere
1407 1971 1486 1993 cum
1524 1971 1593 1993 no..

880 2019 1002 2050 scere,
1034 2008 1135 2041 cuius
1160 2007 1232 2042 alia
1258 2010 1313 2042 vis
1340 2014 1402 2053 est
1424 2008 1464 2041 Η.
1493 2007 1507 2041 1
1532 2008 1592 2050 68,

879 2055 911 2090 11
934 2057 994 2098 93,
1018 2061 1057 2089 ut
1082 2057 1253 2090 monitum
1277 2056 1321 2090 ad
1347 2056 1389 2090 11.
1418 2057 1432 2090 1
1459 2057 1519 2103 68.

954 2127 1138 2173 disponere
1153 2128 1255 2171 diem,
1278 2127 1415 2161 vallare
1437 2134 1591 2162 noctem:

880 2176 1040 2211 breviter
1066 2177 1157 2211 haec
1174 2176 1338 2211 elocutus
1365 2182 1419 2209 est
1445 2176 1592 2221 pro‘di-

881 2236 970 2258 urno
1032 2229 1191 2270 ternpore
1243 2225 1422 2258 exercitus
1474 2230 1591 2268 partes

882 2275 973 2317 aptis
1001 2272 1092 2306 locis
1119 2274 1331 2317 disponere,
1361 2277 1465 2305 nocte
1492 2272 1590 2305 mili-

883 2326 952 2354 tem
983 2323 1108 2354 castris
1136 2326 1171 2354 et
1196 2320 1292 2353 vallo
1320 2318 1529 2353 continere'.

960 2392 1101 2424 ratione
1142 2390 1369 2434 disciptinae.-
1411 2389 1591 2423 Fontanus

881 2438 916 2470 in
945 2440 1146 2485 ἀρχετύπῳ
1172 2443 1292 2471 notam
1320 2438 1420 2483 legit,
1448 2437 1590 2471 dubiam

882 2491 918 2519 ct
946 2489 1118 2521 incertam
1146 2488 1239 2521 inter
1254 2487 1437 2521 Romanae
1464 2491 1500 2520 et
1524 2498 1590 2519 ra-

881 2535 986 2579 tione,
1024 2541 1062 2569 ut
1090 2547 1135 2570 ex
1167 2535 1392 2580 superposita
1426 2534 1591 2568 admoni-

881 2584 979 2618 tione
1006 2584 1232 2630 intelligitur.
1290 2584 1418 2617 Verum
1451 2584 1589 2616 ratione

880 2634 1060 2666 sententia
1102 2632 1270 2676 postulat.
1322 2632 1407 2665 Nam
1446 2632 1474 2663 si
1518 2639 1588 2662 non

880 2679 995 2714 solum
1037 2681 1186 2714 Romani
1228 2680 1291 2713 sed
1325 2681 1430 2712 etiam
1470 2677 1588 2710 Chatti

880 2728 959 2772 plus
1004 2729 1038 2762 in
1078 2729 1169 2762 duce
1203 2731 1379 2771 reponunt
1413 2736 1516 2769 quam
1552 2726 1588 2758 in

880 2777 1054 2818 exercitu,
1082 2775 1259 2821 quomodo
1289 2774 1356 2807 hoc
1390 2773 1449 2805 uni
1476 2772 1588 2806 disci-

881 2824 1002 2867 plinae
1043 2824 1223 2856 Romanae
1259 2831 1467 2856 concessum
1508 2832 1588 2854 esse

880 2874 955 2905 inre
981 2871 1050 2904 dici
1078 2870 1237 2914 poterit?
1261 2869 1451 2903 Ablativus
1474 2868 1589 2902 deno-

880 2925 930 2953 tat
972 2918 1005 2952 id
1042 2918 1134 2952 unde
1172 2917 1308 2963 aliquid
1345 2919 1589 2962 consequitur,

881 2967 915 3003 li.
944 2978 976 3002 e.
1004 2967 1146 3001 ratione
1181 2966 1340 3001 adhibita
1374 2965 1417 3000 ab
1458 2966 1503 2999 iis
1529 2966 1591 3012 qui

1363 3032 1392 3075 4
