1768 3216
755 248 844 286 cst.
871 249 1027 287 22-24-
1558 244 1636 285 »181

78 330 102 339 ,,
135 258 269 357 [αἵ.
305 283 553 317 “U“A'W

24 355 392 424 2³·5'ssssmerectus,
421 367 706 422 incorruptum
736 368 839 410 facti
867 372 1016 409 testem
1046 366 1237 410 habebat.
1287 328 1410 421 Apud
1439 365 1642 421 quosdam

140 442 338 485 acerbior
371 442 414 483 in
446 443 653 484 conviciis
690 442 969 495 narrabatur,
998 445 1044 483 ut
1086 446 1177 484 erat
1216 441 1349 483 comis
1383 441 1535 494 bonis,
1581 440 1640 485 ita

144 516 347 559 adversus
379 516 511 559 malos
538 517 803 561 iniucundus,
880 516 1071 559 Ceterum
1101 529 1153 559 ex
1182 515 1399 558 iracundia
1426 513 1531 556 nibil
1566 526 1643 557 su-

141 595 340 647 pererat3
376 596 586 634 secretum
617 597 660 633 et
687 592 894 635 silentium
925 592 1015 634 eius
1046 603 1129 633 non
1160 590 1342 633 timeres.
1416 589 1640 632 Honestius

138 666 308 722 putabat
339 665 556 709 offendere
586 678 707 722 quam
738 668 895 710 odisse.
1654 670 1676 702 ὅ

271 741 427 792 Quarta
458 746 597 783 aestas
625 742 864 784 obtinendis
897 753 1004 796 quae
1029 743 1295 795 percurrerat
1323 739 1557 793 insumpta3
1587 749 1638 780 ac

141 815 179 858 si
206 815 339 858 virtus
369 817 626 859 exercituum
656 821 697 858 et
727 817 903 864 Romani
933 816 1113 859 nominis
1145 815 1282 871 gloria
1310 817 1535 869 pateretur,
1566 812 1639 854 in-

139 893 288 932 ventus
327 890 372 932 in
411 890 500 945 ipsa
539 891 752 932 Britannia
793 891 1005 939 terminus,
1039 891 1178 932 -Nam
1205 888 1325 961 Clota
1367 892 1410 929 et
1430 887 1635 948 B9d9tria

141 963 299 1006 diversi
328 964 455 1006 maris
486 965 670 1006 aestibus
697 977 774 1021 per
805 965 1048 1007 immensum
1075 967 1292 1015 revectae,
1321 950 1510 1017 angusto
1550 965 1642 1003 ter-

139 1049 280 1081 rarum
324 1039 459 1093 spatio
504 1039 762 1080 dirimuntur.
824 1039 945 1089 Quod
980 1043 1076 1079 tum
1114 1037 1338 1092 praesidiis
1375 1036 1639 1088 firmabatur3
1658 1049 1697 1079 ιο

140 1117 265 1167 atque
294 1114 433 1164 omnis
464 1114 638 1169 propior
668 1113 785 1156 sinus
803 1113 1034 1168 tenebatur,
1066 1111 1282 1157 summotis
1301 1110 1416 1156 velut
1444 1111 1487 1152 in
1516 1109 1640 1154 aliam

70 751 130 791 23

72 1263 131 1304 24

141 1187 318 1230 insulam
347 1188 550 1231 hostibus.

278 1263 432 1312 Quinto
455 1262 765 1317 expeditionum
785 1273 895 1311 anno
912 1272 1020 1303 nave
1036 1261 1170 1315 prima
1195 1264 1484 1315 transgressus
1512 1260 1642 1316 igno-

298 1401 333 1435 2.
361 1399 535 1434 conuiuiis
560 1401 642 1443 ΓΔ,
675 1399 802 1434 sedin
828 1401 859 1434 Γ
877 1398 1027 1433 alterum
1056 1409 1081 1431 u
1106 1402 1238 1442 puncto
1262 1396 1489 1431 subnotatum
1517 1399 1553 1430 et
1578 1405 1641 1429 su..

141 1457 277 1494 persor.
306 1459 338 1482 c.

145 1543 377 1579 Puteolanus.
452 1546 486 1580 7.
512 1545 630 1590 gloria
655 1555 713 1578 om
738 1546 780 1579 Δ.

466 1454 503 1482 ut
529 1454 607 1482 erat
633 1449 739 1482 comis
764 1448 862 1482 bonis
888 1449 968 1483 TA:
989 1453 1026 1481 ut
1053 1451 1130 1480 erat
1158 1446 1255 1480 bonis
1281 1447 1388 1479 comis
1411 1444 1640 1479 Puteolanus.

140 1498 176 1532 4.
203 1502 242 1530 nt
265 1496 442 1531 silentium
466 1498 551 1532 TA:
578 1502 611 1530 et
634 1497 691 1531 sil.
719 1496 949 1579 PuteolaSnns.

1025 1495 1060 1530 6.
1084 1499 1315 1541 percurrerat
1341 1496 1426 1529 ΓΔε
1450 1503 1639 1539 praecurr.

924 1555 1072 1589 namque
1099 1545 1140 1577 Δ.
1219 1544 1275 1577 11.
1299 1543 1398 1576 sinus
1419 1543 1517 1576 sinus
1542 1546 1643 1578 tene-

144 1592 248 1628 batur
274 1593 408 1639 (altero
433 1595 531 1628 sinus
555 1595 697 1640 punctis
724 1593 892 1639 subnot.)
923 1595 962 1628 Γ.

140 1732 212 1767 cile
237 1731 448 1767 carebimus.
569 1733 698 1766 annuis
723 1733 855 1778 copiis.-

140 1780 187 1815 οἳ.
201 1781 246 1815 ad
269 1792 301 1815 c.
320 1782 366 1816 25
390 1781 491 1815 mirei
517 1782 626 1827 copiis
650 1786 682 1814 et
705 1782 854 1816 laetitia.

213 1863 280 1886 nec
301 1851 474 1897 Agricola
498 1862 595 1897 sqq.:
622 1851 856 1896 quemadmo-

139 1901 222 1935 dum
248 1911 280 1935 c.
299 1900 344 1935 19
369 1901 591 1944 provinciam
617 1900 661 1933 ab
684 1900 857 1945 Agricola

138 1947 333 1993 prudenter
367 1948 648 1982 administratam
677 1949 855 1992 exposuit,

137 1998 191 2032 sic
215 1996 286 2030 iam
314 1996 358 2031 de
375 2007 460 2031 cura
486 1997 709 2031 exercituum
730 2001 765 2030 et
787 1996 856 2030 du-

139 2045 191 2079 cis
218 2044 350 2079 officiis
373 2045 529 2080 tradidit.
644 2055 707 2079 seu
732 2050 856 2078 centu-

138 2093 194 2127 rio
210 2119 221 2136 ‚
264 2104 327 2127 seu
355 2095 583 2139 praefectus.-
623 2094 853 2127 centuriones

136 2140 306 2188 intellige
333 2141 533 2187 legionum,
557 2142 760 2186 praefectos
790 2151 855 2175 co-

138 2189 294 2224 hortium
318 2189 527 2233 socialium3
554 2189 649 2224 conf.
672 2193 792 2223 annot.
811 2189 855 2223 ad

221 2313 394 2343 secretum
433 2313 465 2341 et
500 2307 677 2341 silentium
711 2308 785 2341 eius
809 2327 856 2334 -

138 2357 273 2393 odisse:
299 2357 390 2390 haec
413 2355 557 2399 scripsit
585 2355 766 2388 diversum
793 2358 854 2388 re·-

138 2406 296 2450 spiciens
323 2405 507 2450 ingenium
533 2403 748 2445 Domitiani,
793 2402 854 2447 qui

140 2453 268 2488 eodem
300 2462 393 2486 anno
429 2461 500 2496 quo
534 2450 705 2496 Agricola
745 2461 855 2495 quar-

139 2507 210 2536 tam
238 2499 505 2545 expeditionem
535 2499 707 2543 suscepit,
737 2499 854 2542 impe-

138 2552 230 2584 rium
258 2549 408 2592 adeptus
434 2552 514 2582 est:
552 2557 632 2580 nam
663 2546 768 2580 huius
793 2557 854 2580 se-

140 2603 275 2634 cretum
293 2594 649 2642 (Versehtossenheie)
676 2599 711 2628 et
738 2593 853 2628 siten-

139 2648 249 2688 tium,
280 2645 315 2678 h.
345 2656 376 2678 e.
403 2643 492 2677 illud
519 2642 613 2687 quod
639 2652 683 2675 ex
709 2643 854 2674 iracun-

141 2694 200 2728 dia
222 2695 432 2736 supererat,
470 2691 663 2734 praecipue
689 2693 856 2723 metuen-

141 2741 223 2775 dum
249 2744 337 2774 erat.
386 2739 440 2772 De
465 2747 557 2771 voce
583 2738 712 2770 secreti
734 2737 782 2771 cf.
813 2737 857 2771 ad

142 2801 173 2823 c.
192 2788 240 2823 39
266 2792 399 2822 secreto
423 2797 484 2819 suo
513 2785 671 2819 satiatus.
706 2782 856 2819 Rothius

142 2841 179 2871 et
193 2836 373 2870 Dronkius
399 2839 569 2868 secretum
593 2842 664 2865 non
689 2842 776 2866 vere
798 2845 856 2867 se-

142 2890 241 2919 creta
266 2883 442 2928 colloquia
473 2883 760 2924 interpretantur.

218 2978 305 3026 Cap.
336 2980 394 3015 23.
440 2988 522 3014 nam
551 2976 654 3011 clota
679 2982 711 3012 et
740 2976 854 3012 Bodo-

927 1732 1019 1766 tria.-
1053 1730 1156 1766 Clota
1190 1741 1285 1764 nunc
1320 1729 1411 1774 [ηἰΙι
1447 1730 1491 1774 of
1522 1727 1641 1774 ccyae,

926 1780 1095 1814 Bodotria
1129 1779 1218 1824 sritb
1252 1781 1296 1823 of
1317 1777 1451 1819 For-clu
1487 1775 1551 1811 illa
1576 1777 1643 1811 lli..

926 1829 1074 1863 bernico
1090 1828 1177 1862 mari
1199 1828 1380 1868 miscetur,
1410 1825 1499 1859 haec
1519 1826 1643 1860 orien-

927 1882 998 1911 tem
1024 1887 1149 1910 versus
1176 1875 1219 1909 ad
1236 1874 1481 1920 Edinburgum
1498 1873 1642 1908 Oceano

926 1925 1098 1959 illabitur.
1128 1923 1183 1958 cf.
1194 1923 1420 1957 Ptolemaeus
1447 1921 1521 1956 113
1546 1923 1584 1964 §.
1600 1924 1641 1956 1.

927 1972 1069 2008 Κλωτα
1103 1974 1295 2019 εἴσχυσις,
1337 1972 1374 2013 δ.
1400 1971 1441 2005 5·
1474 1969 1644 2026 Βοδερίοι

927 2024 1109 2068 εἴσχυσις.
1170 2019 1375 2054 Bodotriam
1414 2019 1484 2052 iam
1524 2018 1644 2062 priore

928 2070 1160 2114 expeditione
1174 2068 1345 2114 Agricola
1371 2066 1557 2100 offendere
1577 2066 1644 2101 tle-

926 2118 1016 2160 buit,
1042 2123 1081 2151 ut
1106 2117 1278 2150 monitum
1306 2119 1361 2150 est
1386 2113 1429 2148 ad
1455 2125 1487 2148 c.
1512 2115 1571 2157 22,
1600 2114 1645 2148 ad

927 2164 1066 2199 Clotam
1106 2176 1201 2198 nunc
1240 2164 1381 2198 demum
1416 2162 1642 2197 occidentem

927 2224 1053 2249 versus
1079 2213 1258 2258 pervenit.

998 2289 1145 2328 angusto
1184 2287 1361 2316 terrarum
1393 2281 1506 2325 spatio
1552 2280 1645 2314 diri-

925 2338 1086 2364 muntur.-
1118 2330 1155 2363 id
1192 2329 1346 2373 spatium
1373 2338 1467 2361 nunc
1491 2327 1645 2361 interci-

926 2389 1001 2412 sum
1037 2382 1091 2412 est
1130 2387 1240 2421 opere
1280 2375 1574 2421 egreg10‚lato
1609 2379 1646 2410 et

925 2425 1102 2471 profundo
1130 2424 1273 2466 canali,
1310 2433 1381 2468 quo
1418 2422 1479 2457 vel
1511 2422 1644 2470 longae

926 2484 1036 2508 naves
1055 2473 1099 2507 ad
1124 2478 1312 2518 utrumque
1328 2481 1425 2506 mare
1443 2481 1644 2506 commeare

927 2533 969 2556 ac
1005 2522 1119 2556 vitare
1167 2522 1305 2554 incerta
1350 2518 1643 2564 septentrionalis

928 2570 1062 2605 Oceani
1088 2573 1249 2614 possunt.

1000 2641 1112 2674 omnis
1135 2641 1283 2686 propior
1310 2639 1428 2673 sinus:
1455 2637 1542 2670 dicit
1567 2640 1643 2670 ter-

926 2699 986 2724 rae
1011 2690 1125 2722 sinum
1154 2689 1204 2722 cis
1219 2687 1358 2721 Clotam
1379 2691 1413 2720 et
1424 2684 1642 2727 Bodotnam,

926 2742 965 2771 ut
990 2736 1104 2782 liquet
1130 2746 1174 2769 ex
1193 2735 1364 2779 proximis
1388 2732 1563 2767 summotis
1580 2743 1643 2766 ve-

926 2785 975 2818 lut
1000 2786 1038 2817 in
1064 2785 1173 2817 aliam
1197 2782 1348 2816 insulam
1369 2783 1485 2825 (trans
1503 2779 1642 2814 Clotnm

928 2838 964 2866 et
999 2832 1204 2865 Bodotriam
1240 2829 1520 2873 septentrionem
1555 2837 1641 2861 ver-

926 2884 1005 2925 sus)
1032 2878 1196 2913 hostibus.
1236 2877 1291 2911 Cf.
1319 2881 1440 2910 annot.
1468 2875 1512 2909 nd
1537 2874 1576 2910 G.
1607 2877 1639 2910 1.

999 2973 1084 3020 Cap.
1100 2973 1157 3009 24.
1186 2983 1276 3008 nave
1296 2972 1416 3020 prima
1440 2976 1640 3019 trau-syres-
