1768 3216
748 235 1026 275 utszmVS.

201 343 336 380 Fennis
361 356 409 381 ne
427 352 514 383 voto
541 351 683 395 quidem
711 363 801 398 opus
822 361 876 389 est
925 356 1175 402 Xenophontis
1195 358 1403 394 iucunditas
1425 358 1454 396 0
1480 361 1539 397 31.

201 404 231 439 G
251 406 312 442 46.
338 412 424 442 vota
450 407 657 446 Chattorum
688 414 731 449 13
756 415 815 450 57.
846 415 874 450 G
923 417 1124 462 Xenophon
1158 417 1296 454 Claudii
1334 420 1493 456 medicus
1521 422 1565 458 12
1588 422 1635 458 61

197 464 259 500 3¹.
288 476 407 502 annua
431 479 495 514 pro
510 471 757 509 incolumitate
770 476 872 519 priu-

199 525 292 570 eipis
314 526 340 563 4
368 528 497 573 17,16
520 532 578 566 22.

148 583 334 621 Vulcatius
361 588 531 625 Araricus
561 593 603 627 15
631 593 690 628 50.

149 645 334 682 Vulcatius
361 649 526 686 moschus
551 654 575 687 4
600 654 660 688 43.

148 705 334 742 Vulcatius
354 708 571 746 Tertullinus
595 714 757 748 tribunus
782 714 863 759 ple-

193 765 254 800 bis
282 768 309 802 u
336 769 362 803 4
390 769 425 804 9.

149 824 335 863 valentius
361 828 525 865 Tullinus
549 837 739 866 accusatur
768 833 811 869 ¹6
835 833 870 868 8.

150 884 307 922 Vulsinii
330 890 357 924 4
384 891 416 925 1.

149 944 393 984 vulsiniensis
420 950 570 985 Seianus
598 951 621 987 6
642 952 677 986 8.

970 482 1006 511 et
1030 478 1089 513 67.

918 596 1015 631 Zeno
1039 597 1230 633 Armeniae
1256 609 1320 634 rex
1343 604 1484 635 creatur
1508 602 1531 635 2
1554 601 1613 637 56.

916 656 1075 691 Zenobia
1093 658 1285 693 Radamisti
1304 670 1395 694 uxor
1414 661 1456 694 12
1474 663 1531 696 51.
1558 663 1637 696 eius

962 728 1064 751 casus
1091 723 1127 752 et
1152 718 1322 753 fortitudo
1349 720 1433 755 ibid.

923 775 1081 822 Zeugma
1095 777 1308 827 (Tsclzesme)
1325 779 1493 824 oppidum
1513 781 1556 814 12
1580 781 1636 816 12.

922 834 1110 880 Zmyrnaei
1137 838 1159 872 3
1186 837 1244 872 63.
1274 849 1309 873 v.
1338 843 1373 873 et
1398 839 1597 883 Smyrnaei.

918 894 1086 930 Zorsines
1119 897 1319 933 Siracorum
1361 909 1425 933 rex
1462 899 1505 933 12
1531 898 1575 934 15
1601 903 1639 933 et

975 956 1017 990 17
1047 961 1082 989 et
1112 956 1166 992 19.

552 1581 751 1626 Index
783 1581 1231 1626 annotationis.

755 1771 1010 1778 *-

147 1964 169 1988 a
192 1963 257 1998 pro
284 1953 383 1992 cis2
411 1952 471 1988 47.
505 1952 639 1987 indicat
674 1962 749 1987 rem
777 1956 870 1987 tem-

195 2023 285 2058 pore
310 2022 558 2059 praegressam
596 2013 667 2047 iam
706 2021 778 2045 non
805 2010 873 2045 ob-

201 2074 375 2108 tinentem
401 2071 431 2106 11
456 2073 479 2107 2
506 2071 563 2107 92.

149 2134 284 2169 abavus
310 2133 464 2168 Neronis
488 2132 673 2178 Augustus
702 2131 747 2166 14
770 2132 828 2167 53.

147 2194 223 2229 abit
249 2193 398 2228 verbum
428 2193 651 2239 cogitatione
690 2191 871 2237 intelligi-

196 2258 253 2287 tur
276 2254 310 2287 A
333 2254 393 2288 31.
470 2288 479 2298 r

147 2313 326 2349 ablativus
353 2311 485 2346 omissa
523 2312 563 2345 in
602 2311 869 2355 praepositione

195 2373 240 2408 ad
266 2373 385 2409 locum
411 2372 471 2407 vel
505 2376 643 2415 tempus
674 2369 870 2415 designan-

197 2434 279 2468 dum
306 2432 485 2468 adhibitus
520 2434 536 2466 1
565 2430 609 2466 53
635 2435 671 2464 et
696 2430 755 2465 60.
791 2430 820 2464 H
847 2431 870 2464 2

202 2494 258 2538 16,
284 2495 306 2530 5
339 2495 363 2528 4
387 2498 424 2528 et
448 2494 482 2528 5.
522 2491 592 2526 abl.
614 2489 808 2536 praedicati
836 2490 871 2522 in

198 2554 431 2591 substantivis
460 2552 541 2586 loco
557 2550 738 2592 adiecfivi,
766 2549 873 2594 geni-

198 2616 274 2648 tivo
301 2613 455 2647 nominis
489 2611 702 2645 substantivi
729 2609 869 2643 adiecto

198 2675 222 2709 6
253 2675 308 2709 14.
353 2673 380 2706 Η
412 2674 426 2705 1
454 2671 490 2706 8.
529 2669 714 2705 absolutus
748 2668 871 2702 eadem

200 2733 347 2769 licentia
371 2731 509 2776 positus
540 2729 585 2764 16
609 2730 667 2763 33.
696 2738 742 2762 ex
765 2726 872 2761 malle

200 2792 311 2827 verbo
337 2790 497 2837 pendens
526 2791 568 2825 12
583 2789 643 2824 46.
668 2786 870 2822 definiendo

199 2854 311 2888 servit
346 2853 374 2886 ll
403 2853 426 2887 3
447 2851 507 2886 55.
547 2849 640 2894 apud
677 2848 784 2884 verba
810 2857 870 2881 re-

198 2914 320 2950 vocari
350 2917 385 2948 et
414 2920 573 2946 remeare
597 2910 630 2944 A
659 2909 714 2945 18.

920 1951 1034 1996 abripi
1060 1952 1234 1998 coniuges
1254 1951 1299 1987 ad
1322 1952 1424 1990 libita
1434 1953 1636 1999 Caesarum,

970 2020 1039 2044 non
1065 2011 1174 2055 arripi
1205 2012 1248 2048 ¹2
1271 2011 1307 2046 6.

921 2070 1080 2114 abruptis
1109 2081 1154 2104 an
1181 2070 1338 2115 abreptis
1365 2071 1395 2104 ll
1424 2072 1447 2105 2
1471 2071 1529 2106 36.

917 2130 1104 2175 absumpta
1140 2141 1185 2164 an
1211 2130 1396 2175 adsumpta
1424 2134 1532 2177 (nox)
1562 2131 1589 2165 Η
1613 2133 1637 2168 2

970 2191 1028 2224 21.

919 2250 1090 2293 absurdus
1114 2249 1157 2282 ab
1183 2249 1302 2293 aliqua
1327 2259 1366 2282 re
1390 2248 1420 2282 H
1444 2252 1468 2283 4
1495 2249 1553 2283 48.

917 2320 959 2343 ac
985 2308 1158 2353 particula
1191 2318 1212 2341 a
1254 2307 1407 2342 librariis
1434 2309 1564 2342 omissa
1592 2308 1636 2342 13

968 2369 1025 2403 55.
1056 2368 1083 2402 G
1109 2365 1167 2402 34.
1194 2367 1335 2401 diversa
1355 2368 1471 2413 iungit
1495 2368 1526 2402 A
1553 2367 1608 2402 18.

919 2428 1212 2462 Academicorum
1236 2428 1446 2473 pugnacitas
1472 2427 1500 2461 Ο
1527 2427 1586 2462 31.

921 2487 1095 2522 accedere
1139 2498 1218 2521 cum
1253 2489 1457 2521 accusativo
1496 2491 1636 2520 etcum

971 2548 1238 2592 praepositione
1263 2546 1306 2580 ad
1335 2546 1377 2581 12
1404 2547 1448 2582 10
1474 2550 1509 2580 et
1533 2546 1592 2580 31.

921 2607 1087 2642 accersiri
1118 2607 1146 2640 n
1178 2608 1192 2639 1
1228 2605 1283 2640 14.

922 2667 1030 2701 accisi
1058 2666 1173 2700 crines
1203 2665 1230 2698 G
1262 2665 1315 2699 19.
1604 2707 1611 2714 .

922 2726 1147 2760 accusativus
1192 2724 1227 2757 in
1269 2721 1497 2767 designandis
1531 2730 1635 2755 men-

968 2787 1059 2819 sium
1086 2783 1211 2818 diebus
1249 2782 1272 2816 6
1305 2782 1351 2816 25
1384 2785 1419 2814 et
1452 2780 1508 2815 50.
1559 2790 1635 2814 acc.

968 2844 1127 2889 pendeus
1169 2853 1213 2876 ex
1259 2842 1404 2875 notione
1450 2839 1551 2874 verbi
1592 2849 1639 2874 ex

965 2912 1174 2950 praegresso
1202 2901 1384 2937 enuntiato
1408 2896 1638 2947 intelligendi
