1768 3216
173 212 244 248 140

788 206 1047 245 AGRICOLAE

167 330 331 386 [sugere
365 326 584 380 covinarii]
628 325 810 381 peditum
854 338 902 368 sc
941 326 1102 381 proelio
1134 327 1355 370 miscuere.
1387 333 1390 336 '
1432 327 1484 371 Et
1513 338 1664 383 quam-⁴

165 417 283 459 quam
330 406 542 444 recentem
580 406 783 443 terrorem
822 402 1071 455 intulerant,
1115 402 1256 445 densis
1299 386 1451 445 tameis
1482 401 1661 446 hostium

163 477 394 533 agminibus
427 481 467 518 et
497 477 784 532 inaequalibus
814 477 920 520 locis
953 477 1204 530 haerebant3
1248 477 1498 533 minimeque
1529 490 1663 533 eque-

164 553 260 594 stris
292 552 373 594 iam
400 564 565 607 pugnae
597 552 728 594 facies
761 557 876 606 erat,
909 565 1003 595 cum
1035 567 1057 595 e
1084 553 1219 608 gradu
1250 557 1321 595 aut
1350 557 1510 596 stantes
1541 553 1663 596 simul

130 639 365 681 sequorum
414 627 659 682 corporibus
711 627 1044 683 impellerentur3
1090 640 1140 669 ac
1179 639 1305 682 saepe
1349 620 1661 684 va'gi‘currus,

162 703 348 746 exterriti
387 703 477 744 sine
517 703 751 745 rectoribus
796 704 913 757 equi,
953 707 996 744 ut
1037 715 1240 758 quemque
1280 703 1459 746 formido
1497 702 1664 757 tulerat,

161 781 426 819 transversos
458 781 526 820 aut
557 778 706 820 obvios
740 778 1022 821 incursabant.

162 864 328 907 pugnae
359 857 549 907 expertes
581 865 739 896 summa
768 853 935 895 collium
966 853 1208 896 insederant
1238 857 1279 895 et
1302 853 1551 908 paucitatem
1581 865 1663 895 no-

165 931 344 969 strorum
373 929 496 970 vacui
525 929 792 983 spernebant,
826 929 1003 984 degredi
1034 930 1227 983 paulatim
1249 934 1288 973 et
1305 929 1527 971 circumire
1544 933 1663 985 terga

113 1002 419 1045 :evincentium
449 1008 686 1057 coeperant,
720 1004 762 1044 ni
795 1003 836 1045 id
869 1005 1002 1058 ipsum
1033 1005 1188 1046 veritus
1230 1004 1432 1060 Agricola
1471 1007 1662 1058 quattuor

165 1078 346 1132 equitum
379 1078 480 1131 alas,
514 1079 565 1120 ad
597 1079 732 1121 subita
760 1079 858 1121 belli
877 1083 1075 1133 retentas,
1105 1080 1367 1122 venientibus
1387 1079 1662 1134 opposuisset,

263 1218 292 1250 1.
323 1217 548 1251 convitium-ii
573 1219 610 1252 Γ.
639 1217 796 1263 glossam
821 1215 945 1263 fugere
972 1218 1147 1252 covinarii
1173 1218 1323 1252 seclusit
1348 1217 1475 1253 editor.

160 1270 276 1300 centes
301 1267 341 1298 Δ.

1541 1219 1577 1254 2.
1591 1213 1665 1253 're-

442 1266 475 1301 3.
503 1267 671 1310 equestris
699 1266 771 1299 iam
797 1266 934 1300 editor:
963 1272 1149 1312 equestres.
1178 1278 1221 1301 ea
1247 1266 1335 1312 (litt.
1363 1278 1387 1301 a
1416 1276 1604 1312 superpOS.
1630 1267 1662 1314 i)

159 1315 250 1348 enim
275 1315 314 1355 Γ,
342 1319 525 1358 equestres.
555 1325 597 1348 ea
623 1315 714 1348 enim
740 1317 784 1357 A,
812 1321 996 1360 equestres.
1024 1314 1134 1349 Eam.
1164 1314 1394 1350 Puteolanus.
1446 1316 1481 1351 4.
1509 1327 1527 1350 e
1550 1316 1666 1360 gradu

158 1367 220 1396 aut
246 1367 376 1396 stanles
411 1362 546 1396 editor:
586 1374 697 1408 aeyra
724 1365 826 1410 (cyra
852 1366 896 1406 Γ)
936 1364 995 1397 diu
1028 1370 1089 1398 aut
1125 1369 1239 1398 stante
1273 1367 1336 1400 ΓΔ
1371 1368 1406 1399 et
1435 1363 1664 1401 Puteolanus.

158 1409 378 1446 Rhenanus:
419 1412 624 1456 minimeque
655 1413 822 1456 equestris
848 1423 891 1446 ea
917 1423 1056 1458 pugnae
1098 1413 1211 1456 facies
1238 1419 1337 1455 erat,
1382 1425 1459 1447 eum
1486 1413 1525 1446 in
1549 1412 1665 1459 gradu

157 1465 300 1495 stantes.

159 1595 277 1640 posito
305 1595 456 1642 (turmae
476 1595 740 1639 Britannorum,
769 1596 875 1630 etiam

160 1650 295 1678 turmae
319 1643 461 1678 hostiles
487 1645 582 1689 quod
600 1644 685 1679 alibi
712 1644 878 1679 dicuntur

161 1692 205 1727 de
233 1697 381 1727 externo
418 1694 600 1738 equitatu,
642 1703 685 1728 eo
720 1704 791 1727 non
817 1704 877 1727 re-

160 1741 297 1775 fellitur
323 1741 417 1786 quod
443 1742 687 1788 significavi),
728 1743 876 1786 imperi-

160 1790 205 1823 tis
248 1801 292 1824 ex
328 1790 442 1824 densis
480 1790 628 1824 hostium
665 1791 876 1837 (Britanno-

159 1842 255 1885 rum)
286 1839 482 1884 aqminibus
516 1840 634 1873 statim
673 1841 876 1874 memoratis

159 1886 286 1932 liquet.
340 1886 440 1920 Adde
469 1892 590 1922 annot.
628 1888 670 1922 ad
706 1900 736 1922 c.
769 1890 812 1923 12
843 1893 877 1923 et

160 1935 219 1970 35.
274 1935 328 1968 Ad
351 1935 541 1970 Britannos
577 1937 684 1980 paulo
718 1942 798 1981 post
837 1947 876 1971 se

162 1984 369 2016 convertit:
422 1994 516 2017 nunc
556 1984 599 2018 de
636 1985 709 2019 illis
740 1989 876 2018 tantum

161 2032 363 2075 praecepit,
404 2037 573 2076 qnantum
607 2043 696 2076 opus
740 2038 794 2067 est
834 2033 877 2066 ad

161 2079 382 2114 vincentium
407 2084 535 2114 statum
563 2085 598 2114 et
625 2081 783 2114 habitum
810 2081 876 2115 de-

161 2127 409 2171 scribendum,
445 2133 480 2162 et
517 2128 585 2163 hoc
611 2129 779 2174 quidem,
817 2130 876 2174 qui

162 2177 198 2210 in
224 2187 339 2222 aequo
376 2177 609 2220 adstiterant‚
647 2187 708 2212 eos
742 2179 877 2221 impetu

162 2225 294 2269 peditis
322 2225 470 2260 Romani
510 2230 638 2260 stratos
673 2231 709 2260 et
746 2225 876 2260 inultos

162 2274 362 2309 semineces
381 2279 442 2307 aut
462 2276 623 2320 integros
643 2274 876 2309 festinatione

162 2323 338 2356 victoriae
367 2322 513 2357 relictos
543 2334 634 2358 esse.
698 2324 788 2357 Hinc
819 2324 877 2356 in-

161 2370 339 2416 telligitur
373 2374 497 2417 fuqere
533 2373 708 2407 covinarii
745 2382 878 2417 paren-

162 2419 255 2453 thesi
292 2420 470 2453 inclnsnm
510 2425 545 2453 et
581 2423 711 2455 ceteris
746 2423 878 2466 ἐπεξη-

160 2469 322 2516 γητικῶς
349 2469 597 2512 interiectum,
636 2470 679 2503 de
710 2480 779 2515 quo
810 2480 877 2515 ego

163 2516 248 2550 olim
285 2518 465 2562 cogitavi,
508 2527 579 2550 non
625 2518 879 2552 admittendum

165 2574 265 2599 esse:
293 2575 371 2598 nam
401 2565 586 2607 covinarii,
614 2565 649 2598 h.
671 2577 701 2599 e.
728 2566 878 2600 clientes

163 2613 366 2658 aurigarum
402 2614 438 2646 in
466 2614 578 2657 prima
615 2615 694 2647 acie
727 2614 879 2657 pedibus

162 2666 364 2707 pugnantes
390 2663 694 2707 (propugnantes),
722 2672 794 2696 non
817 2662 878 2695 fu-

164 2715 304 2754 gerunt,
332 2710 396 2744 sed
421 2711 525 2744 strati
541 2715 633 2744 sunt.
670 2711 785 2745 Minus
811 2721 878 2744 au..

163 2763 234 2791 tem
253 2758 337 2792 ferri
364 2763 481 2803 potest
502 2758 596 2804 qnod
613 2759 766 2805 legimus
786 2760 879 2804 apud

163 2805 415 2841 Puteolanum:
457 2807 602 2842 Interim
627 2808 776 2852 equitum
801 2814 878 2842 tur-

163 2865 241 2888 mae
274 2858 422 2901 fuyere:
460 2857 637 2890 couinarii
667 2857 820 2902 peditum
843 2868 879 2890 se

161 2903 298 2948 proelio
326 2905 516 2940 miscuere:
546 2911 578 2939 et
607 2910 675 2939 cet.
736 2904 822 2939 Nam
849 2906 879 2938 si

167 2951 316 2996 equitum
342 2958 495 2996 turmae,
534 2958 572 2987 ut
597 2963 661 2999 par
687 2957 764 2998 est,
805 2954 883 2989 Ro-

399 1460 433 1496 S.
463 1472 629 1494 summam
655 1472 687 1494 m
711 1465 842 1506 puncto
868 1461 1059 1496 subnotato
1086 1463 1122 1496 Γ.

1200 1461 1233 1498 9.
1263 1462 1402 1508 digredi
1428 1461 1660 1498 Puteolanus·

945 1607 1070 1630 manae
1116 1597 1368 1641 accipiuntur,

945 1655 1014 1690 quo
1043 1646 1160 1678 minus
1183 1650 1390 1687 statuamus,
1416 1655 1473 1678 res
1496 1644 1575 1688 ipsa
1594 1645 1664 1679 im-

945 1694 1062 1738 pedit,
1107 1695 1162 1727 sin
1206 1693 1483 1728 Caledoniorum
1526 1697 1663 1728 turmae

946 1743 1149 1788 cogitantur
1175 1768 1185 1785 ,
1251 1743 1401 1786 primum
1447 1741 1565 1776 obstat
1605 1741 1664 1776 lo-

945 1790 1077 1836 quendi
1120 1790 1343 1825 consuetudo
1371 1789 1586 1824 Corneliana
1626 1795 1662 1825 et

945 1850 1075 1874 nomen
1113 1840 1260 1873 hostium
1297 1839 1391 1884 quod
1435 1838 1542 1883 paulo
1582 1843 1664 1883 post

945 1889 1126 1933 sequitur,
1162 1893 1236 1921 tum
1271 1889 1347 1932 ipsa
1371 1888 1566 1931 descriptio
1593 1887 1662 1921 ob..

945 1947 1047 1970 scura
1065 1937 1102 1969 fit
1121 1941 1155 1970 et
1180 1937 1356 1979 intricata,
1384 1936 1540 1981 denique
1555 1937 1663 1981 equi-

945 1989 1019 2017 tum
1054 1989 1190 2018 turmae
1224 1986 1261 2018 in
1297 1986 1375 2019 acie
1411 1984 1662 2018 Britannorum

945 2043 1016 2066 non
1041 2038 1271 2067 enumeratae
1297 2037 1400 2074 sunt,
1429 2032 1493 2067 sed
1518 2033 1662 2066 nonnisi

946 2081 1147 2115 covinarius
1176 2092 1288 2125 eques.
1315 2081 1439 2125 Itaque
1466 2081 1553 2115 satis
1580 2091 1662 2115 cer-

945 2134 1018 2162 tum
1047 2129 1116 2163 hoc
1144 2134 1215 2172 est,
1253 2130 1403 2173 equitum
1429 2134 1560 2162 turmas
1588 2139 1660 2162 non

945 2178 1033 2211 alias
1059 2188 1138 2211 esse
1168 2188 1272 2223 quam
1303 2177 1462 2222 equitum
1498 2178 1565 2211 tria
1590 2178 1662 2212 mi-

946 2226 994 2260 lia
1023 2225 1189 2260 cornibus
1214 2227 1453 2260 Romanorum
1482 2229 1577 2271 (cap.
1594 2226 1660 2272 35)

946 2274 1069 2308 affusa.
1099 2274 1189 2308 Hinc
1216 2275 1447 2320 consequitur
1473 2273 1584 2309 verba
1601 2276 1662 2318 su-

945 2335 1027 2368 9ere
1055 2323 1241 2366 cocinarii,
1269 2323 1363 2357 unde
1387 2322 1662 2358 omnes‘turbae

946 2376 1051 2405 natae
1079 2376 1114 2406 et
1139 2371 1267 2416 quibus
1290 2373 1416 2406 amotis
1444 2376 1565 2407 cetera
1577 2381 1662 2416 per-

945 2421 1070 2464 spicua
1097 2424 1179 2453 sunt
1208 2425 1243 2453 et
1267 2419 1452 2454 luculente
1488 2421 1662 2465 exposita,

946 2468 989 2502 ab
1018 2468 1136 2501 aliena
1169 2478 1275 2501 manu
1312 2469 1347 2501 in
1384 2468 1475 2502 libro
1511 2467 1662 2513 quodam

945 2517 1091 2561 antiquo
1121 2526 1229 2560 super
1256 2526 1399 2550 versum
1428 2517 1583 2561 ascripta
1602 2526 1662 2550 es-

946 2575 996 2598 se.
1051 2564 1200 2598 Scilicet
1223 2564 1462 2599 Romanorum
1502 2566 1662 2611 equitum

949 2614 1288 2647 commemoratione
1322 2613 1522 2648 admonitus
1560 2613 1662 2660 glos-

949 2672 1010 2695 sae
1044 2666 1168 2695 auctor
1209 2663 1472 2696 covinariornm
1511 2664 1547 2696 in
1583 2661 1662 2696 acie

947 2710 1217 2753 Britannorum,
1253 2711 1338 2756 quid
1376 2710 1431 2745 his
1458 2710 1592 2745 factum
1617 2711 1663 2744 sit

947 2758 1116 2802 supplere
1144 2758 1280 2803 voluit,
1313 2760 1457 2793 nescius
1485 2769 1527 2793 ea
1554 2758 1598 2793 de
1623 2769 1662 2793 re

949 2806 991 2840 ab
1018 2808 1095 2851 ipso
1123 2812 1270 2842 auctore
1296 2809 1365 2841 iam
1390 2807 1542 2842 relatum
1570 2817 1661 2847 esse.

1020 2856 1226 2901 minimeque
1247 2857 1413 2901 equestris
1437 2856 1510 2890 iam
1524 2859 1664 2902 puqnae

947 2904 1060 2949 facies
1085 2910 1161 2938 erat
1178 2916 1189 2938 .·
1222 2915 1349 2940 vocem
1374 2905 1579 2948 minimeque
1604 2913 1663 2938 ar-

948 2952 1018 2987 tius
1045 2953 1157 3000 iunge
1183 2963 1262 2991 cum
1301 2963 1335 2988 v.
1365 2953 1555 3000 equestris,
1591 2960 1665 2986 non<

1419 1605 1480 1630 eas
1521 1595 1663 1643 fugisse

1093 779 1143 820 Et
1170 779 1382 831 Britanni,
1423 778 1494 833 qui
1528 777 1662 821 adhuc
1675 777 1732 818 3⁷
