1768 3216
94 245 114 268 a
141 233 182 270 G.
209 234 269 271 69.
566 232 702 268 LIBER
726 233 754 268 1.
810 232 897 268 CAP.
925 232 1081 268 74—76.
1555 235 1600 269 81

93 351 332 407 ignorantia
364 351 621 394 fallentibus:
670 350 896 392 Othoniani
928 350 1115 392 novitate
1145 349 1305 403 vultus,
1337 351 1529 392 omnibus
1562 351 1605 393 in

90 427 226 469 vicem
271 427 439 482 gnaris,
490 426 787 481 prodebantur.
849 425 1038 467 Vitellius
1085 425 1244 467 litteras
1298 425 1350 466 ad
1400 425 1605 468 Titianum

92 501 261 543 fratrem
284 501 459 543 Othonis
493 501 740 555 composuit,
771 500 940 542 exitium
973 501 1052 554 ipsi
1083 500 1250 554 filioque
1283 501 1372 542 eius
1393 501 1603 554 minitans,

91 577 135 618 ni
165 576 397 619 incolumes
428 577 508 619 sibi
539 580 670 626 mater
700 589 750 618 ac
779 576 901 618 liberi
933 580 1214 618 servarentur.
1277 575 1327 616 Et
1367 577 1481 618 stetit
1522 576 1606 618 do-

91 664 182 694 mus
212 655 411 706 utraque,
444 652 521 694 sub
555 651 718 693 Othone
752 651 955 692 incertum
988 662 1041 691 an
1072 655 1203 693 metu:
1248 650 1437 692 Vitellius
1468 651 1638 697 victors

23 727 338 769 76clementiae
368 726 548 782 gloriam
580 727 680 768 tulit.
743 727 902 767 Primus
944 725 1097 767 Othoni
1130 725 1323 767 fiduciam
1356 726 1518 768 addidit
1549 740 1602 768 ex

91 801 258 857 illyrico
290 802 480 854 nuntius,
531 802 694 843 iurasse
733 802 775 842 in
819 814 911 843 eum
948 800 1180 842 Dalmatiae
1213 813 1262 842 ac
1293 801 1532 842 Pannoniae
1564 805 1606 842 et

89 876 276 918 Moesiae
305 876 510 932 legiones.
574 876 686 917 Idem
742 889 795 918 ex
846 875 1043 929 Hispania
1085 875 1288 927 adlatum,
1328 875 1604 929 laudatusque

89 957 165 1005 per
194 951 374 994 edictum
406 950 574 993 Cluvius
605 951 756 992 Rufus:
799 951 875 992 sed
908 951 1043 992 statim
1077 951 1290 1004 cognitum
1323 954 1386 992 est
1419 962 1605 991 conver-

90 1037 178 1068 sam
226 1025 278 1068 ad
319 1025 525 1068 Vitellium
567 1024 821 1080 Hispaniam.
882 1025 944 1067 Ne
975 1025 1199 1079 Aquitania
1233 1025 1420 1079 quidem,
1455 1037 1658 1079 quam-10

91 1112 213 1154 quam
244 1100 295 1142 ab
327 1099 430 1141 lulio
463 1099 602 1141 Cordo
636 1101 676 1141 in
708 1101 837 1142 verba
871 1099 1049 1141 Othonis
1082 1100 1299 1152 obstricta,
1334 1099 1403 1141 diu
1437 1100 1599 1142 mansit.

89 1174 302 1229 Nusquam
332 1174 434 1217 fides
466 1179 536 1216 aut
567 1187 709 1217 amor:
750 1179 861 1217 metu
893 1187 942 1216 ac
974 1175 1228 1217 necessitate
1268 1174 1348 1216 huc
1380 1174 1478 1216 illuc
1510 1187 1605 1217 mu-

90 1249 296 1291 tabantur.
357 1249 515 1291 Eadem
548 1250 728 1292 formido
756 1250 1019 1304 provinciam
1049 1250 1367 1292 Narbonensem
1399 1249 1450 1291 ad
1469 1249 1605 1292 Vitel-

89 1323 191 1365 lium
221 1324 365 1376 vertit,
411 1324 525 1366 sacili
565 1326 741 1366 transitu
781 1325 833 1366 ad
864 1325 1079 1379 proximos
1113 1329 1153 1367 et
1182 1324 1428 1367 validiores.
1488 1324 1606 1366 Lon-

90 1399 272 1455 ginquae
315 1400 574 1454 provinciae,
623 1405 664 1442 et
710 1400 908 1454 quidquid
964 1412 1170 1442 armorum
1230 1400 1334 1441 mari
1381 1400 1655 1452 dirimitur,15

89 1486 219 1528 penes
265 1474 470 1516 Othonem
516 1475 762 1527 manebant,
815 1487 898 1516 non
949 1475 1126 1528 partium
1174 1474 1342 1526 studi03
1389 1475 1464 1516 sed
1514 1479 1603 1516 erat

89 1549 251 1605 grande
291 1544 542 1591 momentum
587 1550 626 1591 in
659 1551 828 1592 nomine
859 1549 974 1592 urbis
1007 1563 1055 1591 ac
1086 1554 1303 1604 praetexto
1336 1554 1528 1602 senatus,
1563 1554 1603 1592 et

91 1628 371 1679 occupaverat
411 1625 572 1666 animos
612 1624 729 1678 prior
760 1624 937 1666 auditus.
1002 1624 1213 1666 Iudaicum
1254 1624 1482 1666 exercitum
1516 1625 1603 1665 Ve-

90 1699 324 1753 spasianus,
358 1699 504 1754 Syriae
536 1698 727 1752 legiones
753 1699 970 1740 Mucianus
1002 1702 1267 1740 sacramento
1287 1698 1464 1740 Othonis
1496 1698 1603 1740 ade-

90 1786 208 1829 gere.

93 1849 184 1891 ciae
214 1849 384 1891 nomine
417 1849 505 1890 eius
537 1848 798 1890 tenebantur.

240 2002 274 2036 2.
325 2001 464 2047 iqnaris
512 1999 611 2038 abG
662 2011 740 2035 cnm
794 2001 951 2035 ceteris:

92 2050 264 2084 tatianum
291 2055 371 2091 ab,
400 2050 581 2084 Ticianum
609 2049 655 2083 G:
683 2051 839 2084 correxit
866 2049 1071 2083 Rhenanus.

91 2097 291 2132 incolumes.

94 2146 151 2181 14.
179 2147 366 2192 lonqinquo
393 2146 458 2181 Ma.

92 2194 119 2229 G
146 2195 339 2231 Iudaicum.

90 2245 198 2278 versa
221 2243 287 2287 Ma,
313 2256 414 2278 nerse
441 2244 480 2278 G.

92 2303 137 2327 ex
163 2291 321 2327 Bekkeri
349 2294 594 2327 annotatione.

538 2148 592 2182 17.

93 2415 236 2449 derant:
269 2425 361 2460 quae
394 2415 463 2448 iam
501 2419 699 2460 sequuntur
725 2426 808 2450 sce-

92 2463 204 2498 lestos
233 2464 378 2497 eosdem
406 2463 616 2509 depingunt.

162 2525 229 2559 per
253 2518 388 2546 tantam
408 2535 450 2540 —
465 2512 691 2557 fallentibus:
718 2513 809 2547 haec

93 2562 275 2606 explicant
300 2561 478 2606 quomodo
512 2561 714 2595 Vitellianis
739 2563 808 2596 im-

90 2621 183 2655 pune
209 2611 316 2654 fuerit
343 2610 516 2644 insidiari.
581 2610 681 2644 Bene
708 2610 809 2645 Doe-

94 2658 267 2692 derlinius
299 2663 379 2702 post
410 2659 549 2704 impune
581 2669 718 2692 comma
744 2659 810 2694 ad-

95 2707 193 2742 iecit.

168 2754 253 2800 Cap.
283 2755 339 2790 76.
401 2755 461 2789 sed
490 2756 607 2789 statim
636 2757 810 2801 coynitum

96 2807 166 2836 est:
190 2803 310 2838 littera
327 2803 476 2837 sibilans
502 2809 584 2848 post
610 2806 809 2848 proximum

96 2860 227 2885 nomen
240 2852 352 2886 Rufus
379 2853 415 2886 in
441 2859 491 2886 set
518 2854 649 2885 omissa
664 2853 723 2886 vel
742 2865 810 2887 ne-

97 2899 216 2944 glecta
241 2911 261 2933 a
286 2900 402 2934 scriba
426 2901 560 2935 codicis
576 2900 640 2944 Ma,
666 2906 701 2935 et
727 2900 811 2935 hinc

97 2952 174 2982 orta
201 2953 255 2982 est
281 2949 429 2995 vulgata
461 2956 504 2984 et.
539 2949 608 2984 Sed
634 2960 699 2994 per
717 2949 810 2983 hanc

98 2998 276 3031 contraria
300 2998 400 3043 iungi
425 2998 472 3034 ita
487 3003 648 3044 possunt,
675 3003 714 3032 ut
732 2999 810 3043 ipsa

205 3082 330 3112 Tacitus
351 3082 404 3110 111.

621 2154 779 2193 pretexto
809 2147 884 2182 Mat
907 2154 1095 2193 praetextu
1121 2147 1160 2182 G.

418 2196 474 2231 19.
499 2197 617 2241 syriae
648 2195 711 2237 Ma,
741 2207 811 2230 non
843 2197 983 2231 Suriae.

270 1774 398 1817 Simul
429 1773 646 1828 Aegyptus
678 1785 906 1827 omnesque
936 1786 1087 1815 versae
1119 1774 1160 1814 in
1180 1773 1394 1815 Orientem
1424 1773 1603 1828 provin-

862 1848 972 1890 ldem
991 1848 1164 1890 Africae
1197 1849 1458 1903 obsequium,
1481 1849 1601 1890 initio

1005 2002 1115 2036 tacite
1172 2002 1329 2035 correxit
1393 2001 1599 2036 Rhenanus·

1169 2054 1203 2085 4.
1240 2051 1427 2085 incolumis
1454 2057 1545 2088 ab:
1574 2050 1601 2084 G

361 2099 394 2134 9.
422 2099 483 2132 sed
510 2099 644 2133 editor:
675 2099 818 2132 codices
847 2105 889 2132 et.
944 2100 999 2134 13.
1025 2100 1212 2144 provincia
1241 2097 1318 2132 Ma:
1347 2099 1375 2133 G
1399 2101 1599 2145 provincia}

1240 2147 1295 2182 18.
1324 2148 1497 2182 iudaicam
1526 2147 1598 2182 Ma:

1079 2198 1137 2232 20.
1166 2207 1304 2241 omsque
1332 2207 1412 2230 cum
1440 2197 1502 2232 lin.
1533 2196 1598 2231 Ma.

573 2247 630 2280 21.
657 2255 728 2278 non
756 2246 887 2278 omittit
915 2247 1053 2279 nomine
1081 2246 1154 2278 eius
1184 2243 1248 2288 Ma,
1277 2250 1315 2278 ut
1342 2245 1457 2280 videri
1484 2247 1599 2291 possit

671 2294 855 2328 tenebatur
880 2293 954 2328 Ma:
985 2293 1012 2327 G
1038 2294 1258 2328 tenebantur.

878 2417 957 2450 sine
993 2415 1186 2450 intervallo
1225 2420 1506 2460 componantur,
1562 2421 1600 2450 ut

879 2465 950 2500 113
977 2465 1118 2498 avidum
1143 2471 1175 2499 et
1189 2465 1379 2498 minorem.-
1407 2465 1503 2510 quod
1519 2477 1598 2500 cum

880 2514 914 2547 h.
947 2514 957 2547 l
999 2514 1076 2548 fieri
1117 2524 1188 2547 non
1215 2515 1353 2558 possit,
1387 2514 1599 2558 particulam

881 2562 1108 2607 copulantem
1138 2573 1209 2596 non
1233 2567 1351 2607 aptam
1374 2573 1454 2596 esse
1472 2562 1598 2608 liquet,

957 2618 1141 2657 praetexto
1168 2617 1333 2646 senatus.-
1374 2611 1415 2644 H.
1445 2611 1459 2644 1
1491 2612 1533 2646 19
1562 2614 1598 2645 in

881 2659 1006 2694 eodem
1034 2661 1189 2694 nominis
1213 2659 1419 2706 significatu
1449 2659 1598 2694 formam

878 2715 1065 2754 praete-riu
1092 2709 1269 2755 legimus,
1297 2708 1359 2742 sed
1388 2707 1422 2741 h.
1451 2708 1475 2741 l.
1507 2713 1542 2741 et
1567 2719 1597 2741 c.

881 2758 924 2791 77
954 2763 989 2791 et
1009 2758 1050 2791 H.
1071 2751 1109 2791 ⁴11
1144 2759 1234 2800 100,
1261 2757 1309 2790 111
1336 2756 1383 2790 80
1408 2755 1463 2788 Ma
1490 2766 1598 2799 prae-

880 2805 941 2839 bet
965 2812 1162 2852 praetexto.
1190 2805 1252 2839 Est
1278 2809 1395 2838 autem
1409 2803 1498 2847 (hoc
1519 2815 1600 2838 mo-

880 2865 963 2896 neo,
995 2866 1040 2888 ne
1069 2856 1147 2899 quis
1177 2865 1196 2887 a
1224 2852 1410 2886 Walthero
1438 2852 1601 2897 decipia-

881 2906 953 2947 tur)
984 2914 1054 2935 una
1081 2902 1320 2945 discrepantia
1339 2900 1489 2943 formae,
1515 2902 1601 2936 nul-

881 2951 914 2984 la
940 2950 1189 2996 significatus:
1216 2959 1297 2983 nam
1319 2952 1511 2994 utrumque
1530 2961 1600 2984 no-

880 3010 961 3033 men
980 3026 989 3042 ‚
1019 3004 1055 3034 et
1079 3004 1301 3044 praetextum
1327 3002 1362 3032 et
1380 3004 1598 3044 praetextus,

1359 3062 1385 3105 6

1615 1788 1655 1817 20
