1768 3216
71 226 74 228 .
95 187 269 229 aimo&
310 218 316 227 .
597 189 736 225 LIBER
761 189 824 225 lv.
877 189 965 226 Car.
989 190 1099 227 4-·—6.
1526 190 1602 225 Μ

1044 237 1337 292 ἐΙκωὲ-ΩΛᾉΨΆ-
1359 256 1427 303 ιμκι
1443 241 1522 285 είς-ἔ
1566 254 1583 271 ”’
1592 254 1646 278 ΗΑ
1663 221 1750 291 μὶῑ]

94 304 194 351 sedi
211 317 294 360 quo
333 305 493 348 firmior
534 305 738 348 adversus
776 306 945 348 fortuita
982 319 1072 348 rem
1104 306 1311 366 publicam
1341 310 1596 361 capesseret.

92 378 304 423 Doctores
335 380 566 434 sapientiae
593 384 761 422 secutus
793 384 857 422 est
884 380 953 434 qui
993 380 1084 422 sola
1126 380 1237 422 bona
1267 392 1374 434 quae
1404 381 1597 434 honesta,

94 454 225 497 mala-
247 458 552 516 tantum-quae
592 455 751 509 turpia,
796 455 1023 508 potentiam
1070 455 1329 497 nobilitatem
1372 448 1642 573 ceteraque»

95 533 213 582 extra
243 530 422 573 animum
454 541 590 583 neque
629 530 751 572 bonis
781 541 918 584 neque
954 530 1073 571 malis
1105 530 1392 572 adnumerant.
1455 530 1599 586 nge·
1634 535 1644 568 t

3 580 250 667 &astagius
279 602 431 647 'adhue
472 617 497 647 a
537 603 664 646 Paeto
711 583 903 668 Thrasea*
937 617 1072 658 gener
1113 604 1302 647 delectus
1340 618 1364 647 e
1412 605 1634 650 moribuss

1 669 373 722 *asweri-nihil
402 690 536 733 aeque
562 645 724 722 aebli&
752 651 1055 732 wiffgffiffausit,
1087 679 1192 721 civis
1209 684 1396 732 senator,
1428 680 1600 722 maritus

0 730 52 787 4
94 765 254 808 gener,
294 754 479 806 amicus,
513 754 673 796 cunctis
702 754 815 796 vitae
847 754 1000 796 officiis
1031 754 1288 808 aequabilis,
1333 766 1456 808 opum
1491 767 1603 796 con-

51 830 296 881 sinuntur,
339 827 446 892 recti
492 828 716 881 pervicax,
763 831 964 870 constans
1002 827 1206 870 adversus
1259 832 1407 870 metus.
1468 829 1603 870 Erant

1679 433 1758 518 ‘a

1671 486 1686 525 4²
1746 507 1758 514 -

1753 544 1768 555 U

217 975 249 1008 1.
274 985 397 1020 remp.
427 972 491 1009 Ma.
539 975 575 1010 2.
602 975 814 1020 sapientium
837 972 914 1009 Ma:
937 974 1110 1020 sapientie
1139 973 1179 1008 G.
1237 973 1272 1009 6.
1300 973 1413 1008 nichil
1438 985 1523 1019 eque
1535 972 1603 1009 Ma.

99 1099 253 1137 additum
273 1101 462 1147 municipio
480 1102 619 1148 arguit:
648 1102 697 1135 ita
722 1102 816 1136 enim

98 1147 223 1183 urhem
265 1149 495 1184 notissimam·
524 1155 559 1184 et
597 1161 706 1195 saepe
739 1150 820 1184 aliis

99 1197 136 1232 in
171 1196 265 1233 locis
299 1208 320 1232 a
357 1208 398 1234 se
436 1200 653 1234 nominatam
678 1198 821 1233 Tacitus

99 1255 171 1279 non
206 1250 283 1280 erat
316 1253 589 1282 memoraturus.
648 1247 701 1281 Ad
743 1249 819 1282 veri

100 1294 258 1341 vestigia
301 1305 368 1330 nos
407 1296 508 1330 duxit
543 1296 821 1343 Bezzenberger

103 1344 313 1382 coniectura
340 1346 477 1390 oriqine
504 1345 595 1380 Iulio
618 1345 773 1379 Carnico
803 1357 820 1379 e

102 1392 295 1438 municipio
312 1418 323 1435 ‚
358 1393 420 1428 sed
448 1393 538 1427 haec
566 1394 685 1427 stilum
714 1393 819 1432 Taci-

102 1441 215 1475 tiunm
232 1441 378 1482 minime
391 1443 547 1487 sapiunt.
563 1442 725 1476 Glossarn
741 1453 821 1477 esse

101 1487 246 1535 reqion‘e
271 1488 403 1526 Italiae
433 1502 512 1525 cum
533 1490 701 1526 Ernestio
731 1491 818 1525 milri

103 1542 238 1572 certum
266 1542 332 1573 est.
393 1540 461 1574 Sed
490 1540 645 1574 Camico
673 1552 690 1574 e
716 1545 819 1584 post-

103 1594 207 1631 quam
242 1587 401 1621 iunctum
440 1593 516 1623 erat
547 1589 723 1623 Carnicae
759 1588 819 1622 vel

104 1635 258 1669 Cat-nice
284 1640 347 1681 (ze
386 1637 566 1686 Car-nice,
602 1637 637 1671 h.
666 1649 696 1671 e.
725 1637 820 1671 Car-

101 1685 248 1730 nicae),
285 1683 415 1719 litteris
442 1686 549 1720 aliter
574 1685 758 1730 dispositis
785 1689 821 1718 et

103 1744 122 1766 ο
144 1730 294 1776 propter
317 1733 507 1768 delicatam
533 1734 702 1768 Italorum
734 1743 821 1778 pro-

102 1781 364 1828 nuntiationem
386 1783 518 1816 inserta
530 1783 822 1830 (Car-e-cinae)‚

106 1831 251 1864 emersit
286 1835 483 1865 monstrum
520 1832 720 1876 scripturae
749 1831 824 1866 Ca-

105 1879 263 1913 rec-inae.

145 1926 305 1974 [Cluvio]
312 1929 418 1974 patre
428 1930 487 1974 qui
497 1951 534 1956 -
551 1929 703 1965 duxisset
712 1941 723 1962 .-
735 1939 825 1963 con-

106 1975 289 2010 iunctivus
327 1975 537 2022 dignitatem
576 1977 636 2012 vel
663 1977 823 2012 ordinem

107 2025 217 2068 patris
229 2023 399 2059 describit
411 2039 421 2069 ;
436 2026 544 2067 talem
557 2026 671 2060 fuisse
687 2032 823 2071 patrem

107 2071 825 2156 QQQUS

107 2121 337 2167 tribueretur.
365 2123 434 2157 Sed
459 2134 502 2158 ea
530 2129 628 2158 strue
646 2134 709 2159 ura
735 2134 825 2158 con-

108 2174 205 2205 stare
233 2172 370 2216 nequit,
399 2173 468 2206 nisi
496 2174 524 2206 si
551 2182 680 2206 nomen
710 2172 827 2206 Cluvii

108 2218 354 2253 amovebitur:
383 2230 428 2257 eo
453 2226 595 2255 retento
619 2220 727 2254 debet
745 2231 826 2254 esse

109 2265 207 2300 duxit
233 2266 294 2301 vel
319 2267 480 2310 duxerat,
510 2269 605 2313 quod
630 2273 749 2303 tamen
765 2279 827 2302 re-

108 2323 243 2358 ponere
267 2325 374 2349 nemo
399 2316 559 2359 audebit,
586 2317 737 2350 duxisset
761 2327 829 2350 au-

110 2367 180 2396 tem
193 2363 419 2398 manifestum
437 2364 729 2399 vitiumoffeiret.
753 2365 828 2399 Ne—

111 2420 182 2456 que
207 2410 364 2446 Helvidii
390 2419 493 2457 pater
506 2413 650 2447 Cluvius
678 2418 828 2447 vocatus

112 2463 182 2502 est,
205 2461 275 2495 nisi
299 2460 394 2495 filius
420 2461 516 2497 aliud
535 2472 664 2496 nomen
686 2473 828 2496 assum-

113 2508 198 2552 psit,
222 2508 318 2554 quod
348 2510 463 2554 ipsum
489 2520 560 2544 non
587 2510 763 2545 credibile
791 2511 828 2544 in

112 2565 208 2592 novo
235 2555 394 2601 homine,
420 2559 483 2592 sed
510 2559 700 2594 Helvidius.
755 2559 828 2592 Pu-

114 2609 199 2650 guat
223 2604 394 2640 adversus
419 2607 578 2641 Cluvium
604 2609 712 2642 etiam
737 2617 827 2641 con-

114 2652 266 2686 suetudo
307 2654 516 2698 scriptoris:
569 2666 649 2689 nam
686 2655 827 2690 Tacitus

114 2704 281 2744 parentes
307 2712 429 2745 parum
462 2703 621 2738 illustres
647 2704 828 2737 hominum

116 2749 176 2793 qui
206 2749 454 2785 claritudinem
487 2751 635 2786 familiis
669 2754 744 2786 suis
770 2754 829 2786 in-

117 2796 274 2831 tulerunt
302 2800 500 2844 generatim
528 2800 731 2845 designare,
758 2811 829 2834 non

116 2855 246 2879 vocare
273 2848 417 2881 nomine
443 2847 548 2881 solet.
599 2848 658 2882 Sic
682 2849 727 2883 de
751 2848 830 2883 Tito

118 2894 225 2928 Vinio
252 2894 295 2933 H,
326 2895 339 2929 l
365 2896 432 2931 48:
464 2903 569 2942 pater
599 2896 655 2930 ilci
683 2903 830 2942 praeto—

115 2943 174 2977 ria
194 2943 356 2989 familia,
388 2951 568 2982 ntaternus
591 2956 677 2980 avus
704 2957 723 2980 e
741 2957 832 2993 pro-

886 1102 1038 1147 scriptis.
1090 1099 1243 1135 Perinde
1281 1100 1316 1134 in
1353 1100 1468 1134 altero
1497 1110 1609 1146 opere

887 1149 935 1183 nl
962 1150 1029 1185 30:
1065 1149 1203 1184 Volusio
1229 1155 1326 1183 cetus
1347 1150 1490 1194 familia
1505 1176 1515 1193 ,
1540 1161 1609 1184 ne-

888 1210 952 1243 que
977 1204 1092 1232 tamen
1113 1204 1321 1244 praeturam
1348 1210 1514 1244 egressa,·
1540 1199 1609 1234 75:

891 1247 1015 1292 Capito
1051 1247 1174 1281 Ateius
1212 1269 1255 1273 —
1302 1259 1367 1281 ato
1404 1248 1610 1281 centurione

889 1295 1038 1329 Sullano
1057 1322 1066 1338 ,
1091 1301 1194 1341 patre
1218 1297 1419 1341 praetor-1¹03
1462 1295 1512 1330 lv
1537 1296 1608 1331 61:

891 1345 1041 1386 Quintus
1068 1345 1236 1378 Haterius
1251 1370 1261 1387 ‚
1299 1345 1440 1388 familia
1465 1351 1610 1380 senato-

888 1394 971 1435 ria,·
1013 1392 1059 1425 Vl
1085 1393 1154 1428 39:
1193 1393 1263 1436 fine
1301 1394 1390 1426 anui
1431 1392 1611 1438 Poppaeus

889 1441 1043 1476 Sabinus
1059 1443 1231 1475 concessit
1254 1443 1340 1483 vita,
1364 1442 1521 1476 modicus
1534 1442 1612 1476 ori-

889 1491 995 1536 ginis,
1052 1490 1152 1524 Hanc
1191 1491 1386 1533 rationem,
1429 1495 1467 1523 ut
1501 1492 1613 1534 patris

891 1538 1100 1584 dignitatem
1110 1544 1337 1582 memoraret,
1355 1549 1484 1572 nomen
1501 1541 1612 1573 omit-

890 1592 996 1629 teret,
1026 1588 1134 1621 etiam
1159 1597 1255 1620 nunc
1270 1588 1391 1621 Tacito
1418 1587 1612 1631 placuisse,

891 1636 927 1669 id
954 1647 998 1669 ex
1023 1632 1127 1669 modo
1157 1635 1387 1670 subiunctivo
1412 1636 1612 1670 certissime

893 1686 1136 1729 cognoscitur.
1165 1684 1233 1718 Sed
1262 1685 1355 1718 unde
1374 1684 1516 1718 Cluvius
1542 1695 1612 1719 ve-

891 1733 980 1766 nit?
1015 1732 1119 1766 Hunc
1147 1732 1229 1766 libri
1258 1732 1478 1779 ἀρχετύπου
1507 1733 1638 1778 glos-=

892 1787 989 1815 sator
1025 1783 1166 1825 accepit
1198 1792 1242 1815 ex
1269 1782 1310 1815 Η.
1336 1781 1384 1815 IV
1411 1783 1489 1816 43:
1525 1781 1613 1816 Hel..

892 1831 1005 1865 vidius
1036 1853 1083 1857 -—
1118 1841 1141 1863 a
1173 1829 1277 1863 laude
1305 1830 1421 1864 Cluvii
1445 1830 1526 1874 Rufi
1550 1842 1613 1864 or-

893 1892 975 1922 sus,·
1015 1877 1157 1912 laudem
1194 1878 1259 1913 ille
1293 1889 1402 1923 prave
1431 1879 1615 1913 intellexit

893 1927 1132 1962 laudationem
1171 1932 1206 1962 et
1240 1927 1332 1962 hanc
1358 1939 1378 1962 a
1403 1927 1479 1961 filio
1507 1927 1614 1962 habi..

893 1982 961 2010 tam
991 1986 1071 2010 esse
1098 1975 1260 2011 credidit.

970 2025 1028 2069 qui
1052 2023 1129 2058 sola
1155 2024 1247 2058 bona
1279 2036 1367 2069 quae
1394 2025 1541 2059 Ιιοιιεειη
1567 2045 1614 2052 -

894 2074 1153 2107 adnumerant:
1183 2075 1306 2117 paucis
1333 2073 1396 2107 sed
1426 2073 1613 2107 admodum

894 2122 1000 2166 plene
1037 2122 1237 2156 Stoicorum
1272 2122 1444 2156 moralem
1477 2123 1615 2156 doctri-

893 2182 974 2204 nam
1002 2170 1211 2214 complexus
1237 2176 1303 2205 est.
1414 2183 1524 2216 ρεπεν
1549 2172 1614 2204 de..

894 2219 1030 2253 lectus:
1057 2229 1091 2252 v.
1120 2219 1197 2252 xv1
1222 2218 1270 2253 28
1296 2224 1331 2252 et
1356 2219 1403 2254 29
1428 2224 1463 2253 et
1489 2220 1548 2254 35.

975 2267 1171 2302 libertatem
1195 2267 1333 2306 hausit:
1369 2267 1405 2300 h.
1434 2279 1465 2301 e.
1497 2267 1614 2302 liher-

895 2320 1003 2350 tatem
1031 2316 1160 2359 cupide
1186 2316 1337 2359 petivit3
1366 2315 1413 2348 cf.
1440 2316 1482 2349 A.
1507 2318 1557 2350 4:
1578 2326 1616 2350 sc

895 2365 934 2397 in
955 2364 1074 2409 prima
1097 2365 1241 2398 iuventa
1277 2364 1427 2397 studium
1455 2364 1615 2409 philoso-

893 2412 1000 2457 phiae
1026 2413 1147 2446 acrius
1175 2432 1212 2438 —
1243 2412 1400 2446 hausisse
1410 2425 1423 2455 ‚-
1442 2412 1484 2447 H.
1512 2412 1526 2447 1
1554 2414 1615 2457 51,

970 2509 1055 2543 civis
1090 2515 1255 2553 senator,
1299 2512 1446 2544 maritus
1479 2521 1613 2555 gener,

897 2559 1042 2601 amicus,
1083 2559 1240 2593 cantetis:
1275 2560 1329 2592 sic
1361 2558 1615 2604 distinguenda

897 2612 979 2641 sunt
1004 2607 1182 2649 membra,
1218 2612 1255 2639 ut
1293 2608 1493 2640 communia
1530 2607 1614 2639 iun-

897 2661 1045 2701 gantur:
1071 2666 1151 2689 nam
1182 2656 1267 2688 civis
1292 2661 1436 2688 senator
1456 2653 1615 2688 Helvidii

896 2706 1071 2738 rationem
1104 2714 1189 2748 erga
1216 2713 1290 2737 rem
1318 2703 1509 2747 publicam,
1534 2713 1616 2736 ma-

898 2755 985 2786 ritus
1010 2763 1119 2796 qener-
1148 2762 1233 2796 erga
1259 2752 1452 2794 proximos,
1479 2751 1615 2785 amicus

900 2811 984 2846 erga
1027 2809 1089 2832 eos
1134 2809 1282 2843 quorum
1324 2799 1460 2833 similes
1496 2809 1615 2834 utores

901 2848 1080 2892 exprimit.
1096 2872 1101 2875 -

973 2895 1058 2939 Cap.
1082 2894 1117 2929 6.
1169 2901 1271 2929 erant
1297 2897 1417 2940 quibus
1443 2896 1614 2942 adpeten-

901 2946 969 2979 tior
1002 2945 1121 2988 famae
1149 2944 1349 2979 m‘dereeur:
1385 2955 1431 2980 ex
1462 2945 1520 2981 his
1550 2956 1616 2983 sua
