1768 3216
131 202 305 248 daeo.
628 210 765 247 LIBER
788 210 816 249 1.
869 210 958 248 cn.
985 209 1144 248 39—42.
1594 210 1643 244 4¹7

132 324 233 375 mo
255 324 431 374 adflixit.
464 330 525 372 Eo
553 330 678 385 signo
699 330 922 372 manifesta
953 329 996 370 in
1017 329 1226 372 Othonem
1255 327 1440 370 omnium
1469 327 1643 369 militum

132 401 286 460 studia,
319 403 532 449 desertum
564 405 663 460 suga
693 404 835 459 populi
868 405 1019 458 forum,
1054 404 1254 447 destricta
1285 403 1488 446 adversus
1520 403 1647 445 dubi-

132 485 270 524 tantes
299 480 394 524 tola.
455 479 572 522 quta
604 480 735 522 Curtii
772 479 909 521 lacum
951 480 1232 534 trepidatione
1263 479 1485 521 serentium
1518 479 1648 522 Galba

132 556 346 612 proiectus
378 568 402 596 e
432 555 536 597 sella
567 568 617 597 ac
646 555 892 610 provolutus
926 559 1001 597 est.
1063 555 1302 597 Extremam
1347 555 1437 597 eius
1479 567 1646 607 vocem,

130 633 179 672 ut
217 630 369 684 cuique
413 629 555 672 odium
598 634 666 671 aut
706 630 928 673 admiratio
970 630 1068 683 fuit,
1114 631 1232 673 varie
1262 630 1503 685 prodidere.
1564 628 1682 673 Aliis

133 705 377 760 suppliciter
418 705 710 761 interrogasse
761 706 858 760 quid
902 705 1002 748 mali
1047 706 1297 756 meruisset3
1346 718 1507 760 paucos
1557 706 1649 748 dies

134 780 372 824 exolvendo
407 780 607 822 donativo
650 781 934 835 deprecatum.
991 780 1134 823 Plures
1171 781 1376 824 obtulisse
1403 781 1511 823 ultro
1542 793 1646 836 per-

135 856 379 900 cussoribus
409 856 617 912 iugulum:
661 861 839 912 agerent
876 869 927 898 ac
960 857 1162 909 ferirent,
1195 857 1232 898 si
1263 857 1319 899 ita
1352 871 1374 899 e
1405 869 1453 898 re
1483 855 1650 910 publica

133 932 364 975 videretur.
424 930 519 973 Non
552 931 741 974 interluit
772 930 1057 973 occidentium
1088 931 1187 985 quid
1220 931 1394 974 diceret.
1455 931 1518 973 De
1547 943 1651 986 per-

135 1001 312 1050 cussore
341 1018 427 1048 non
459 1006 561 1049 satis
593 1011 773 1049 constat.
836 1006 1013 1056 Quidam
1040 1006 1280 1048 Terentium
1311 1011 1548 1060 evocatum,
1580 1006 1650 1048 alii
1667 1021 1704 1050 10

133 1081 385 1134 Lecanium3
421 1081 615 1123 crebrior
645 1081 755 1123 sama
788 1081 960 1123 tradidit
991 1082 1227 1124 Camurium
1261 1082 1430 1136 quintae
1458 1082 1651 1124 decimae

133 1157 316 1214 legionis
347 1157 519 1200 militem
552 1157 746 1212 inpresso
778 1157 920 1213 gladio
954 1156 1139 1214 iugulum
1173 1158 1263 1200 eius
1297 1157 1503 1200 hausisse.
1565 1159 1651 1200 Ce-

134 1233 215 1275 teri
245 1244 370 1275 crura
400 1232 659 1287 brachiaque
689 1239 807 1285 (nam
832 1237 978 1287 pectus
1000 1215 1650 1289 tegebaturff‘foede‘laniaverffi

134 1308 335 1363 pleraque
363 1308 539 1351 vulnera
570 1308 738 1350 feritate
773 1313 813 1351 et
843 1309 1018 1351 saevitia
1058 1313 1207 1351 trunco
1239 1309 1321 1351 iam
1359 1309 1530 1364 corpori
1570 1309 1652 1351 ad-

65 1384 259 1426 42iecta.
318 1383 452 1425 Titum
483 1383 582 1425 inde
613 1383 778 1426 Vinium
813 1383 1023 1426 invasere.
1084 1384 1148 1426 De
1188 1395 1269 1439 quo
1315 1389 1356 1425 et
1387 1385 1478 1439 ipso
1512 1384 1704 1426 ambi-¹5

135 1459 273 1516 gitur,
310 1460 674 1514 consumpseritne
704 1472 855 1502 vocem
887 1460 976 1502 eius
1008 1460 1170 1503 instans
1200 1465 1360 1514 metus,
1395 1473 1448 1502 an
1479 1460 1653 1514 procla-

69 1592 73 1593 7
136 1534 315 1577 maverit
342 1545 428 1576 non
463 1547 559 1577 esse
591 1535 642 1576 ab
661 1534 826 1577 Othone
857 1535 1095 1578 mandatum
1124 1540 1169 1577 ut
1201 1535 1482 1578 occideretur.
1530 1535 1651 1586 Quod

136 1622 214 1652 seu
240 1609 358 1652 finxit
388 1610 612 1652 formidine
643 1623 719 1652 scu
750 1611 1070 1673 conscientiam·
1092 1611 1651 1674 coniurationis-‘confessus

806 1660 991 1677 ᾪ--κ-

134 1689 213 1738 est,
245 1685 327 1727 huc
357 1685 495 1739 potius
528 1685 618 1727 eius
646 1686 731 1726 vita
764 1685 958 1739 famaque
988 1671 1176 1739 inclinat,
1208 1691 1253 1728 ut
1277 1686 1475 1728 conscius
1505 1685 1650 1728 scele-

271 1828 306 1863 3.
335 1828 453 1863 eureis·
477 1827 554 1864 Ma:
581 1829 739 1875 euzoium
767 1829 806 1864 G.
902 1830 936 1865 5.
965 1841 1068 1865 amm.
1095 1828 1162 1865 Ma.

136 1881 336 1912 correctum
362 1878 400 1912 in
427 1876 467 1912 G.
561 1879 594 1913 7.
624 1878 817 1924 defectum
846 1878 912 1914 Ma.

134 1926 238 1972 faede
264 1925 330 1961 Ma.
387 1928 441 1961 14.
471 1926 566 1960 voln.
595 1926 654 1961 Or.

136 1974 164 2010 G
188 1975 390 2022 formich'no.

1243 1831 1369 1864 variae
1395 1830 1546 1877 prodere
1573 1830 1649 1867 Ma:

1006 1880 1042 1915 8.
1069 1891 1158 1926 re.p.
1181 1877 1255 1913 Ma:
1282 1891 1299 1914 e
1323 1891 1364 1914 re
1395 1892 1440 1926 41·
1473 1880 1511 1915 G.
1593 1882 1649 1916 13.

712 1939 782 1962 sev.
811 1926 877 1962 Ma.
933 1928 990 1963 18.
1018 1930 1126 1974 sormi
1148 1929 1200 1975 (in
1229 1939 1355 1963 versus
1385 1928 1472 1977 fine)
1499 1941 1544 1964 ne
1571 1929 1648 1965 Ma:

468 1976 687 2010 consciencia
717 1975 820 2011 GMaz
852 1977 1009 2012 correxit
1034 1977 1233 2013 Acidalius.

135 2102 375 2146 adversarios,
383 2102 535 2138 alterum
546 2105 734 2150 aequalem
746 2104 859 2141 Otho-

136 2152 191 2185 nis
219 2150 288 2197 (cf.
314 2148 389 2186 lnd.
421 2150 552 2200 hist.)‚
588 2153 740 2188 alterum
777 2155 858 2190 aevi

137 2201 277 2246 prioris.
330 2198 460 2235 Forma
484 2201 711 2248 uoloyaesum
737 2204 773 2237 in
804 2203 859 2238 Ma

136 2249 359 2284 assimilandi
394 2260 516 2285 errore
550 2257 632 2286 nata
673 2257 738 2287 est.
802 2251 857 2288 Cf.

137 2303 259 2332 annot.
288 2297 332 2331 ad
363 2298 440 2332 Xlll
467 2299 501 2334 7.

211 2346 297 2390 Cap.
325 2348 385 2381 41.
421 2354 614 2383 eaetremam
640 2350 713 2384 eius
739 2361 859 2384 vocem

139 2415 184 2421 —
213 2395 378 2429 donativo
414 2396 662 2443 deprecatum.-
700 2409 735 2432 v.
773 2398 861 2432 Plu-

138 2444 253 2479 tarch.
281 2441 382 2479 Galb.
411 2445 470 2481 27.
501 2446 651 2482 Sueton.
679 2446 779 2482 Galb.
800 2449 859 2484 20.

137 2491 206 2527 Dio
233 2488 344 2526 LXIV
370 2493 405 2529 6.

137 2589 160 2625 b
231 2541 392 2624 §rapt-estio
420 2543 557 2600 ‘gladio
595 2544 751 2591 iugulum
787 2545 861 2578 eius

139 2602 372 2685 ..332312'1110
383 2592 859 2687 ’ἒὲῒξωέθιωζῗέἔίῗζῖᾱῗὲῗ

141 2698 211 2733 que
226 2693 310 2732 apte
337 2688 495 2724 additum
527 2696 582 2724 est
600 2692 759 2737 inpresso
776 2691 860 2736 yla-

142 2736 211 2770 dio.
239 2735 503 2781 Cf.}10m.ll.5
529 2740 622 2774 517:
655 2735 720 2776 διὰ
751 2741 782 2774 δ’
799 2742 863 2777 ἔν-

141 2795 230 2831 τερα
252 2787 392 2833 χαλκὸς
422 2788 616 2835 ἄφυσσεν.
649 2789 859 2833 Anonymus

142 2838 251 2876 poeta
277 2835 370 2878 apud
384 2836 533 2871 Aristot.
549 2836 648 2872 Poet.
676 2840 742 2874 21:
767 2841 860 2884 χαλ-

143 2881 206 2965 ἷῷ
242 2881 488 2970 ἇέἰὸδθιὲυχὴν
530 2884 724 2980 η’ρύρας.μ
746 2887 858 2933 -νίτς,

179 2940 236 2965 en.
403 2945 413 2968 ι
443 2945 674 2980 quos—tam
724 2947 860 2970 ammae

145 2977 303 3025 tulerint,
327 2980 489 3019 ini-uicus
516 2989 548 3020 οι
572 2984 731 3020 Ικτιιεενὶι
756 2986 860 3020 emis.

930 2106 961 2140 X
985 2105 1079 2141 314:
1106 2106 1189 2141 huic
1213 2106 1333 2153 yladio
1363 2129 1406 2134 --
1437 2107 1529 2141 latus
1555 2107 1648 2141 Imu-

929 2156 977 2189 rit
1010 2161 1182 2201 apertum.
1244 2155 1415 2190 Claudius
1445 2156 1650 2202 Quadriga-

929 2205 1003 2237 rius
1027 2204 1122 2248 apud
1147 2204 1240 2239 Gell.
1267 2205 1313 2239 lx
1347 2206 1408 2240 13:
1455 2206 1648 2251 Hispanico

931 2252 1092 2299 (gladio)
1117 2260 1238 2299 pectus
1262 2254 1391 2288 hausit.
1434 2254 1535 2287 Hunc
1564 2255 1649 2288 imi-

927 2306 1023 2335 tatus
1054 2303 1091 2335 in
1127 2302 1288 2336 eiusdem
1324 2304 1376 2336 rei
1404 2302 1648 2347 descriptione

929 2350 1051 2384 Livius
1076 2350 1139 2384 vll
1168 2352 1231 2385 10:
1257 2362 1328 2385 uno
1358 2350 1540 2396 alteroque
1565 2352 1648 2385 sub..

931 2399 1013 2433 inde
1048 2400 1121 2434 ictu
1155 2406 1312 2434 ventrem
1361 2407 1464 2445 atque
1498 2401 1649 2447 inquiren

931 2449 1060 2483 hausit.

1002 2509 1064 2532 seu
1101 2498 1356 2532 conscientiam
1393 2499 1649 2533 coniurationis

931 2548 1110 2591 confessus
1152 2553 1230 2581 est:
1272 2549 1420 2582 amatori
1461 2548 1648 2582 varietatis

931 2597 1045 2641 magis
1081 2597 1253 2630 convenit
1289 2598 1566 2639 conscientiam,
1611 2601 1650 2629 ut

930 2644 1114 2678 Acidalius
1139 2646 1297 2679 restituit
1323 2656 1387 2690 pro
1418 2646 1647 2687 couscientia,

930 2692 966 2726 id
993 2693 1086 2738 quod
1113 2705 1169 2728 me
1198 2694 1319 2728 iudice
1359 2705 1402 2728 ex
1430 2694 1650 2727 conscientia

931 2741 1030 2775 ducit
1055 2743 1232 2788 originem
1257 2754 1266 2775 ι
1302 2753 1383 2775 nam
1410 2743 1462 2775 sic
1490 2753 1509 2775 e
1535 2742 1647 2776 verbo

931 2792 1110 2835 confessus
1127 2797 1177 2825 est
1202 2790 1335 2834 pendet
1359 2790 1540 2824 obiectum
1561 2802 1648 2824 con-

931 2840 1135 2882 scientiam,
1171 2844 1209 2871 ut
1235 2849 1279 2871 ex
1303 2839 1408 2881 finxit
1434 2836 1646 2883 suspensum

933 2892 987 2921 est
1018 2888 1136 2931 quod:
1182 2886 1251 2919 hoc
1290 2887 1383 2920 enim
1428 2898 1499 2933 quo
1531 2889 1648 2923 minus

932 2938 1038 2970 etiam
1068 2946 1147 2969 cum
1175 2935 1289 2969 altero
1316 2935 1427 2970 verbo
1470 2938 1649 2982 consessus

933 2990 983 3019 est
1009 2985 1189 3030 iungeret,
1217 2989 1253 3019 et
1280 2983 1395 3020 altero
1419 2997 1481 3022 seu
1507 2991 1543 3022 et
1567 2987 1648 3022 exi-
