1768 3216
155 247 278 297 892ῥ

205 378 280 403 mos
315 369 349 401 in
384 366 606 402 orationibus
641 367 792 402 aliorum
821 379 883 403 re-

203 427 362 463 ferendis
403 428 443 462 11
472 427 537 471 24,
583 429 625 463 15
654 428 711 463 63.
763 429 795 464 A
819 430 877 464 29.

204 499 261 522 ars
297 488 475 522 contraria
514 489 604 522 scite
642 490 879 534 componendi

169 548 231 582 *H
264 550 280 582 1
321 549 379 582 21.
419 547 463 583 de
502 548 682 583 Trebellio
723 550 873 585 Maximo

200 618 273 642 non
286 608 531 642 inconstanter
544 608 691 654 iudicat,
718 615 756 644 ut
774 610 875 645 Doe-

203 667 356 702 derlinio
385 669 500 702 visum
529 674 583 704 est
608 669 634 703 H
667 670 681 704 1
711 670 769 706 60.
806 671 875 704 mi-

201 739 266 763 nus
294 734 460 764 accurate
486 739 580 775 quae
606 731 782 777 cogitavit
809 742 876 765 ex-

202 789 332 834 pressit
362 790 389 823 H
418 791 439 824 2
468 790 502 833 9,
529 789 552 825 4
582 790 626 825 10
651 795 688 824 et
708 790 767 826 81.
796 790 827 824 A
850 791 883 826 6.

202 849 342 883 Livium
379 850 505 883 ducem
547 849 672 884 habuit
710 850 738 884 H
773 850 795 885 3
828 852 885 886 72.

204 915 297 943 errat
332 920 411 943 cum
438 909 544 943 tradit
580 911 687 944 etiam
712 910 876 944 Servium

203 968 356 1003 Tullium
403 968 618 1013 Capitolium
677 971 880 1005 extruxisse

203 1028 289 1064 ibid.
327 1029 363 1063 in
404 1031 672 1074 computatione
706 1032 877 1075 temporis

202 1101 268 1135 per
305 1090 400 1135 quod
427 1089 643 1134 Capitolium
682 1101 702 1124 a
728 1090 878 1136 Tarqui-

203 1151 272 1184 niis
298 1149 524 1184 aedificatum
550 1152 710 1193 steterit,
742 1162 762 1185 a
792 1161 880 1185 vero

202 1210 383 1245 aberravit
427 1210 511 1244 ibid.
567 1210 750 1244 hominum
791 1210 880 1244 illu-

202 1270 326 1303 strium
354 1268 526 1303 obscuros
566 1274 734 1313 parentes
763 1280 880 1315 gene-

201 1330 304 1362 ratim
332 1328 536 1375 designare,
564 1339 636 1363 non
663 1340 795 1364 vocare
812 1340 879 1363 no-

203 1389 363 1423 minatim
391 1389 486 1423 solet
511 1390 541 1423 H
569 1390 592 1424 4
619 1391 652 1425 5.
695 1391 730 1424 in
757 1390 885 1436 Aegy-

169 1467 170 1470 ¹
200 1455 261 1495 pto
288 1449 357 1484 fuit
382 1450 410 1484 H
436 1451 458 1483 4
478 1450 538 1485 83.
575 1450 605 1484 A
629 1450 689 1486 45.
717 1460 788 1484 non
814 1461 883 1495 pu-

202 1514 288 1556 gnat
317 1520 438 1544 secum
464 1511 500 1544 in
527 1510 572 1544 iis
598 1521 690 1556 quae
717 1510 761 1545 de
789 1510 880 1545 Ger-

203 1580 387 1604 manorum
425 1570 508 1604 telis
535 1562 731 1605 memoriae
761 1570 885 1616 prodi-

206 1629 257 1664 dit
286 1629 314 1664 G
342 1630 377 1665 6.
406 1631 501 1665 circa
529 1631 705 1678 originem
728 1632 883 1666 nominis

200 1691 521 1737 Agrippinensium
558 1702 578 1725 a
616 1702 703 1726 vero
741 1693 882 1727 aberrat

204 1750 231 1784 G
257 1751 315 1786 28.
356 1761 427 1785 non
457 1751 526 1786 fuit
551 1752 586 1785 in
612 1752 818 1796 Britannia,
847 1754 882 1788 id

202 1810 298 1856 quod
332 1810 523 1846 Passovius
560 1823 639 1846 curn
678 1813 886 1859 pedisequis

202 1872 339 1916 opinati
366 1876 448 1905 sunt
466 1872 498 1906 Α
521 1871 580 1907 24.
608 1873 783 1908 rationem
811 1885 882 1908 non

210 1936 377 1965 accurate
408 1932 578 1965 subduxit
608 1932 635 1966 0
662 1933 722 1968 34.

154 1990 346 2025 Tamfanae
373 1991 543 2036 templum
573 1994 589 2026 1
618 1994 675 2027 51.
703 1993 730 2027 G
757 1993 792 2028 9.

155 2050 329 2094 'l'amphili
364 2061 494 2085 nomen
521 2051 642 2086 Tacito
676 2052 878 2087 restitutum

207 2109 236 2142 H
264 2110 285 2144 2
311 2110 370 2144 86.

156 2173 334 2215 tamquam
356 2170 400 2204 ad
418 2170 569 2204 aliorum
597 2171 641 2206 de
667 2182 706 2205 re
731 2177 881 2206 senten-

201 2231 285 2264 tiam
312 2230 467 2264 refertur
493 2231 521 2264 H
554 2233 568 2265 1
599 2232 631 2266 7.

155 2294 252 2324 tanto
286 2291 321 2325 in
357 2292 623 2335 comparatione
650 2302 879 2337 suppressum

207 2352 224 2385 1
255 2351 312 2394 57,
341 2349 366 2385 4
393 2350 451 2387 69.

153 2406 288 2445 tantum
300 2411 394 2445 inter
404 2416 562 2446 extrema
572 2413 740 2458 superbia
753 2414 883 2461 egebat

204 2472 245 2505 11
274 2472 332 2506 37.
357 2473 560 2507 restitutum
582 2484 646 2518 pro
666 2474 747 2508 dum
777 2475 876 2510 033.

155 2532 295 2566 Taunus
322 2543 422 2566 mons
453 2535 469 2567 1
497 2534 555 2569 56.

153 2592 227 2627 tela
256 2594 291 2626 in
320 2604 445 2627 necem
478 2593 631 2628 alicuius
667 2601 877 2641 praeparata

203 2652 255 2686 dis
282 2653 413 2686 sacrari
442 2652 547 2687 solita
577 2654 618 2688 15
645 2655 701 2689 74.

152 2717 289 2747 temere
312 2723 354 2746 ac
382 2712 530 2747 fortuito
559 2713 586 2747 G
617 2714 670 2749 10.

153 2777 350 2815 temerare,
389 2777 563 2818 temptare
605 2780 640 2808 et
675 2780 877 2820 temperare

203 2832 232 2866 H
263 2834 278 2866 2
306 2831 365 2867 48.

158 2897 355 2938 temperata
395 2894 488 2939 apud
515 2896 767 2930 transmarinas
797 2906 883 2942 pro-

204 2953 342 2988 vincias
367 2952 537 2990 frumenti
552 2955 740 2991 subvectio
766 2957 807 2992 13
822 2957 881 2992 51.

821 250 961 286 INDEX

933 369 1105 413 templum
1135 369 1287 404 Veneris
1316 369 1482 404 victricis
1507 369 1530 403 3
1556 370 1614 406 23.

932 434 1131 475 temporum
1179 430 1329 464 mutatio
1382 430 1423 463 in
1473 430 1658 466 enuntiato

981 490 1214 525 conditionali
1242 490 1271 524 H
1299 491 1322 524 4
1352 491 1408 525 75.
1654 482 1659 488 '

925 552 969 585 ad
993 556 1132 595 tempus
1163 549 1191 585 Ο
1218 551 1277 585 32.

925 610 1179 645 Tencterorum
1204 610 1309 645 sedes
1340 611 1368 645 G
1394 610 1453 645 32.

926 670 1075 706 tendere
1101 671 1195 716 apud
1223 671 1398 706 vexillum
1425 672 1440 705 1
1474 670 1530 707 17.
1557 675 1658 707 extra

975 731 1109 765 vallum
1151 731 1193 764 13
1235 731 1294 767 36.
1340 731 1490 766 tendere
1526 731 1655 778 placa·

983 796 1101 826 menta
1130 791 1271 825 hostilis
1295 792 1370 827 irae
1395 791 1424 826 H
1455 794 1469 826 1
1499 791 1558 827 63.
1600 801 1658 826 ar-

985 856 1053 895 tus,
1082 862 1202 886 arcum
1229 851 1256 886 Η
1277 852 1301 885 4
1326 851 1396 887 29.-

936 916 1037 957 terga
1067 921 1130 956 pro
1171 915 1316 958 tergora
1348 910 1372 945 4
1399 912 1455 948 72.
1496 915 1599 958 terga
1623 911 1661 946 in

978 981 1061 1004 suos
1093 971 1202 1006 vertit
1226 971 1254 1005 H
1281 971 1304 1005 4
1328 970 1387 1005 33.

929 1035 984 1064 tei·
1012 1030 1128 1065 milies
1154 1032 1340 1078 ingentem
1381 1031 1569 1076 pecuniam
1605 1030 1660 1065 si-

984 1091 1131 1137 gnificat
1159 1091 1186 1126 Ο
1210 1092 1246 1126 8.

932 1155 986 1184 ter
1012 1151 1175 1197 singulos
1201 1150 1297 1185 tollit
1324 1150 1351 1185 G
1382 1150 1435 1185 10.

931 1211 1038 1245 tertio
1064 1221 1127 1255 pro
1153 1211 1296 1244 tertium
1322 1211 1343 1244 2
1368 1209 1427 1244 53.

929 1270 1057 1304 tertius
1078 1270 1170 1305 liber
1195 1269 1389 1304 Annalium
1415 1279 1437 1303 a
1461 1268 1548 1303 novi
1577 1260 1661 1304 anni

978 1330 1085 1365 rebus
1109 1331 1236 1376 incipit
1261 1331 1284 1365 3
1313 1329 1347 1364 2.

935 1395 1072 1425 tessera
1098 1391 1263 1426 militaris
1291 1391 1317 1426 H
1348 1393 1364 1426 1
1393 1392 1452 1435 25,
1479 1391 1502 1425 3
1528 1391 1587 1426 22.
1629 1390 1662 1424 Α

985 1452 1000 1484 1
1031 1451 1063 1485 7.
1170 1494 1176 1499 .

931 1516 1184 1546 testamentum
1224 1523 1286 1558 pro
1323 1514 1476 1562 pignore
1501 1513 1660 1550 scribere

986 1571 1014 1606 Ο
1046 1573 1101 1607 13.

933 1631 1074 1667 testudo
1102 1631 1131 1666 H
1158 1632 1181 1666 4
1206 1632 1266 1668 84.

932 1692 1038 1728 Tettii
1067 1703 1198 1728 nomen
1227 1694 1448 1739 corruptioni
1467 1693 1661 1729 obnoxium

982 1754 1050 1788 fuit
1079 1753 1105 1787 H
1134 1756 1156 1789 2
1182 1754 1241 1789 85.

936 1813 1131 1848 theatrales
1159 1823 1291 1858 operae
1325 1814 1340 1847 1
1375 1813 1428 1848 16.

933 1873 1086 1908 Thraces
1112 1885 1156 1908 an
1174 1873 1328 1908 Threces
1355 1878 1415 1908 aut
1436 1872 1612 1908 Thraeces
1640 1875 1662 1910 2

987 1934 1045 1968 54.

933 1993 1135 2028 Thusnelda
1154 1998 1190 2028 et
1203 1994 1432 2029 Thumelicus
1449 1992 1542 2028 filius
1563 1994 1577 2028 1
1600 1993 1660 2029 58.

931 2054 1119 2088 Tiberiana
1146 2055 1270 2089 domus
1298 2057 1320 2088 i.
1350 2066 1381 2089 e.
1409 2055 1549 2100 postica
1580 2064 1660 2100 pars

980 2114 1109 2149 Palatii
1136 2115 1165 2148 H
1198 2118 1213 2148 1
1243 2116 1300 2149 27.

932 2173 1093 2207 Tiberius
1142 2173 1185 2208 ad
1228 2174 1455 2208 tribuniciam
1498 2179 1662 2219 potesta-

981 2239 1052 2268 tem
1079 2234 1240 2268 admotus
1272 2237 1285 2268 1
1315 2235 1349 2269 3.
1386 2234 1531 2269 iudiciis
1559 2246 1662 2270 asse..

979 2294 1030 2327 dit
1060 2297 1075 2327 1
1107 2295 1163 2329 75.
1207 2295 1284 2328 eius
1313 2294 1520 2328 consulatus
1546 2295 1569 2330 2
1596 2295 1655 2330 53.

981 2354 1118 2388 distulit
1148 2365 1236 2400 quos
1270 2355 1534 2400 implacabilius
1569 2356 1660 2390 ode-

981 2417 1067 2449 ratl
1098 2415 1116 2449 7
1147 2420 1181 2449 et
1205 2415 1263 2459 69,
1291 2414 1313 2448 4
1341 2416 1399 2450 71.
1427 2415 1568 2450 scelera
1591 2427 1660 2450 nu-

978 2486 1043 2521 per
1076 2481 1217 2520 reperta
1258 2476 1386 2519 priscis
1428 2475 1549 2510 verbis
1592 2476 1661 2510 ob-

979 2537 1069 2570 texit
1112 2538 1126 2569 1
1171 2537 1213 2571 72
1254 2541 1289 2570 et
1316 2533 1338 2570 4
1369 2535 1423 2570 19.
1490 2536 1653 2571 Tiberius

976 2601 1011 2630 et
1047 2596 1207 2643 Agrippa
1233 2596 1421 2630 Postumus
1456 2596 1499 2630 ab
1524 2596 1652 2642 Augu-

976 2661 1031 2690 sto
1056 2656 1120 2690 filii
1153 2657 1308 2702 arrogati
1353 2657 1367 2688 1
1406 2657 1439 2690 3.
1493 2655 1654 2691 Tiberius

982 2717 1134 2750 Veneris
1190 2717 1480 2762 consanguineus
1531 2715 1554 2750 4
1598 2715 1656 2750 43.

977 2787 1104 2820 parcus
1132 2778 1167 2810 in
1195 2776 1377 2822 publicum
1403 2776 1424 2811 6
1454 2774 1513 2811 45.
1550 2787 1657 2823 reges

980 2836 1023 2870 ab
1054 2846 1097 2870 eo
1124 2835 1261 2871 Parthis
1288 2837 1387 2870 missi
1428 2836 1471 2870 12
1507 2836 1559 2869 11.

934 2896 1030 2931 tibiis
1058 2908 1200 2942 canere,
1227 2908 1297 2931 non
1325 2907 1389 2942 per
1409 2896 1513 2931 tibias
1532 2896 1575 2931 14
1598 2896 1657 2932 60.

932 2957 1186 3005 Tigranocerta
1211 2967 1341 2995 nomen
1357 2956 1489 3002 plurali
1507 2965 1655 2992 numero
