1768 3216
745 254 831 291 Car.
862 254 1005 291 16-17
1006 280 1015 289 .
1558 255 1629 290 wa

131 370 227 414 idus
255 371 512 414 Decembres
542 372 711 415 occisus
740 376 818 426 est,
851 384 932 427 quo
964 384 1074 414 anno
1109 371 1229 414 divus
1258 372 1471 428 Augustus
1501 373 1545 415 in
1561 373 1630 416 lo-

133 458 228 489 cum
254 447 414 490 Pansae
441 451 484 490 et
508 447 630 489 Hirtii
658 460 708 490 se
732 452 773 489 et
801 448 996 498 Quintum
1022 447 1191 490 Pedium
1223 447 1419 491 consules
1450 447 1626 491 suffecit.

133 522 281 565 Statue
306 534 384 564 sex
413 527 456 564 et
485 523 782 579 quinquaginta
821 535 977 575 annos,
1026 524 1173 577 quibus
1202 535 1300 565 mox
1327 524 1447 565 divus
1478 524 1627 579 Augu-

133 601 223 639 stus
250 609 341 640 rem
369 598 580 652 publicam·
607 598 739 650 rexit3
771 598 893 640 adice
923 598 1078 640 Tiberii
1108 603 1194 640 tres
1216 603 1256 641 et
1275 599 1440 654 viginti,
1468 603 1508 641 et
1525 610 1630 653 pro-

131 683 187 726 pe
214 672 531 726 quadriennium
565 673 656 726 Gai,
688 686 737 716 ac
763 673 828 715 bis
862 677 1089 727 quaternos
1122 674 1255 716 denos
1288 674 1449 716 Claudii
1482 678 1522 715 et
1540 673 1660 719 Ne-5

130 747 248 789 ronis
279 759 427 800 annos,
460 752 582 802 atque
612 748 726 790 illum
759 748 915 790 Galbae
943 752 984 790 et
1014 748 1190 791 Othonis
1222 753 1264 790 et
1284 748 1438 791 Vitellii
1458 748 1628 803 longum

130 825 173 863 et
200 833 328 863 unum
358 834 524 874 annum,
557 836 607 864 ac
634 827 795 865 sextam
826 823 908 865 iam
936 823 1071 866 felicis
1102 823 1223 865 huius
1251 823 1509 878 principatus
1538 827 1629 864 sta-

130 895 311 948 tionem,
355 908 436 950 qua
462 897 745 950 Vespasianus
774 910 864 939 rem
889 897 1097 951 publicam
1128 897 1265 939 fovet:
1300 902 1461 939 centum
1491 902 1531 939 et
1560 898 1630 939 vi-

129 970 236 1024 ginti
266 970 363 1012 anni
407 971 459 1012 ab
499 971 670 1012 interitu
715 971 933 1012 Ciceronis
975 972 1017 1012 in
1060 971 1169 1012 hunc
1212 971 1321 1013 diem
1363 972 1627 1027 colliguntur,

128 1044 254 1087 unius
277 1044 459 1087 hominis
490 1050 619 1088 aetas.
666 1045 771 1087 Nam
802 1046 892 1099 ipse
922 1058 1004 1100 ego
1036 1046 1080 1086 in
1109 1045 1321 1087 Britannia
1350 1047 1436 1087 vidi
1466 1059 1626 1099 senem,
1644 1061 1683 1089 ιο

130 1120 201 1175 qui
229 1132 279 1163 se
306 1120 507 1163 fateretur
537 1121 576 1162 ei
606 1132 771 1176 pugnae
801 1121 1042 1163 interfuisse
1073 1133 1154 1175 qua
1186 1121 1407 1163 Caesarem
1442 1121 1631 1163 inferen-

130 1198 212 1237 tem
241 1208 356 1238 arma
388 1195 628 1236 Britanniae
659 1208 806 1238 arcere
836 1195 1028 1237 litoribus
1058 1200 1098 1237 et
1128 1196 1285 1250 pellere
1307 1196 1500 1251 adgressi
1520 1200 1628 1240 sunt.

130 1269 189 1312 lta
218 1269 255 1312 si
289 1282 407 1323 eum,
446 1270 516 1323 qui
547 1274 729 1311 armatus
762 1269 866 1312 Gaio
898 1270 1070 1312 Caesari
1100 1271 1275 1322 restitit,
1312 1270 1379 1311 vel
1411 1271 1628 1323 captivitas

129 1344 195 1386 vel
231 1344 425 1386 voluntas
456 1344 523 1385 vel
557 1344 684 1386 satum
715 1344 883 1398 aliquod
915 1345 956 1385 in
986 1344 1132 1385 urbem
1178 1345 1475 1398 pertraxisset,
1519 1344 1628 1385 idem

130 1419 355 1468 Caesarem
384 1419 519 1474 ipsum
549 1423 589 1461 et
619 1419 868 1462 Ciceronem
900 1419 1046 1462 audire
1069 1419 1202 1473 potuit
1224 1423 1264 1460 et
1287 1419 1442 1460 nostris
1465 1430 1628 1472 quoque
1649 1428 1689 1461 ιε

129 1494 364 1537 actionibus
395 1494 613 1536 interesse.
674 1494 866 1535 Proximo
901 1493 1067 1547 quidem
1097 1493 1314 1548 congiario
1350 1494 1428 1547 ipsi
1464 1493 1628 1535 vidistis

252 1648 282 1681 1.
313 1646 523 1680 Decembres
552 1657 609 1680 om
634 1646 689 1681 FP
718 1648 773 1691 (in
800 1646 827 1680 F
854 1657 1005 1681 vacuum
1034 1648 1185 1691 spatium
1212 1646 1419 1693 relictum):
1448 1645 1629 1690 supplevit

131 1695 285 1740 Lipsius,
375 1695 475 1728 diuus
500 1695 536 1738 P,
564 1698 648 1730 item
676 1706 770 1737 mox,
797 1705 867 1729 non
897 1696 958 1738 D„
985 1700 1023 1728 ut
1051 1695 1162 1729 edidit
1186 1695 1359 1730 Trossius.
1461 1695 1497 1729 2.
1525 1695 1564 1736 Q.
1591 1694 1627 1728 P.

133 1745 168 1779 3.
195 1745 272 1789 sex]
299 1755 425 1777 nouem
450 1743 526 1777 FP:
555 1746 710 1778 correxit
736 1744 887 1788 Lipsius.
962 1746 998 1779 4.
1025 1745 1141 1778 adiice
1166 1744 1202 1787 P,
1230 1749 1267 1778 ut
1293 1744 1397 1777 solet.
1489 1744 1522 1777 5.
1550 1743 1631 1777 Caii·

134 1792 171 1827 P.
268 1791 303 1826 6.
329 1794 434 1826 istum
452 1792 477 1826 P
506 1803 550 1826 ex
576 1793 684 1826 solito
712 1792 861 1826 Pontani
888 1802 1008 1826 errore
1035 1803 1097 1837 pro
1126 1793 1235 1835 illum,
1260 1792 1485 1836 superposito
1512 1791 1555 1825 ab
1581 1791 1628 1826 al.

134 1852 179 1874 m.
205 1840 297 1875 und:
323 1842 435 1887 ipsum
464 1840 502 1874 F.
624 1841 660 1876 8.
688 1844 792 1876 centii
820 1847 850 1875 et
878 1841 960 1874 dec?
988 1840 1011 1874 1²
1041 1852 1119 1875 cum
1147 1841 1256 1876 aliis:
1284 1847 1421 1875 centum
1447 1846 1478 1873 et
1503 1841 1631 1885 uiginti

134 1889 163 1923 F
192 1894 228 1922 et
253 1889 482 1924 Puteolanus
519 1890 566 1924 cf.
599 1902 630 1923 c.
658 1891 715 1924 24.
796 1893 850 1923 11.
877 1892 1051 1933 fateretur
1076 1889 1126 1923 P:
1155 1890 1336 1935 fatebatur
1363 1888 1402 1923 F.
1493 1889 1526 1922 ei
1548 1888 1630 1922 Mu-

133 1943 258 1972 retus:
284 1938 430 1972 codices
460 1944 502 1972 et.
582 1940 637 1973 12.
665 1939 824 1983 ayyresso'
846 1937 883 1971 P.
964 1940 1017 1973 13.
1046 1939 1085 1972 C.
1114 1939 1150 1973 P.
1231 1939 1284 1974 14.
1317 1944 1348 1971 et
1374 1936 1508 1982 quidem
1535 1937 1629 1972 Cae-

130 1998 247 2020 sarem
273 1987 309 2030 P,
336 1993 367 2021 et
394 1987 529 2032 quidem
550 1992 582 2020 et
610 1988 800 2021 Caesarem
823 1986 875 2020 F:
904 1988 1012 2020 tacite
1038 1989 1194 2022 correxit
1222 1987 1428 2021 Rhenanus.

134 2119 293 2163 addidit,
331 2109 558 2155 intercidere*
584 2120 694 2155 facile
720 2123 848 2166 potuit.

131 2169 419 2252 ⁴sAurgiu7snticci=⁷1i
443 2169 628 2204 Ciceronis
667 2170 711 2204 ab
749 2181 782 2203 u.
817 2182 848 2204 c.

920 2126 956 2155 et
982 2126 1089 2155 totam
1117 2122 1335 2166 principatus
1362 2131 1480 2154 curam
1506 2123 1631 2155 statio-

918 2182 998 2203 uem
1023 2170 1206 2215 appellare
1234 2170 1332 2203 licet.
1381 2169 1456 2203 Hoc
1482 2169 1631 2203 alterum

919 2219 1007 2252 fecit
1041 2219 1243 2252 Antoninus
1283 2218 1364 2251 Pius
1391 2219 1426 2250 in
1461 2218 1631 2261 rescripto

204 2299 268 2321 sea:
295 2293 328 2321 et
361 2289 613 2334 quinquaqinta
638 2300 772 2323 annos:
802 2290 848 2323 cf.

133 2341 255 2369 annot.
283 2335 365 2369 adl
393 2336 427 2370 9.

153 2431 158 2435 -
205 2406 346 2451 lonyum
371 2412 404 2440 et
428 2418 534 2440 unum
567 2418 723 2439 ammm:
765 2406 847 2440 lon-

134 2465 201 2500 gus
228 2459 304 2489 erat
331 2457 362 2488 is
388 2466 501 2488 annus
531 2460 567 2489 et
593 2464 741 2489 numero
768 2454 848 2488 die-

134 2514 210 2538 rum
239 2508 276 2538 et
301 2504 406 2547 copia
443 2514 560 2537 rerum
594 2508 629 2537 et
661 2504 848 2537 atrocitate

134 2562 293 2586 casuum.
349 2551 520 2586 Nimirum
548 2552 680 2586 Galbae
713 2553 850 2595 princi-

134 2605 237 2644 patus
275 2601 415 2635 initium
454 2601 522 2634 fuit
559 2612 591 2634 a.
620 2600 652 2633 d.
682 2600 729 2633 lV
772 2599 850 2633 idus

133 2649 254 2682 lunias
280 2649 363 2682 anni
390 2648 438 2683 68
472 2659 491 2682 a
521 2647 622 2690 Chr„
659 2658 728 2692 qno
756 2647 850 2681 Nero

134 2707 174 2730 se
200 2696 368 2730 occidere
398 2701 542 2730 coactns
570 2701 641 2738 est,
688 2696 851 2730 Vitellius

136 2745 252 2778 finivit
280 2755 312 2778 a.
341 2744 374 2779 d.
403 2744 445 2778 lx
474 2744 645 2778 kalendas
672 2744 852 2778 lanuarias

136 2794 219 2827 anni
242 2792 300 2828 69.

208 2847 342 2876 sextam
377 2864 418 2870 -
458 2842 664 2875 stationem:
695 2842 852 2886 impera-

139 2896 192 2924 tor
230 2894 406 2935 tamquam
450 2895 569 2923 custos
619 2890 775 2923 civitatis
815 2891 852 2923 in

139 2938 301 2974 custodia
326 2939 462 2983 positus
491 2939 680 2984 cogitatur.
732 2938 790 2972 Sic
818 2944 854 2972 et

139 2987 302 3035 singulos
343 2987 481 3031 imperii
528 2997 639 3021 annos
688 2987 853 3022 stationes

248 3073 371 3103 Tacitus
392 3071 447 3102 IV.

918 2267 963 2300 ad
988 2267 1203 2300 Frontonem
1231 2277 1264 2309 p.
1291 2266 1334 2300 10
1359 2264 1413 2298 ed.
1442 2264 1543 2298 Nicb.
1573 2265 1631 2299 vel

920 2325 953 2357 p.
987 2314 1052 2348 185
1079 2314 1134 2347 ed.
1162 2314 1261 2347 Rom.
1305 2324 1335 2345 a.
1370 2312 1478 2346 1846:
1514 2315 1631 2346 animo

918 2373 992 2394 meo
1016 2373 1087 2394 non
1111 2361 1253 2405 difficile
1265 2361 1437 2405 persuasi,
1456 2361 1504 2392 mi
1517 2362 1631 2396 Fron..

918 2416 950 2442 to
972 2410 1175 2450 carissime,
1220 2408 1274 2442 vel
1313 2410 1503 2454 praecipue
1540 2410 1633 2443 laune

919 2458 1008 2490 diem
1025 2484 1034 2500 ,
1072 2469 1137 2502 quo
1162 2469 1214 2490 me
1240 2458 1415 2502 suscipere
1438 2457 1532 2491 lianc
1555 2464 1631 2492 sta-

919 2507 1046 2540 tionem
1083 2506 1243 2551 placuit,
1297 2517 1319 2538 a
1353 2511 1384 2538 tc
1419 2507 1633 2551 potissimum

918 2566 998 2588 tere
1026 2553 1255 2600 rellqioseque
1281 2554 1466 2588 celebrari.

991 2650 1151 2695 proximo
1176 2648 1311 2693 quidem
1337 2649 1539 2692 conyiario:
1575 2646 1632 2679 di-

922 2698 969 2730 cit
994 2698 1214 2743 congiarium
1243 2708 1262 2729 a
1288 2695 1363 2729 Tito
1389 2707 1421 2729 a.
1440 2694 1632 2734 825=72,

922 2744 957 2778 h.
987 2757 1019 2779 e.
1046 2747 1200 2779 triennio
1235 2749 1317 2777 ante
1353 2743 1511 2776 habitum
1538 2742 1632 2775 hunc

921 2804 1142 2835 sermonem,
1183 2793 1320 2832 datum,
1367 2792 1466 2824 cuius
1499 2791 1632 2824 mentio

922 2843 957 2874 in
977 2852 1117 2875 nummo
1144 2842 1202 2885 qui
1224 2841 1276 2872 sic
1297 2839 1425 2872 habet:
1451 2838 1487 2871 T.
1505 2838 1631 2871 CAES.

926 2888 1185 2923 VESPASIAN.
1210 2887 1296 2921 lMl’.
1315 2885 1439 2921 PON‘l'.
1456 2887 1523 2920 ΤΚ.
1539 2884 1631 2920 POT.

923 2936 1089 2979 GOS.11.‚
1116 2942 1151 2970 et
1178 2937 1213 2969 in
1235 2946 1360 2970 aversa
1381 2939 1503 2980 parte:
1522 2933 1633 2970 CON-

923 2984 1042 3021 GIAR.
1068 2985 1240 3020 Plevnl
1266 2983 1303 3020 P.
1331 2985 1372 3019 R.
1399 2982 1500 3018 DAT.
1551 2982 1632 3018 vid.

1381 3063 1432 3106 13
