1768 3216
654 269 790 308 manu
817 271 857 309 v.
908 268 997 313 cn.
1027 259 1182 308 tb—ssi.

130 275 155 306 ι
174 267 228 306 fl.
255 269 323 308 «70.
1556 273 1627 315 4⁰1

129 387 247 432 ribus
272 388 426 430 nuntiis
457 388 551 438 huc
568 387 667 431 illuc
697 391 934 437 cursantem
962 401 1091 443 posse
1108 388 1248 431 medio
1269 388 1477 444 intercipit
1525 389 1632 443 Qui-

129 461 207 504 bus
239 462 499 506 obvenerant
528 466 664 505 castra
694 461 1036 516 decumanorum,
1070 463 1420 519 oppugnationem
1448 462 1632 520 legionis

131 536 303 582 arduam
331 537 413 579 rati
444 549 663 594 egressum
691 537 866 580 militem
897 541 939 599 et
968 537 1197 580 caedendis
1215 539 1400 582 materiis
1418 543 1632 594 operatum

131 611 369 665 turbavere,
402 613 549 655 occiso
580 613 796 667 praefecto
830 617 1064 656 castrorum
1095 617 1136 656 et
1165 614 1347 669 quinque
1380 615 1632 670 primoribus

131 686 422 732 centurionum
454 687 683 742 paucisque
713 687 937 730 militibus:
984 688 1116 730 ceteri
1160 700 1208 731 se
1247 689 1513 734 munimentis
1551 689 1664 744 ‹lc-‚5

131 759 319 805 rendere.
371 762 422 805 Et
451 762 617 805 interim
652 763 952 806 Germanorum
981 775 1127 805 manus
1157 762 1410 806 Batavoduri
1438 777 1632 820 rumpere

131 835 371 878 inchoatum
400 840 567 890 pontem
597 837 848 879 nitebantur.
918 838 1168 893 Ambiguum
1199 839 1402 892 proelium
1440 852 1527 882 nox
1565 839 1635 882 di-

63 910 269 952 mrumst.
335 910 429 953 Plus
462 911 728 954 ,discriminis
771 912 879 967 apud
922 912 1100 955 Grinnes
1144 913 1399 969 Vadamque.
1475 914 1632 959 Vadam

134 983 293 1038 Civilis,
333 984 513 1026 Grinnes
555 986 766 1027 Classicus
812 986 1119 1041 oppugnabant.
1181 986 1269 1028 Nec
1309 988 1401 1030 sisti
1441 991 1634 1042 poteraut

132 1058 356 1102 interfecto
387 1061 616 1103 fortissimo
649 1073 813 1116 quoque
824 1075 836 1113 3
885 1063 927 1103 in
966 1062 1057 1116 quis
1099 1062 1365 1118 Briganticus
1395 1064 1688 1117 praefectus„

131 1133 226 1177 alae
255 1135 483 1190 ceciderat,
515 1148 638 1191 quem
667 1135 793 1179 fidum
824 1137 1023 1179 Romanis
1055 1141 1096 1179 et
1118 1137 1239 1179 Civili
1266 1137 1473 1181 avunculo
1493 1138 1635 1181 infen-

270 1285 306 1319 2.
332 1284 409 1330 obp.
436 1282 500 1318 Ma.
575 1285 609 1320 3.
638 1284 712 1318 ced.
742 1283 807 1318 Ma.

131 1332 364 1367 munimentis.
487 1331 522 1367 6.
556 1339 589 1367 ee
614 1332 662 1367 G:
690 1331 743 1366 Ma
769 1345 802 1366 ιι.

885 1286 921 1320 5.
950 1285 1076 1319 ceteris
1102 1285 1285 1320 eminentis
1308 1284 1384 1320 Ma:
1410 1285 1439 1320 G
1465 1286 1576 1322 ceteri
1597 1297 1635 1321 se

900 1334 1102 1379 inrumpere
1127 1333 1194 1376 Ma,
1222 1334 1366 1380 irripere
1396 1334 1446 1368 G:
1472 1347 1636 1381 rumpere

131 1380 204 1414 Iac.
232 1380 446 1423 Gronovius,
481 1381 540 1426 qui
577 1381 647 1415 hoc
681 1382 805 1416 tribuit
839 1384 884 1427 (t.
913 1381 945 1416 ΙΙ
970 1393 1005 1426 p.
1030 1383 1121 1429 568)
1148 1382 1240 1417 libro
1273 1383 1497 1426 Oxoniensi‚
1540 1383 1635 1417 baud

674 1430 710 1465 9:
740 1431 816 1477 obp.
845 1429 910 1465 Ma.
992 1432 1046 1466 10.
1073 1431 1291 1477 brigantibus
1316 1431 1392 1468 Ma:
1423 1432 1451 1469 G
1476 1433 1634 1479 Brigan-
1675 1468 1678 1470 .

655 1490 780 1513 anime.
808 1479 874 1522 Ma,
902 1489 973 1513 non
1000 1491 1125 1515 aeone.

118 1431 383 1473 consentiente
408 1430 587 1466 Broterio.

132 1478 232 1512 tic-us.
334 1480 389 1513 11.
417 1478 474 1513 ale
500 1477 566 1513 Ma.

132 1615 172 1645 ut
203 1610 295 1645 baec
342 1615 458 1645 castra
501 1610 657 1646 Batavos
690 1612 734 1646 ab
779 1623 850 1646 una

132 1663 253 1704 parte,
297 1659 341 1694 ab
368 1659 481 1694 altera
509 1659 696 1694 decumani
725 1665 760 1694 et
786 1672 849 1694 se-

134 1708 289 1742 cundani
330 1708 475 1743 eosdem
518 1712 740 1743 coercerent.
813 1710 849 1744 Si

133 1761 308 1803 quaterna
331 1755 423 1791 haec
451 1762 567 1791 castra
605 1769 684 1792 cum
711 1762 764 1791 tot
788 1768 849 1791 ar..

132 1811 307 1851 matorum
345 1805 491 1840 milibus
524 1807 561 1840 in
606 1807 685 1852 ipsa
726 1806 847 1841 insula

131 1854 300 1898 fuissent,
323 1858 363 1888 nt
387 1854 591 1889 Danvillius
620 1861 657 1889 et
680 1855 846 1901 plerique

132 1903 350 1949 interpretes
373 1902 484 1938 Taciti
509 1903 750 1948 crediderunt,
777 1915 847 1938 ve-

133 1962 217 1986 reor
252 1957 291 1986 ut
328 1951 456 1986 Batavi
498 1956 633 1986 tantum
676 1955 847 1998 temporis

133 2005 187 2034 tot
210 2000 417 2048 legionibus
434 2001 651 2047 auxiliisque
677 2003 847 2037 resistere

132 2051 349 2094 potuissent.
401 2050 455 2084 Ac
492 2049 620 2084 Civilis
659 2056 847 2096 postquam

133 2098 180 2132 ad
205 2098 336 2137 Vadam
362 2109 500 2133 amnem
522 2098 737 2146 (Vahalem)
768 2107 849 2135 tra-

132 2148 234 2182 navit
259 2150 312 2194 (c.
339 2148 431 2194 21),
468 2157 541 2181 non
567 2153 670 2182 ntra
694 2149 849 2183 insulam

135 2200 211 2240 est,
245 2196 309 2230 sed
336 2197 375 2229 in
401 2206 443 2231 ea
470 2200 506 2230 et
532 2196 626 2241 apud
653 2207 738 2231 suos
765 2208 850 2232 ver.-

135 2250 245 2279 ntur.
297 2244 407 2289 Fugit
440 2244 525 2279 inde
558 2245 742 2290 aliquanto
770 2251 850 2291 post

137 2295 190 2338 (c.
222 2293 287 2337 23)
327 2297 363 2326 et
401 2297 474 2326 tum
514 2293 654 2327 demum
698 2293 851 2328 Cerialis

138 2341 322 2385 (exercitu
356 2340 564 2374 transmisso
585 2366 595 2383 ,
635 2346 672 2375 et
707 2342 850 2387 quidem

135 2393 265 2433 ponte,
300 2393 341 2422 ut
372 2389 540 2431 videtur,
578 2389 616 2422 in
644 2389 772 2424 Vahali
807 2391 851 2424 ad

138 2437 274 2471 Vadam
327 2436 442 2482 sacto)
486 2436 641 2471 insulam
679 2437 853 2472 hostiliter

133 2485 323 2538 populatus
345 2490 412 2520 est.

210 2534 332 2580 qndbus
355 2534 571 2569 obvenerant
596 2540 717 2569 castra
742 2535 850 2570 decu-

134 2594 349 2617 manorum.-
401 2582 445 2617 de
496 2583 642 2618 flumine
681 2584 848 2630 (Rheno)

135 2636 220 2666 ante
245 2642 266 2665 ι
290 2631 436 2665 Batavis
460 2634 612 2666 traiecto
633 2637 755 2666 tacere
781 2643 850 2677 po-

136 2681 225 2722 tuit,
261 2690 340 2713 cum
367 2679 494 2713 abacto
519 2691 623 2714 amne
649 2681 768 2715 tenuis
794 2681 850 2715 al-

136 2738 227 2763 veus
253 2732 350 2762 esset
375 2733 413 2761 et
437 2728 547 2762 facile
572 2728 824 2763 transeundus.

210 2782 243 2811 et
267 2776 410 2810 interim
438 2776 694 2810 Germanorum
726 2788 851 2812 manus

136 2824 355 2859 Batavoduri
369 2836 530 2870 rumpere
542 2825 746 2859 inchoatum
757 2837 850 2873 pon-

137 2878 204 2907 tem
241 2873 468 2907 nitebanaear:
510 2874 618 2907 etiam
656 2873 726 2908 hoc
767 2874 849 2908 loco

135 2932 255 2967 neque
293 2920 424 2956 flumen
460 2933 481 2955 a
518 2921 703 2956 Germanis
737 2923 849 2956 traie-

138 2975 232 3005 ctum
264 2974 348 3004 ante
379 2971 503 3005 initam
541 2981 697 3016 pugnam
731 2981 850 3016 neque

136 3025 218 3066 post
254 3019 408 3053 natando
445 3021 644 3054 tramissum
669 3029 849 3054 memora-

247 3105 372 3135 'l'acitus
394 3105 445 3135 111.

919 1617 997 1645 tur:
1041 1613 1175 1646 etenim
1204 1611 1294 1646 haec
1332 1621 1476 1657 quoque
1517 1615 1632 1645 castra

919 1662 955 1695 in
984 1660 1111 1694 dcxlv-a
1135 1662 1213 1705 ripa
1230 1660 1338 1694 divisi
1362 1659 1480 1695 Rheni
1508 1670 1550 1694 ac
1571 1665 1631 1694 te-

918 1710 981 1743 nui
1019 1709 1127 1744 alveo
1163 1710 1314 1743 meantis
1358 1709 1476 1753 posita
1517 1714 1630 1745 erant.

919 1758 1067 1792 Pontem
1126 1756 1387 1792 inchoaverant
1435 1757 1633 1795 secundani

919 1812 958 1840 ut
987 1818 1031 1841 ex
1058 1806 1127 1841 hoc
1153 1806 1234 1841 loco
1269 1809 1306 1843 in
1340 1807 1523 1843 sinistrum
1547 1806 1633 1844 litus

921 1860 958 1890 et
993 1855 1146 1890 insulam
1186 1856 1297 1890 tutius
1326 1855 1511 1890 incurrere
1545 1865 1634 1900 pos-

920 1909 1011 1939 sent.
1063 1904 1101 1939 Si
1127 1903 1391 1940 Batavodurum
1427 1905 1464 1939 in
1490 1904 1635 1941 sinistra

919 1955 997 1997 ripa
1023 1952 1139 1987 Rheni
1166 1952 1317 1996 fuisset,
1358 1952 1394 1986 h.
1425 1963 1456 1986 e.
1493 1953 1529 1986 in
1556 1954 1635 1998 ipsa

920 2001 1038 2035 insula
1064 2001 1293 2045 Batavorum,
1320 2001 1490 2035 Romanis
1516 2012 1635 2048 neque

880 2081 888 2086 .
919 2049 1094 2096 iungendi
1134 2052 1255 2095 pontis
1291 2051 1385 2085 insta
1412 2060 1519 2087 musa
1544 2050 1634 2089 ade-

918 2104 985 2143 rat,
1010 2109 1130 2144 neque
1155 2098 1342 2144 rumpendi
1365 2097 1524 2136 Batavis.
1586 2099 1631 2139 Hi

918 2158 1085 2192 rumpere
1112 2147 1214 2185 illum
1240 2153 1386 2193 pontem
1412 2148 1633 2191 nitebantur,

919 2201 958 2231 ut
984 2197 1165 2233 Romanos
1189 2207 1211 2232 a
1236 2197 1388 2233 transitu
1419 2197 1458 2230 in
1480 2196 1633 2235 insulam

919 2256 1019 2281 suam
1044 2250 1220 2281 arcerent.
1248 2245 1392 2282 codicis
1417 2243 1473 2278 ma
1495 2246 1634 2282 intumq-

916 2306 1003 2341 pere
1033 2304 1097 2338 pro
1135 2305 1297 2339 rumpere
1329 2303 1374 2329 ex
1413 2292 1573 2330 vocalis·
1613 2304 1635 2328 a

921 2343 1082 2387 proximo
1110 2343 1257 2377 nomine
1292 2341 1540 2387 (Batavoduri)
1552 2354 1555 2358 ·
1567 2340 1635 2377 ad:

920 2392 1159 2425 haerescente
1191 2389 1292 2426 duxit
1317 2390 1518 2435 originum
1551 2399 1633 2427 nam

919 2438 1038 2473 scriba
1077 2439 1257 2474 recentior
1281 2438 1430 2475 formam
1458 2438 1634 2484 {rumpere

919 2498 984 2532 pro
1008 2493 1188 2533 {rumpere
1211 2486 1355 2522 videtur
1378 2487 1577 2531 accepisse.

992 2536 1086 2583 apud
1110 2536 1263 2572 Grinnes
1291 2535 1516 2579 Vndaemwt
1543 2534 1634 2573 llaec

921 2589 1037 2620 eastra
1080 2595 1191 2629 parvo
1229 2589 1365 2621 tantum
1391 2582 1586 2621 intervallo
1613 2593 1634 2620 a

919 2645 960 2669 se
983 2634 1138 2669 discreta
1163 2633 1276 2669 fuisse
1301 2633 1386 2669 hinc
1402 2631 1632 2676 intelligitur,

920 2682 1016 2728 quod
1046 2681 1199 2718 Cerialis
1225 2681 1369 2718 delecto
1395 2681 1517 2725 equite
1543 2678 1632 2717 sub?

919 2732 1072 2766 veniens
1098 2736 1248 2775 utrmque
1268 2729 1464 2765 discrimini
1486 2728 1630 2766 exemit.

919 2779 959 2814 In
986 2780 1130 2814 sinistra
1158 2776 1304 2814 Vahalis
1334 2780 1436 2820 parte
1455 2802 1466 2818 ‚
1497 2785 1569 2814 uon
1595 2777 1632 2815 i·

920 2827 1044 2861 dextra
1072 2828 1151 2861 sive
1183 2827 1220 2860 in
1257 2825 1374 2861 insula
1401 2823 1631 2866 Batavorum.

920 2875 1034 2909 fuisse
1062 2876 1130 2909 iam
1157 2874 1330 2910 monitum
1365 2877 1420 2908 est
1446 2877 1482 2908 et
1513 2874 1632 2911 statim

920 2922 1133 2957 videbimus.

995 2971 1082 3015 Cap.
1124 2971 1183 3010 21.
1234 2971 1412 3015 insensum
1456 2970 1631 3009 diximus.-

920 3019 961 3055 11.
992 3019 1037 3055 lv
1064 3020 1123 3055 70.
1151 3017 1207 3054 Cf.
1234 3018 1276 3055 ss.
1305 3018 1337 3056 11
1364 3020 1422 3057 22-

1375 3084 1431 3127 26
