1768 3216
104 238 181 274 πθ
718 220 1028 259 msromAnvu

109 354 233 396 dubie
259 350 454 392 intererat
494 342 702 386 Vitellium
743 340 879 381 vinci:
918 339 994 381 sed
1036 339 1239 393 imputare
1269 337 1486 401 perfidiam
1519 349 1605 379 non

108 430 278 482 possunt
317 423 384 475 qui
429 418 635 461 Vitellium
682 415 941 469 Vespasiano
985 413 1244 468 prodidere,
1294 425 1451 457 cuma
1473 411 1605 455 Galba

1393 230 1427 254 a.
1455 226 1492 253 u.
1517 217 1603 256 822.
1668 203 1671 206 Ι

109 498 396 542 descivissent.

238 567 456 622 Praecipiti
485 567 526 607 in
573 577 772 607 occasum
821 564 917 616 die,
959 563 1012 604 ob
1055 574 1258 617 pavorum
1294 561 1607 616 magistratuum

68 661 92 690 «5
106 648 451 695 senatorumque,
486 640 554 694 qui
582 639 732 693 dilapsi
764 651 816 679 ex
843 638 948 679 urbe
979 641 1049 679 aut
1094 649 1169 690 per
1200 636 1348 678 domos
1396 635 1608 678 clientium

108 722 240 761 semet
272 715 567 766 occultabant,
612 713 758 755 vocari
789 716 959 754 senalus
989 723 1073 753 non
1109 711 1253 765 potuit.

1312 710 1608 763 Domitianum,

103 797 318 846 postquam
349 790 450 831 nihil
479 788 630 830 hostile
661 788 936 839 metuebatur,
963 787 1015 828 ad
1044 786 1172 828 duces
1201 786 1377 840 partium
1402 798 1609 840 progres-

103 879 194 909 sum
225 871 265 907 et
296 866 519 906 Caesarem
553 863 856 905 consalutatum
888 861 1007 903 miles
1039 862 1253 914 frequens,
1289 865 1414 914 utque
1445 864 1535 902 erat
1565 859 1607 901 in

104 941 245 993 armis,
279 941 320 981 in
349 942 547 993 paternos
574 941 749 992 penates
782 936 966 979 deduxit.

240 1081 271 1114 1.
295 1080 391 1114 uinci
418 1078 469 1113 G:
497 1077 552 1113 Ma
577 1078 717 1113 uicinis.

781 1078 818 1113 4.
843 1078 994 1124 precipit
1019 1076 1098 1112 Ma:
1127 1076 1154 1111 G
1179 1077 1356 1124 precipiti.

1447 1077 1482 1113 9.
1516 1077 1608 1113 Cor..

104 1127 176 1163 neli
206 1128 315 1162 Taciti
339 1128 427 1162 liber
454 1126 615 1162 XVIIII.
645 1125 798 1174 explicit.
827 1127 957 1173 Incipit
983 1126 1180 1160 vicesimus.
1210 1125 1273 1160 Ma.

102 1274 180 1316 bus,
206 1272 312 1307 iidem
343 1272 527 1307 Vitellium
553 1272 678 1306 subitov
700 1276 819 1306 muta-

102 1322 212 1356 bilem
241 1327 301 1356 aut
336 1326 628 1366 contempserunt
666 1325 726 1355 aut
752 1331 820 1355 ve-

104 1371 163 1404 riti
190 1375 283 1414 sunt,
312 1376 350 1404 ut
376 1375 554 1404 narratum
582 1370 624 1404 H.
655 1369 685 1403 11
711 1370 768 1405 92.

175 1419 236 1453 sed
258 1420 430 1465 imputare
453 1419 637 1464 perfidiam
671 1439 715 1445 —
757 1418 820 1452 cle-

104 1468 304 1502 scivissent:
350 1467 418 1501 hoc
445 1468 548 1510 dicit,
577 1467 670 1513 quod
701 1467 820 1501 Vitel-

104 1516 173 1550 lius
201 1516 243 1550 de
277 1517 426 1561 imperio
462 1516 625 1550 deiectus
660 1517 734 1559 sit,
766 1517 820 1550 rei

104 1564 270 1609 publicae
296 1564 452 1599 salutare
479 1565 604 1608 fuisse,
632 1565 695 1599 sed
718 1566 754 1598 in
775 1574 819 1599 eo

105 1624 188 1647 casu
214 1613 347 1648 nullam
381 1615 549 1648 virtutem
589 1619 624 1648 et
654 1615 819 1648 meritum

106 1672 227 1696 eorum
240 1662 507 1708 agnoscendum
521 1673 614 1706 esse,
626 1664 685 1708 qui
701 1662 820 1696 Vitel-

103 1710 190 1744 lium
209 1711 430 1755 Vespasiano
457 1711 691 1755 prodiderint,
713 1711 819 1745 Alie-

103 1769 185 1793 num
198 1759 388 1793 Caecinam
407 1765 441 1795 et
461 1761 579 1794 socios
597 1760 820 1806 designando

105 1807 165 1853 (H.
190 1807 221 1841 ΙΙ
249 1808 317 1843 100
330 1810 422 1855 sq.):
451 1809 515 1842 hos
547 1810 640 1843 enim
668 1820 689 1843 a
709 1808 820 1843 Galba

104 1857 267 1901 principe
287 1856 397 1900 probo
427 1862 463 1890 et
487 1858 680 1891 innocente
698 1857 741 1891 ad
757 1857 820 1890 Vi-

104 1903 243 1939 tellium
268 1904 379 1950 longe
405 1904 618 1939 deteriorem
643 1906 821 1940 descivis-

107 1963 144 1986 se
180 1957 286 1997 atque
321 1953 520 1987 ostendisse
555 1953 623 1988 sibi
661 1954 821 1988 melioris

106 2001 332 2044 imperatoris
360 2011 478 2034 curam
501 2012 570 2035 non
599 2002 723 2037 fuisse.
748 2003 821 2036 Ita-

109 2059 177 2093 que
215 2050 387 2094 imputare
419 2051 602 2095 perfidiam
638 2056 691 2085 est
729 2056 823 2084 tam-

109 2107 213 2142 quam
240 2099 425 2144 egregium
460 2098 598 2132 facinus
626 2099 823 2143 approbare

111 2145 203 2190 (ihre
251 2145 497 2192 Treutosiqkeit
543 2148 581 2181 in
628 2148 823 2193 Rechnu-ny

110 2194 286 2241 bringeri),
309 2205 379 2240 quo
405 2196 609 2241 significatu
628 2196 721 2230 idem
738 2206 824 2230 ver-

108 2241 192 2275 bum
218 2244 254 2276 in
269 2243 436 2277 Historiis
462 2245 476 2278 1
498 2244 546 2279 38
572 2250 607 2278 et
632 2245 677 2280 55
704 2250 739 2279 et
766 2246 823 2287 71,

887 1271 918 1305 11
943 1271 1003 1308 60.
1054 1270 1251 1306 Admodum
1282 1273 1420 1307 incerta
1455 1272 1499 1307 ad
1524 1272 1560 1307 h.
1585 1272 1608 1308 Ι.

889 1319 1037 1366 protulit
1056 1320 1324 1365 Doederlinius,
1352 1323 1411 1367 qui
1438 1322 1611 1368 imputare

891 1369 1048 1414 explicat
1076 1369 1292 1414 exprobrare
1326 1370 1387 1405 vel
1414 1370 1610 1415 obiectare,

891 1417 973 1452 dein
1009 1417 1163 1452 addidit:
1210 1418 1368 1465 ‘oblique
1403 1420 1612 1467 perstringit

891 1468 1019 1512 opinor
1046 1468 1170 1501 nescio
1200 1469 1301 1501 cuius
1334 1469 1403 1502 viri
1434 1468 1520 1502 clari
1551 1469 1611 1503 vel

889 1515 1022 1550 nobilis
1049 1516 1234 1561 scriptoris
1266 1516 1310 1551 de
1339 1516 1487 1552 Vitellio
1515 1517 1611 1552 iudi·
1664 1545 1666 1547 .

891 1565 1004 1607 cium,
1048 1575 1153 1610 quem
1186 1566 1370 1599 nominare
1409 1565 1529 1612 aliqua
1567 1565 1611 1602 de

891 1623 997 1647 causa
1026 1613 1161 1656 noluit,
1191 1614 1251 1659 qui
1278 1625 1357 1648 cum
1384 1615 1461 1659 ipse
1487 1614 1609 1660 dupli-

891 1662 941 1696 cis
969 1662 1140 1706 pei-lidiae
1169 1673 1251 1696 reus
1278 1667 1385 1706 esset,
1410 1663 1610 1708 simplicem

891 1710 1030 1745 Vitellii
1061 1710 1330 1754 defectionem,
1366 1712 1396 1746 si
1431 1722 1500 1757 qua
1527 1711 1606 1756 tuit,

888 1760 1052 1794 severius
1079 1761 1172 1794 iusto
1199 1759 1460 1795 incessiverat’.

956 1809 1146 1854 praecipiti
1170 1810 1208 1843 in
1235 1819 1398 1844 occasum
1425 1810 1507 1844 die.-
1528 1810 1605 1846 Liv.

888 1857 935 1891 IV
957 1857 1002 1892 9:
1025 1858 1281 1902 praecipitique
1308 1860 1381 1892 iam
1407 1859 1474 1901 die,
1498 1858 1607 1895 x42:

850 1948 852 1950 Ι
884 1917 1057 1952 praeceps
1083 1907 1121 1939 in
1146 1917 1308 1940 occasum
1332 1907 1397 1949 sol,
1423 1907 1519 1942 XXV
1537 1909 1606 1944 34:

887 1954 1078 2000 praecipiti
1100 1955 1174 1988 iam
1199 1955 1246 1988 ad
1272 1966 1453 2001 vesperum
1479 1956 1547 1991 die.

964 2002 1230 2037 Domitianum.-
1258 2004 1405 2039 Sueton.
1435 2004 1539 2039 Dom.
1571 2006 1613 2040 1:

889 2056 966 2096 post
991 2051 1176 2085 victoriam
1203 2053 1336 2085 demum
1356 2064 1562 2098 progressus
1585 2059 1617 2088 et

895 2100 1032 2132 Caesar
1047 2100 1286 2134 consalutatus
1312 2101 1481 2135 honorem
1503 2113 1615 2147 prae-

893 2154 994 2181 turae
1035 2148 1194 2182 urbanae
1230 2149 1411 2184 consulari
1444 2156 1615 2196 potestate

893 2198 1052 2242 suscepit.
1091 2196 1193 2232 Conf.
1224 2198 1266 2233 H.
1298 2197 1346 2232 IV
1373 2200 1395 2234 3
1426 2203 1462 2234 et
1487 2199 1547 2235 39.

601 2579 776 2629 LIBER
816 2578 1111 2641 QVARTVS.

542 2804 948 2848 BREVIARIVM

996 2806 1184 2849 LIBRI.

249 2927 335 2974 Gap.
367 2928 506 2963 1--11.·
549 2930 655 2964 initia
686 2932 770 2965 novi
805 2931 1027 2977 principatus
1061 2936 1093 2966 et
1125 2938 1234 2968 status
1254 2932 1367 2968 urbis.
1422 2933 1614 2979 Interfecto

121 2982 256 3020 Vitellio
282 2987 431 3024 victores
456 2988 676 3036 implacabili
700 2990 779 3026 odio
805 2991 915 3028 victos
941 2997 1190 3029 consectantur
1215 2992 1281 3042 (1).
1311 2993 1446 3029 Nomen
1472 2993 1610 3029 sedem-
