1768 3216
161 219 238 253 156
747 207 1053 245 HISTORIARVM
1426 216 1459 240 a.
1485 214 1523 240 u.
1548 205 1631 242 822.

152 331 310 377 destum
344 346 366 374 e
395 331 580 387 proximo
622 326 850 379 exemplum
893 323 1116 374 onerabat,
1160 321 1326 363 Galeria
1371 320 1637 375 imperatoris

1 390 59 476 «ᾖ
92 398 144 427 ‘⁴⁴’
152 421 270 460 uxor,
304 420 386 448 non
417 404 597 446 immixta
628 401 834 450 tristibus3
867 403 906 440 et
936 398 1026 452 pari
1056 396 1261 450 probitate
1292 399 1423 438 mater
1445 394 1640 439 Vitellio-

62 472 98 495 ’”·
150 497 236 526 rum
267 480 459 531 Sextilia,
503 477 659 530 antiqui
698 475 840 516 moris.
900 473 1067 515 Dixisse
1099 471 1198 525 quin
1229 470 1352 512 etiam
1386 469 1439 512 ad
1479 469 1636 525 primns

51 536 63 549 ’
148 557 217 598 filii
245 555 307 597 sui
339 553 531 607 epistulas
564 551 774 594 ferebatur
812 561 896 590 non
938 546 1228 588 Germanicum
1262 558 1284 586 a
1315 557 1362 586 se
1392 544 1468 586 sed
1507 543 1643 587 vitet-

116 630 241 670 ⁶lium
272 628 468 683 genitum.
527 625 614 666 Nec
644 624 737 665 ullis
768 626 913 677 postea
957 621 1148 662 fortunae
1190 618 1416 662 inlecebris
1447 621 1517 662 aut
1547 630 1641 661 am-

146 704 231 745 bitu
262 702 438 744 civitatis
470 701 511 741 in
540 699 734 755 gaudium
766 698 925 748 evicta,
959 695 1105 736 domus
1136 706 1237 736 suae
1268 697 1423 736 tantum
1455 693 1636 738 adversa

150 781 519 905 senSltDigressum
551 861 574 890 a
604 847 803 902 Lugduno
834 844 1041 886 Vitellium
1074 843 1242 886 Cluvius
1279 842 1408 886 Rufus
1439 842 1712 897 adsequi-6⁵

150 930 214 967 tur
243 925 396 967 omissa
424 923 643 977 Hispania,
692 921 886 962 laetitiam
919 924 959 962 et
988 919 1308 974 gratulationem
1338 917 1453 959 vultu
1482 917 1640 972 serens,

97 1006 134 1035 ¹⁰
149 999 284 1041 animo
316 999 460 1040 anxius
492 1003 531 1039 et
559 998 725 1051 petitum
757 1008 802 1037 se
835 993 1193 1036 criminationibus
1225 1005 1398 1048 gnarus.
1456 991 1639 1035 Hilarius

153 1052 342 1116 Caesaris
373 1073 542 1114 libertus
573 1072 785 1123 detulerat,
819 1075 1025 1123 tamquam
1058 1069 1198 1110 audito
1214 1067 1368 1110 Vitellii
1399 1072 1440 1110 et
1463 1067 1641 1110 Othonis

150 1148 396 1202 principatu.
421 1147 627 1200 propriam
668 1146 755 1198 ipsc
794 1144 1019 1198 potentiam
1061 1147 1100 1185 et
1142 1143 1456 1197 possessionem
1485 1140 1642 1196 Hispa-

148 1221 306 1262 niarum
327 1224 575 1275 temptasset,
610 1232 743 1273 eoque
760 1219 1053 1272 diplomatibus
1075 1218 1230 1259 nullum
1251 1218 1482 1272 principem
1512 1228 1642 1271 prae-

148 1296 394 1349 scripsisset.
427 1295 776 1348 Interpretabatur
797 1293 999 1347 quaedam
1032 1305 1084 1335 ex
1104 1293 1362 1335 orationibus
1395 1292 1500 1344 eius,
1534 1303 1643 1334 con-

98 1369 362 1411 ¹5tumeliosa
394 1370 434 1410 in
463 1369 667 1410 Vitellium
709 1373 750 1410 et
778 1381 854 1422 pro
886 1381 932 1410 sc
974 1369 1063 1422 ipso
1102 1367 1331 1421 popularia.
1402 1366 1643 1410 Auctoritas

156 1445 286 1486 Cluvii
317 1445 566 1499 praevaluit,
608 1449 651 1485 ut
681 1444 817 1498 puniri
848 1444 956 1485 ultro
988 1443 1179 1485 libertum
1210 1455 1328 1485 suum
1356 1442 1546 1484 Vitellius
1577 1442 1645 1485 iu-

150 1519 276 1560 beret.
311 1519 474 1560 Cluvius
507 1519 717 1560 comitatui
747 1518 948 1572 principis
982 1517 1195 1569 adiectus,
1228 1529 1314 1558 non
1345 1516 1538 1571 adempta
1565 1515 1644 1559 Hi-

149 1594 313 1646 spania,
357 1607 475 1647 quam
506 1595 614 1635 rexit
644 1594 795 1635 absens
829 1592 1018 1646 exemplo
1049 1593 1166 1634 Lucii
1196 1592 1397 1634 Arruntii.
1473 1591 1643 1634 Arrun-
1687 1614 1692 1618 ·

147 1668 244 1709 tium
275 1668 461 1711 Tiberius
494 1669 647 1711 Caesar
679 1669 731 1710 ob
763 1672 927 1719 metum,
961 1667 1149 1708 Vitellius
1182 1666 1370 1708 Cluvium
1406 1665 1516 1708 nulla
1549 1665 1643 1708 for-

282 1825 314 1858 2.
343 1824 380 1855 in
408 1823 462 1866 (in
489 1833 612 1856 versus
641 1823 730 1869 fine)
768 1823 839 1856 mix
874 1823 1024 1867 (omissa
1051 1820 1134 1865 syll.
1162 1823 1217 1866 ta)
1248 1820 1403 1854 tristibus
1439 1818 1517 1854 W:
1557 1829 1642 1855 cor-

149 1872 242 1905 rexit
267 1871 293 1905 l.
322 1871 376 1904 Fr.
406 1871 625 1914 Gronovius,
662 1877 743 1904 ante
777 1882 880 1915 quem
907 1871 1028 1903 minaae
1069 1869 1242 1911 tristibus,
1283 1873 1322 1902 ut
1346 1870 1383 1902 in
1425 1867 1452 1903 G
1478 1873 1514 1903 et
1540 1868 1641 1904 Oxo..

150 1919 343 1953 niensibus.
439 1921 614 1964 probitate*
644 1919 704 1953 illa.
808 1922 842 1953 4.
871 1918 965 1964 eplas
993 1929 1070 1951 cum
1098 1918 1159 1951 lin.
1189 1915 1252 1951 Ma.
1343 1917 1378 1952 6.
1406 1918 1520 1952 evicta
1543 1916 1640 1962 Gilia,

153 1974 270 2000 evecta
294 1967 323 2000 A
350 1978 427 2000 corr
453 1968 479 2001 G
507 1974 541 2001 et
568 1969 639 2002 alii.
748 1967 781 2000 8.
818 1967 1008 2012 liqunduno
1038 1967 1110 2000 Ma:
1149 1966 1302 2011 luyduno
1331 1965 1372 2000 G.
1498 1965 1642 2001 cluvius

152 2017 263 2060 Rufus
293 2015 434 2048 editor:
462 2017 511 2050 M.
543 2016 684 2050 Cluuius
711 2017 821 2058 Rufus
852 2015 904 2049 llla
930 2020 964 2048 ct
992 2015 1113 2061 vulgo.
1215 2016 1248 2051 9.
1291 2014 1386 2048 voltu
1421 2014 1480 2050 Or.
1583 2015 1640 2050 13.

150 2075 281 2108 prescr.
310 2062 375 2097 Ma.
497 2067 550 2099 14.
587 2063 850 2109 inici-piabatur
878 2064 941 2098 illu.
1071 2065 1241 2108 quaedam
1273 2063 1550 2098 exortationibus
1574 2061 1642 2107 Ma,

153 2112 297 2155 quedam
325 2112 494 2146 exhor-tat.
525 2112 575 2146 G:
603 2113 804 2146 emendavit
830 2113 1031 2148 Rhenanus.
1096 2115 1150 2148 15.
1181 2114 1258 2159 ipsu
1287 2110 1361 2146 Ma:
1390 2111 1418 2146 G
1441 2114 1456 2146 i
1479 2123 1529 2147 ιο.
1585 2111 1640 2148 16.

149 2159 325 2205 preualuit
350 2159 414 2196 Ma.
511 2163 644 2195 iuuaret
671 2161 734 2195 Ma.
841 2163 892 2196 17.
928 2163 1106 2196 comitatui
1133 2161 1206 2196 Ma:
1247 2162 1414 2195 comitatu
1472 2186 1479 2194 .
1585 2159 1640 2195 18.

155 2208 256 2242 Lucii
280 2208 453 2243 Arruntii.
505 2210 710 2243 Arruntium
751 2209 903 2244 Tiberius
929 2212 1066 2245 editor:
1105 2209 1159 2245 Ma
1187 2211 1228 2245 L.
1273 2210 1438 2244 ari-untia
1468 2209 1539 2252 m,
1580 2208 1642 2243 Pi-

154 2256 267 2290 chena
299 2256 338 2290 L.
374 2258 545 2292 Arruntii.
600 2259 690 2292 Eum
731 2258 900 2301 Tiberius,
943 2261 967 2293 G
1007 2264 1041 2293 et
1070 2258 1294 2293 Oxoniens'es
1323 2258 1362 2292 L.
1401 2257 1463 2303 (L.
1502 2266 1643 2292 erasum

153 2306 187 2338 in
229 2305 255 2338 G
297 2311 332 2338 et
367 2308 517 2352 margini
556 2308 729 2353 additum)
777 2310 954 2342 arruntii:
996 2319 1103 2352 quem.
1145 2309 1180 2341 in
1215 2307 1243 2342 G
1269 2306 1371 2341 deest
1402 2306 1580 2350 Tiberim,
1606 2306 1643 2340 in

154 2353 414 2387 Oxoniensibus
440 2355 564 2389 adesse
591 2356 677 2389 dicit
704 2356 898 2389 BroteriuS.
978 2357 1031 2392 19.
1060 2356 1193 2390 cluuius
1223 2355 1289 2390 Ma.

227 2491 391 2526 Galeria.-
431 2493 526 2528 Suet.
560 2495 605 2529 6:
651 2496 747 2529 dux-it
778 2508 858 2530 mox
928 2507 986 2530 ces
1013 2502 1049 2530 et
1075 2497 1230 2531 editores
1257 2505 1381 2529 omnes
1409 2495 1517 2528 etiam
1534 2502 1641 2538 prae-

155 2539 333 2573 Galeriam
361 2540 564 2576 Fundanam
587 2545 764 2588 praetorio
788 2557 858 2590 pa..
926 2546 1078 2579 nominis
1106 2550 1225 2578 notam
1257 2543 1325 2590 (M.
1361 2543 1440 2577 sive
1479 2541 1641 2587 Marcus)

152 2593 215 2623 tre.
267 2589 319 2622 De
347 2590 496 2623 Sextilia
521 2591 679 2625 modesta
713 2592 856 2637 femina,
927 2593 1069 2637 addunt,
1097 2593 1159 2628 sed
1173 2592 1317 2627 Cluvius
1341 2601 1461 2636 neque
1489 2591 1642 2635 primum

152 2647 241 2680 quae
279 2641 361 2671 ante
406 2637 517 2671 filium
553 2641 626 2673 vita
662 2643 856 2683 concessit,
927 2652 1020 2675 nunc
1044 2643 1248 2676 nominatur
1290 2645 1326 2674 et
1365 2644 1419 2673 tot
1444 2639 1526 2673 aliis
1553 2638 1643 2673 locis

152 2686 431 2720 Suetoniussset
448 2689 501 2730 14,
529 2687 668 2721 'l‘acitus
690 2689 855 2725 H.1l167.
927 2700 988 2732 pro
1025 2691 1135 2724 Taciti
1170 2688 1431 2724 consuetudine
1472 2687 1565 2733 (vid.
1599 2686 1644 2721 ad

928 2738 1005 2771 Xlll
1032 2741 1095 2781 30)
1120 2739 1258 2772 duobus
1283 2742 1417 2771 tantum
1439 2735 1643 2770 nominibus

154 2801 244 2836 idem
275 2805 308 2837 in
338 2804 461 2839 Dionis
489 2807 688 2853 fragmento
717 2810 812 2843 edito
840 2821 860 2843 a
930 2786 1086 2827 (Cluvius
1099 2788 1227 2833 Rufus)
1250 2790 1456 2820 commutet
1481 2788 1643 2827 vocamr’

154 2850 243 2884 lllaio
270 2853 380 2897 (apud
396 2854 570 2889 Sturzium
598 2856 692 2890 v.lX
720 2868 752 2902 p.
773 2859 858 2904 112)
930 2833 970 2914 ἓ·
988 2834 1013 2889 ,Ι
1039 2835 1062 2869 8
1089 2840 1124 2868 et
1151 2834 1265 2892 76’.u
1293 2834 1353 2900 ,583
1386 2833 1429 2866 lv
1456 2833 1504 2868 39
1531 2837 1567 2866 et
1583 2831 1643 2870 43*

156 2905 378 2935 memoratur·
425 2901 527 2937 Conf-
556 2904 701 2940 Sueton-
729 2908 763 2941 3·
961 2892 1039 2915 ulus
1051 2881 1645 2926 constantiae}elinquendaecau-

930 2934 967 2963 s'a
996 2940 1072 2964 cum
1102 2931 1201 2966 nulla
1227 2930 1378 2977 cogitari
1404 2930 1540 2974 possit,
1575 2937 1645 2963 no-

227 2969 310 3014 Cap.
338 2971 395 3006 65.
436 2972 575 3008 Cluvius
602 2976 732 3021 Rufus.-
759 2975 861 3010 codi-
931 2981 1000 3011 tam
1030 2978 1066 3013 M
1091 2980 1169 3014 sive
1195 2991 1229 3014 m
1253 2988 1298 3013 ex
1329 2982 1510 3023 postrema
1536 2986 1646 3022 prae-

232 2756 277 2789 ml
307 2759 439 2802 primas
476 2758 541 2801 filit
577 2761 632 2792 sui
669 2761 855 2805 epistulas:
