1768 3216
740 212 1046 258 utsTORIARVM
1423 209 1455 234 a.
1482 205 1519 230 u.
1545 192 1628 231 822.

156 249 203 280 36

159 371 333 406 necesse
364 357 426 398 est
456 354 535 401 aut,
568 343 673 400 quod
705 350 834 393 aeque
865 332 968 389 apud
1001 330 1134 372 bonos
1165 323 1363 366 miserum
1394 319 1479 369 est,
1512 311 1636 356 occi-

162 438 273 479 dere.
334 428 524 474 Solatium
552 417 728 476 proximi
757 416 890 456 motus
919 405 1170 450 habebamus
1201 397 1461 440 incruentam
1489 387 1636 432 urbem

163 516 203 554 et
230 520 296 551 res
326 506 412 548 sine
444 496 651 542 discordia
680 489 911 534 translatas.
963 479 1173 524 Provisum
1205 470 1429 526 adoptione
1458 463 1639 508 videba-

294 583 336 620 ut
378 590 429 618 ne
465 576 558 628 post
601 567 768 610 Galbam
818 559 979 615 quidem
1027 552 1135 595 bello
1173 549 1292 590 locus
1344 545 1468 586 esset.
1529 535 1710 581 Nihitso

133 654 372 709 5adrogabo
403 649 501 691 mihi
530 641 753 687 nobilitatis
785 641 851 680 aut
880 630 1122 675 modestiae.
1181 624 1326 677 Neque
1366 618 1478 661 enim
1506 612 1642 674 relatu

162 733 351 774 virtutum
388 727 428 766 in
469 717 773 775 comparatione
812 707 983 752 Othonis
1023 715 1124 758 opus
1174 703 1248 742 est.
1310 694 1442 746 Vitia,
1494 689 1643 746 quibus

164 796 262 849 solis
293 801 506 857 gloriatur,
536 797 722 837 evertere
753 785 987 841 imperium,
1021 779 1142 822 etiam
1175 786 1266 816 cum
1299 770 1477 814 amicum
1508 767 1647 820 impe-

164 878 313 922 ratoris
345 876 498 929 ageret.
556 867 758 909 Habitune
789 865 828 903 et
858 860 1046 907 incessu,
1086 865 1137 894 an
1169 850 1240 891 illo
1273 843 1464 889 muliebri
1496 843 1650 884 ornatu

168 955 392 995 mereretur
422 942 663 1000 imperium?
717 937 921 980 Falluntur
951 930 1096 985 quibus
1126 924 1288 968 luxuria
1320 919 1462 975 specie
1491 916 1652 959 libera-

122 1027 291 1070 ¹olitatis
336 1021 516 1077 imponit.
573 1016 749 1059 Perdere
780 1013 856 1053 iste
894 1008 1018 1058 sciet,
1066 1004 1225 1045 donare
1265 997 1438 1041 nesciet.
1501 993 1651 1046 Stupra

174 1114 281 1144 nunc
319 1103 358 1141 et
396 1093 705 1138 comissationes
750 1091 789 1129 et
835 1083 1074 1127 seminarum
1122 1079 1267 1118 coelus
1315 1070 1446 1114 volvit
1491 1067 1651 1111 animo:

176 1177 278 1218 haec
307 1172 555 1228 principatus
585 1163 765 1221 praemia
802 1163 935 1215 putat,
984 1166 1156 1210 quorum
1203 1148 1334 1192 libido
1375 1159 1425 1189 ac
1463 1142 1654 1197 voluptas

174 1261 298 1305 penes
330 1248 458 1301 ipsum
489 1243 558 1295 sit‚'
585 1241 711 1282 rubor
741 1249 789 1278 ac
821 1234 1002 1276 dedecus
1032 1240 1160 1284 penes
1185 1236 1344 1268 omnes.
1390 1220 1522 1264 Nemo
1544 1217 1655 1273 enim

175 1335 348 1378 unquam
385 1318 596 1374 imperium
634 1313 790 1368 flagitio
830 1308 1056 1364 quaesitum
1094 1303 1216 1346 bonis
1255 1299 1413 1343 artibus
1453 1294 1655 1340 exercuit.

131 1408 168 1437 15
180 1399 345 1442 Galbam
377 1403 601 1437 consensus
633 1388 797 1445 generis
828 1383 1008 1435 humani,
1041 1394 1106 1423 me
1139 1378 1280 1432 Galbaq
1301 1369 1658 1418 consentientibus

162 590 225 626 tur
238 614 248 635 ‚

286 1536 319 1570 2.
345 1531 510 1566 solacium
535 1527 599 1563 Ma.
673 1527 856 1559 incruenta
882 1520 944 1556 Ma.
1019 1519 1053 1554 3.
1084 1529 1123 1551 re
1151 1514 1216 1550 Ma.
1244 1514 1279 1547 in
1307 1522 1341 1547 v.
1375 1507 1570 1544 translatas
1596 1504 1661 1540 lit-

184 1588 260 1618 tera
286 1595 302 1616 s
327 1581 465 1615 videtur
489 1588 568 1612 esse
596 1587 639 1609 ex
665 1585 752 1608 corr.
826 1573 859 1606 4.
886 1568 996 1604 nichil
1021 1566 1087 1601 Ma.
1164 1564 1199 1600 9.
1227 1562 1349 1609 specie-⁶
1374 1556 1478 1594 Gw:
1506 1554 1663 1591 correxit

180 1632 381 1667 Rhenanus,
484 1627 536 1662 10.
568 1626 638 1670 inp.
666 1622 729 1657 Ma.
824 1623 877 1655 11.
907 1615 1173 1652 comessationes
1202 1612 1268 1654 ma,
1296 1607 1597 1645 commessationes
1623 1602 1662 1638 G.

185 1683 238 1718 12.
264 1680 327 1713 hec
349 1676 413 1712 Ma.
497 1676 551 1710 13.
579 1674 680 1707 decus
707 1669 810 1706 GMa:
838 1669 982 1703 dedecus
1007 1663 1238 1699 Puteolanus.
1324 1659 1379 1694 14.
1409 1666 1571 1702 uinquam
1597 1651 1663 1688 Mu.

189 1813 350 1849 ctationis
376 1820 438 1855 pro
466 1806 689 1848 cunctationi,
715 1808 886 1850 sequente

189 1862 332 1896 nomine
359 1858 462 1892 locus.
503 1855 774 1899 Bezzenberger
802 1851 890 1898 quod

191 1911 366 1953 —fatum
402 1907 481 1940 dum
519 1902 736 1938 commendat
774 1907 809 1936 et
847 1902 889 1934 sit

194 1955 423 2001 supplendum
463 1953 654 1998 praecipit,
694 1951 782 1984 falso
811 1961 891 1984 cre-

197 2005 283 2039 didit
310 2004 396 2049 quod
418 2003 519 2036 honis
545 2001 643 2035 libris
669 2000 745 2033 niti.

268 2074 350 2119 Cap.
375 2075 431 2110 30.
470 2071 593 2106 ‘relatu
619 2073 805 2106 virtutum:
847 2069 892 2104 cf.

198 2129 314 2158 annot.
347 2123 389 2157 ad
414 2121 472 2156 XV
498 2122 554 2156 22.

269 2195 370 2228 etiam
396 2205 469 2227 cum
494 2193 641 2226 amicum
676 2191 897 2237 imperatoris

202 2249 343 2288 a9eret:
371 2242 518 2275 amicum
544 2240 713 2286 intelligit
745 2239 899 2273 Neronis

202 2291 243 2324 ab
268 2290 404 2325 Othone
438 2290 479 2323 ad
512 2289 683 2322 luxuriam
719 2293 752 2322 et
778 2293 897 2332 stupra

203 2339 368 2382 impulsi3
398 2349 431 2372 v.
459 2336 538 2371 XIII
566 2338 606 2371 12
635 2342 669 2370 et
693 2337 750 2372 46.
851 2347 899 2369 an

204 2386 263 2419 illo
279 2386 435 2420 muliebri
445 2391 569 2418 ornatu
583 2397 591 2418 ε
616 2385 804 2420 Suetonius
817 2384 901 2418 Oth.

210 2436 253 2469 12
269 2445 277 2466 ε
303 2435 406 2478 fuisse
433 2433 581 2466 traditur
598 2454 636 2459 -—
654 2433 901 2466 mim-ditiarum

206 2493 318 2527 paene
347 2481 584 2522 muliebrium,
621 2481 713 2514 vulso
747 2492 901 2525 corpore,

210 2529 402 2575 yalericulo
437 2530 541 2574 capiti
565 2535 705 2574 propter
728 2530 909 2562 raritatem

213 2577 421 2623 capillorum
451 2577 614 2622 adaptato
644 2583 673 2610 et
700 2587 849 2619 annexu,
875 2583 910 2610 ut

210 2637 311 2659 nemo
339 2625 579 2670 dignosceret.-
614 2625 694 2667 quin
729 2630 759 2658 et
786 2625 912 2669 faciem

213 2674 361 2718 quotidie
399 2674 551 2707 rasitare
583 2683 626 2705 ac
660 2683 750 2717 pane
775 2672 912 2705 madido

210 2722 324 2765 linere
352 2727 558 2755 consuetum.
604 2720 680 2754 luv.
709 2720 750 2754 ΙΙ.
767 2720 830 2754 99:
858 2719 916 2753 ille

216 2776 306 2804 tenet
339 2769 534 2816 speculum,
576 2768 712 2814 pathici
743 2774 917 2813 qestamen

219 2818 381 2860 Othonis,
420 2840 462 2845 -
491 2829 547 2851 res
570 2817 797 2851 memoranda
821 2817 919 2850 novis

218 2866 404 2899 annalibus
443 2872 542 2910 atque
585 2866 719 2899 recenti
755 2865 918 2907 historia,

218 2914 392 2958 speculum
418 2914 526 2947 civilis
550 2914 695 2948 sarcina
720 2913 810 2947 belli.
838 2913 920 2947 Mox

217 2961 338 2996 idem:
377 2963 498 2997 summi
540 2962 635 2997 ducis
673 2968 721 2998 est
759 2962 918 2997 occidere

956 1799 1102 1836 Galbam
1127 1803 1158 1832 et
1172 1806 1300 1831 curare
1327 1798 1439 1828 cutem
1462 1812 1504 1819 -
1521 1795 1554 1824 et
1565 1799 1668 1836 pres-

954 1860 1027 1884 sum
1052 1849 1090 1882 in
1114 1847 1209 1892 facie
1236 1845 1353 1891 diyitis
1379 1839 1566 1876 eoetendere
1598 1848 1670 1885 pa-

954 1910 1045 1933 nem.

1031 1947 1061 1980 si
1084 1956 1142 1978 res
1163 1941 1304 1989 publica
1331 1946 1362 1975 et
1390 1943 1533 1973 senatus
1556 1941 1588 1971 et
1603 1945 1673 1982 po-

955 1996 1057 2042 pulus
1085 2003 1179 2027 vana
1207 1991 1353 2024 nomina
1377 1993 1477 2023 sunt:
1522 1986 1674 2020 ron-mam

959 2044 1040 2079 libri
1077 2041 1227 2076 medicei
1263 2049 1378 2074 vacua
1414 2047 1457 2071 ex
1496 2036 1676 2080 scriptura

958 2098 1030 2128 υᾶα
1063 2096 1124 2139 (-=
1138 2091 1248 2132 vana)
1275 2087 1368 2122 male
1402 2085 1522 2120 soluta
1555 2087 1675 2118 natam

963 2153 1041 2176 esse
1067 2146 1153 2186 puto
1173 2165 1182 2182 ‚
1222 2142 1319 2172 certe
1345 2145 1461 2171 vacua
1488 2133 1523 2168 h.
1550 2133 1576 2168 l.
1603 2140 1677 2165 uon

965 2190 1158 2234 convenit:
1183 2198 1313 2220 vacuus
1340 2185 1434 2219 enim
1461 2181 1554 2227 apud
1572 2179 1679 2215 Tuci-

965 2244 1036 2272 lum
1065 2246 1206 2281 semper
1242 2235 1285 2268 de
1313 2243 1356 2268 eo
1386 2232 1544 2274 dicitur,
1583 2227 1680 2275 quod

966 2288 1085 2332 aliqua
1117 2288 1152 2320 in
1179 2295 1218 2318 re
1247 2283 1413 2327 occupari
1451 2285 1512 2314 aut
1536 2276 1704 2323 impleri*

967 2341 1084 2380 potest
1101 2334 1237 2382 (laetiq),
1265 2342 1334 2366 non
1361 2329 1405 2365 de
1422 2330 1466 2364 iis
1483 2338 1575 2375 quae
1595 2325 1682 2360 nut-

970 2385 1037 2418 lius
1078 2383 1244 2428 ponderis
1287 2384 1369 2415 suut
1412 2384 1448 2412 et
1494 2375 1683 2423 dignitatis

972 2433 1088 2478 (leer).
1118 2433 1191 2465 lloc
1217 2429 1276 2463 ubi
1301 2427 1493 2462 notandum
1521 2429 1588 2468 est,
1614 2433 1684 2469 po-

971 2482 1022 2514 nit
1047 2491 1171 2515 vocem
1197 2490 1309 2513 vanus
1343 2476 1403 2511 vel
1440 2474 1573 2509 inanis.
1627 2471 1684 2506 Of.

974 2530 1014 2564 ll.
1032 2529 1078 2563 lv
1099 2531 1162 2564 14:
1188 2528 1317 2561 inania
1339 2525 1515 2571 legionum
1540 2521 1687 2556 nomina

974 2589 1017 2611 ne
1041 2581 1278 2624 pavescerent.
1661 2613 1663 2615 ¹

1047 2626 1106 2659 sed
1130 2625 1275 2671 perinde
1311 2643 1356 2650 --
1384 2621 1583 2668 accipietis:
1627 2617 1690 2653 sed

978 2674 1136 2708 scribens
1175 2672 1334 2718 respexit
1375 2670 1593 2706 contrarium
1622 2678 1690 2702 nec

983 2728 1030 2755 est
1054 2721 1129 2767 plus
1155 2723 1242 2766 quod
1271 2732 1336 2767 pro
1374 2720 1482 2755 caede
1517 2717 1692 2764 principis

983 2770 1106 2812 datur,-
1132 2771 1275 2815 perinde
1303 2779 1364 2813 pro
1391 2769 1524 2803 vitioso
1541 2764 1692 2812 proinde

986 2818 1051 2861 (cf.
1079 2823 1198 2852 annot.
1226 2818 1407 2864 ad11117)
1436 2815 1586 2861 praebet
1612 2812 1692 2849 edi·-

989 2867 1038 2898 tio
1064 2867 1250 2910 princeps,
1286 2866 1364 2911 plus
1388 2870 1506 2900 autem
1533 2863 1695 2908 particu-

989 2912 1058 2946 lam
1079 2925 1123 2947 ex
1145 2916 1263 2958 priore
1280 2924 1386 2947 versu
1410 2915 1447 2946 in
1464 2913 1567 2947 malis
1593 2911 1696 2946 libris

988 2971 1173 3007 perperam
1185 2963 1371 3006 repetitam
1391 2972 1471 2997 esse
1486 2962 1620 3006 primus
1637 2959 1699 2996 vi-
