1768 3216
131 249 154 277 n
181 237 221 274 G.
246 239 306 276 69.
632 239 768 276 LIBER
793 240 820 278 1.
874 240 962 276 Cn.
990 240 1147 278 76-78.
1590 243 1639 275 83

125 356 244 399 ronis
274 360 345 398 aut
375 356 533 399 Galbae
563 369 772 410 mansere,
806 357 950 400 Caelio
982 370 1032 399 ac
1055 358 1198 400 Flavio
1231 357 1404 400 Sabinis
1435 357 1478 398 in
1501 357 1641 410 lulias,

126 431 252 475 Arrio
269 431 484 474 Antonino
517 437 557 474 et
574 432 707 474 Mario
727 433 852 475 Celso
885 433 927 474 in
959 434 1227 487 Septembres
1238 446 1250 484 ;
1285 444 1462 487 quorum
1487 431 1642 474 honori

125 519 179 549 ne
208 507 400 550 Vitellius
432 507 598 562 quidem
629 508 767 549 victor
798 508 1052 549 intercessit.
1116 509 1197 550 Sed
1234 507 1342 550 Otho
1380 507 1643 562 pontificatus

126 586 434 638 auguratusque
465 582 682 624 honoratis
715 583 795 624 iam
826 581 997 625 senibus
1029 583 1236 624 cumulum
1273 582 1487 637 dignitatis
1519 581 1645 624 addi-

132 656 221 710 dit,
263 660 334 699 aut
373 669 525 699 recens
577 657 627 699 ab
676 657 802 699 exilio
855 669 1053 700 reversos
1102 658 1266 700 nobiles
1307 657 1677 700 adulescentuloss

129 731 252 774 avitis
284 744 334 774 ac
362 732 548 786 paternis
580 732 832 775 sacerdotiis
873 733 915 774 in
954 732 1148 774 solatium
1188 732 1380 775 recoluit.
1441 732 1643 774 Redditus

129 805 260 848 Cadio
280 806 404 859 Rul'o,
426 806 554 848 Pedio
577 806 744 859 Blaeso,
770 807 952 849 Saevino
981 787 1471 873 Qsenatorius
1510 807 1642 850 locus.

128 881 462 935 Repetundarum
495 881 740 923 criminibus
774 882 851 924 sub
884 882 1060 924 Claudio
1093 896 1143 923 ac
1175 883 1344 925 Nerone
1377 882 1643 924 ceciderant:

127 955 284 1011 placuit
327 956 646 1011 ignoscentibus
692 970 817 999 verso
866 958 1060 1011 nomine,
1114 958 1224 1012 quod
1272 958 1444 1000 avaritia
1494 958 1643 1010 suerat,

127 1030 265 1072 videri
295 1032 569 1095 maieQQ
604 1032 721 1073 cuius
754 1037 840 1073 tum
858 1032 957 1074 odio
981 1034 1105 1075 etiam
1130 1032 1268 1074 bonae
1297 1032 1416 1087 leges
1437 1032 1642 1086 peribant.
1657 1041 1727 1072 ιο

59 1105 287 1150 78Eadem
317 1106 542 1161 largitione
574 1107 801 1149 civitatium
834 1119 999 1162 quoque
1032 1121 1081 1149 ac
1122 1107 1435 1161 provinciarum
1481 1107 1644 1149 animos

129 1180 380 1237 adgressus,
426 1181 757 1238 Hispali-ensibus
800 1186 840 1224 et
880 1181 1210 1224 Emeritensibus
1243 1182 1492 1224 Familiarum
1524 1181 1647 1224 adie-
1675 1181 1742 1225 t*
1737 1173 1768 1219 Ι

130 1256 309 1310 ctiones,
340 1256 599 1311 Lingonibus
631 1257 841 1299 universis
874 1257 1084 1300 civitatem
1114 1257 1366 1310 Romanam,
1398 1257 1645 1311 provinciae
1685 1254 1752 1274 ““”

130 1329 326 1373 Baeticae
355 1329 566 1374 Mauf‘
476 1343 594 1373 um
626 1332 818 1374 civitates
850 1332 963 1374 dono
996 1332 1131 1383 dedit3
1162 1344 1272 1374 nova
1298 1332 1389 1376 iura
1421 1331 1646 1386 Cappado-

1716 1011 1745 1032 A»

252 1470 284 1504 1.
310 1469 421 1504 coelio
448 1481 494 1504 ac
521 1469 627 1515 flabio
653 1470 791 1504 sauinis
818 1469 882 1505 Ma.
948 1473 984 1507 2.
1016 1471 1116 1505 arrio
1143 1471 1289 1506 antonio
1317 1469 1395 1505 Ma:
1422 1471 1532 1505 tacite
1561 1481 1645 1505 cor-

127 1518 222 1552 rexit
247 1517 402 1563 Lipsius.
478 1519 606 1553 honori
631 1518 679 1553 G:
707 1519 852 1553 honoris
879 1518 944 1553 Ma.
996 1520 1031 1555 6.
1061 1520 1234 1554 solacium
1254 1518 1319 1555 Ma.
1371 1520 1504 1553 reditus
1521 1518 1595 1554 Ma:
1619 1519 1647 1554 G

126 1566 294 1602 redditus.
347 1568 380 1603 7.
397 1567 489 1601 bleso
506 1566 570 1602 Ma.
625 1567 807 1602 Proculeio
823 1568 957 1603 editor:
984 1581 1080 1614 pqse
1108 1570 1224 1614 (inter
1242 1568 1310 1604 litt.
1339 1580 1376 1613 qs
1402 1579 1581 1613 superscr.
1608 1571 1644 1615 υ)

130 1614 208 1659 Ma,
232 1617 353 1662 pontio
380 1616 420 1660 G,
445 1617 640 1662 promptius
666 1617 771 1652 ABR.

130 1675 210 1699 rum
232 1663 305 1700 BG.
361 1666 415 1701 10.
444 1666 531 1699 bone
557 1665 622 1699 Ma.

131 1723 258 1748 nanus.

203 1836 265 1870 sed
293 1836 382 1871 otho
405 1837 629 1883 pontificatus
665 1858 707 1864 —
745 1837 855 1871 addi-

135 1884 185 1919 dit
201 1897 212 1918 .·
240 1885 306 1919 hos
332 1885 487 1919 honores
514 1886 558 1919 de
585 1895 649 1919 suo
665 1884 758 1920 Otho
786 1886 852 1920 ad-

135 1932 237 1977 didit,
257 1945 339 1968 cnm
362 1934 570 1968 consulatus
587 1945 657 1968 non
673 1935 750 1979 ipse
771 1945 860 1969 con-

133 1981 275 2017 tulisset
314 1983 378 2017 sed
421 1995 440 2018 a
479 1983 622 2018 Nerone
659 1988 720 2017 aut
750 1983 861 2018 Galba

139 2030 279 2066 delatos
307 2032 566 2067 confirmasset.
618 2032 672 2066 De
702 2043 862 2066 summo-

139 2090 216 2115 rum
233 2080 408 2115 honorum
427 2082 595 2127 gradibus
622 2086 658 2115 et
685 2092 863 2127 augmen-

133 2130 179 2163 tis
229 2131 322 2164 scite
355 2130 494 2164 Seneca
532 2131 576 2165 de
613 2130 667 2164 lra
702 2130 749 2164 ΙΙΙ
785 2131 861 2166 31:

134 2178 228 2212 dedit
253 2178 340 2213 mihi
362 2185 570 2224 praeturam
587 2206 598 2222 ‚
634 2179 695 2213 sed
734 2190 863 2213 consu-

135 2227 246 2261 latum
271 2239 501 2274 speraveram
518 2239 529 2261 .·
559 2228 655 2261 dedit
682 2228 864 2261 duodecim

133 2278 276 2322 fasces,
314 2277 375 2311 sed
416 2288 488 2310 non
521 2278 606 2320 fecit
642 2277 865 2310 ordinarium

135 2323 312 2358 consulem
331 2337 342 2357 .·
383 2336 407 2357 a
449 2337 502 2358 me
531 2327 720 2358 numerari
757 2325 865 2359 voluit

133 2384 281 2415 annum,
307 2373 369 2406 sed
393 2373 487 2407 deest
512 2373 599 2407 mihi
627 2373 674 2406 nd
692 2373 864 2407 sacerdo-

136 2423 242 2455 tium:
281 2427 461 2468 cooptatus
487 2423 526 2455 in
567 2421 752 2467 colleyium
778 2434 864 2465 sum,

135 2470 197 2504 sed
222 2482 286 2503 cur
309 2472 349 2504 in
371 2482 480 2505 unum
495 2471 514 2504 ?
533 2472 782 2510 consummavit
809 2471 866 2504 di-

135 2520 305 2564 9nitatem
327 2527 456 2562 meam,
491 2519 553 2554 sed
574 2521 790 2566 patrimonio
805 2520 866 2553 ni-

136 2568 188 2602 hil
214 2567 370 2603 eontulit.
415 2569 472 2603 ef.
500 2569 588 2615 Agr.
615 2569 649 2604 9.

217 2617 353 2651 nobiles
387 2616 666 2652 adulescentulos
694 2618 798 2652 avitis
823 2629 868 2651 oc

136 2667 296 2710 paternis
358 2666 566 2700 sacerdotiis
606 2689 647 2694 —
688 2666 865 2700 recoluit:

140 2713 269 2758 quibus
301 2714 388 2748 olim
418 2716 477 2748 avi
512 2725 554 2748 ac
593 2720 713 2759 patres
742 2726 867 2749 sacer-

141 2759 248 2796 dotiis
262 2763 419 2806 praediti
448 2763 605 2805 fuerant,
634 2763 757 2798 eadem
774 2762 867 2798 Otho

143 2809 180 2842 in
205 2817 362 2866 nepotes
388 2822 429 2845 ac
448 2812 541 2845 filios
563 2812 728 2847 contulit.
758 2812 868 2846 Prae-

142 2858 277 2901 positio
327 2860 430 2894 verbi
490 2859 640 2894 recoluit
687 2861 870 2906 siguificat

143 2905 315 2941 eiusdem
338 2908 500 2943 familiae
528 2909 682 2953 posteris
713 2909 869 2944 honores

143 2955 431 2991 sacerdotiorum
441 2968 537 2991 nuuc
553 2959 763 3003 contigisse,
779 2969 870 3003 quae

143 3003 238 3038 olim
265 3015 308 3039 ea
334 3007 456 3041 munia
485 3006 636 3041 obierat.
662 3007 752 3041 Mire
769 3006 870 3042 Doe-

861 1617 884 1652 8
924 1618 1198 1664 repetundarum
1225 1617 1304 1651 Ma:

1332 1618 1391 1663 qui
1427 1617 1646 1663 repetunda-

704 1668 759 1701 12.
784 1666 1066 1711 hispaniensibus
1095 1666 1203 1700 GMa:
1237 1667 1347 1700 tacite
1374 1668 1531 1700 correxit
1545 1665 1646 1700 Rhe·
1688 1689 1691 1691 -

339 1714 394 1749 13.
424 1715 608 1760 provincie
635 1714 773 1748 beticae
799 1713 866 1748 Ma.

930 1835 1104 1871 derlinius
1133 1835 1342 1870 sacerdotiis
1359 1836 1504 1870 tertium
1532 1846 1651 1871 casum

931 1896 1011 1920 esse
1039 1886 1300 1930 pronuntiavit.

1003 1935 1064 1968 sub
1107 1934 1256 1968 Claudio
1310 1945 1355 1967 ac
1397 1933 1565 1968 Nerone:
1608 1934 1652 1968 de

930 1981 1040 2016 Cadio
1072 1983 1165 2017 Rufo
1203 1983 1269 2017 sub
1298 1981 1449 2016 Claudio
1485 1982 1652 2017 damnato

930 2042 963 2065 v.
991 2032 1102 2066 Tacit.
1130 2031 1192 2066 ΧΠ
1219 2034 1287 2074 22,
1315 2031 1359 2065 de
1386 2031 1495 2066 Pedio
1522 2031 1653 2066 Blaeso

930 2079 1009 2114 XIV
1040 2081 1095 2116 18.
1142 2081 1291 2115 Saevini
1315 2079 1480 2114 Proculei
1504 2080 1654 2114 damna-

931 2130 1064 2163 tionem
1101 2129 1135 2162 in
1172 2134 1273 2174 parte
1313 2129 1500 2173 deperdita
1526 2129 1653 2163 Anna-

930 2178 1018 2212 lium
1047 2178 1191 2212 videtur
1217 2188 1449 2212 memorasse.
1489 2178 1652 2212 Nominis

932 2227 1046 2260 forma
1072 2227 1210 2261 incerta
1239 2231 1313 2269 est,
1340 2226 1404 2260 sed
1433 2226 1469 2260 id
1495 2229 1556 2260 vix
1584 2226 1653 2260 du-

933 2277 1028 2310 bium
1059 2277 1143 2320 quin
1180 2280 1260 2320 post
1287 2276 1480 2308 Saevinum
1511 2285 1653 2321 cogno-

931 2329 1091 2358 mentum
1127 2335 1259 2359 nomeu
1298 2323 1525 2370 gentilicium
1563 2324 1654 2358 sub-

932 2375 1092 2407 iunctum
1117 2374 1187 2416 sit,
1215 2374 1293 2407 sive
1320 2382 1445 2407 verum
1470 2378 1525 2406 est
1549 2373 1654 2407 Pom-

929 2422 1228 2467 ptinio(1’⁰ntinii
1243 2422 1473 2456 nominantur
1486 2423 1523 2455 in
1541 2421 1655 2455 titulis

934 2476 970 2504 et
1005 2471 1179 2515 nummis3
1217 2481 1252 2505 v.
1292 2470 1479 2504 Vaillantii
1514 2470 1656 2505 Nummi

934 2519 1019 2554 fam.
1047 2519 1088 2554 R.
1125 2524 1150 2554 t.
1180 2519 1210 2553 ll
1251 2530 1285 2564 p.
1315 2519 1433 2565 287),
1469 2520 1547 2553 sive
1588 2518 1657 2552 fuit

934 2567 1118 2602 Proculeio
1145 2568 1205 2603 vel
1231 2569 1434 2614 Pomponio.
1467 2567 1655 2602 Ernestius

934 2619 1080 2662 scripsit
1107 2618 1287 2660 Pomtino,
1329 2617 1514 2651 Broterius
1551 2616 1655 2650 Pom-

932 2667 1042 2712 ptino,
1071 2665 1228 2701 Orellius
1253 2665 1461 2711 Pomptinio.

1009 2713 1094 2759 Cap.
1124 2715 1183 2750 78.
1239 2714 1458 2759 Linqonibus
1482 2711 1657 2746 universis

937 2764 1112 2798 civitatem
1150 2764 1377 2798 Romanam.-
1426 2771 1504 2794 cum
1545 2759 1657 2794 Galba

938 2814 1068 2846 ceteris
1104 2811 1242 2845 Galliae
1280 2809 1427 2855 populis
1473 2810 1656 2843 civitatem

937 2862 1130 2895 Romanam
1164 2859 1331 2900 donavit,
1366 2858 1547 2903 Lingones
1586 2867 1658 2890 non

941 2909 1066 2943 eodeni
1096 2907 1234 2941 honore
1261 2906 1374 2941 habiti
1410 2910 1512 2949 sunt3
1549 2916 1584 2940 v.
1614 2905 1657 2939 H.

941 2957 955 2991 1
981 2957 1005 2991 8
1032 2961 1068 2990 et
1094 2956 1152 2990 53.
1216 2954 1441 3000 Quapropter
1469 2954 1612 2990 Vitellii
1638 2965 1660 2988 a

942 3004 1054 3040 Galba
1091 3004 1294 3040 deficientis
1328 3009 1448 3049 partes
1485 3004 1660 3039 acerrime
