1768 3216
772 210 863 254 'cm
888 213 1022 254 9-11.
1598 206 1649 252 bs

146 334 1125 452 &Qcpfflacth
1168 339 1292 390 quos
1310 340 1482 390 pressos
1519 339 1647 379 ‘sacro

157 418 285 453 curru
313 418 441 453 sacer
467 422 516 452 os
547 422 596 451 ac
627 422 704 451 rex
732 406 800 450 vel
829 410 1023 463 princeps
1051 409 1229 451 civitatis
1261 410 1522 464 comitantur,
1551 409 1650 452 hin-
1714 411 1720 414 “

154 486 348 540 nilusque
376 497 426 527 ac
458 485 644 527 fremitus
675 484 914 525 observant.
956 483 1043 525 Nec
1074 483 1146 525 ulli
1172 485 1359 538 auspicio
1381 485 1516 527 maior
1528 480 1647 539 fides,

152 566 241 602 nou
266 560 398 602 solum
433 559 538 613 apud
569 558 749 612 plebem,
780 558 886 611 apud
917 567 1132 612 proceres,
1164 559 1271 612 apud
1301 559 1570 601 sacerdotes:
1601 571 1649 602 se

151 635 264 677 enim
295 634 508 675 ministros
540 633 738 684 deorum,
785 631 879 674 illos
922 632 1118 674 conscios
1153 637 1306 687 putant.
1377 633 1452 676 Est
1489 638 1532 676 et
1566 634 1681 677 alia&

151 706 395 750 observatio
429 707 733 761 auspiciorum,
777 719 855 760 qua
886 707 1076 761 gravium
1111 707 1314 749 bellorum
1357 712 1531 750 eventus
1571 721 1649 750 ex-

152 783 329 838 plorant.
390 782 489 823 Eius
516 781 654 836 gentis
688 793 779 822 cum
813 793 892 834 qua
921 781 1074 822 bellum
1106 786 1196 834 est,
1231 783 1436 836 captivum
1482 787 1647 838 quoquo

135 857 279 899 *modo
330 857 605 909 interceptum
650 867 744 896 cum
786 855 921 897 electo
963 856 1222 909 popularium
1262 868 1461 910 suorum,
1502 857 1646 911 patriis

152 939 356 984 quemque
388 930 539 982 armis,
585 930 853 971 committunt.
912 929 1098 971 Victoria
1140 930 1260 971 huius
1308 931 1377 971 vel
1417 931 1525 973 illius
1570 939 1646 985 pro

151 1004 412 1060 praeiudicio
443 1003 658 1057 accipitur.
1661 1006 1702 1043 io

287 1078 350 1120 De
376 1078 611 1120 minoribus
639 1077 764 1120 rebus
795 1077 1006 1132 principes
1037 1077 1289 1131 consultant,
1338 1078 1391 1121 de
1421 1080 1648 1123 maioribus

151 1163 315 1206 ornnes,
347 1153 403 1195 ila
432 1157 571 1195 tamen
602 1156 646 1194 ut
676 1164 726 1195 ea
757 1159 921 1206 quoque
953 1157 1126 1205 quorum
1157 1165 1288 1206 penes
1329 1153 1493 1208 plebem
1532 1155 1650 1198 arbi-

85 1087 138 1125 11

153 1227 274 1270 trium
307 1232 384 1280 est,
418 1227 525 1281 apud
555 1227 767 1280 principes
797 1230 1143 1280 praetractentur.

293 1355 323 1388 l.
364 1365 504 1399 pressas
537 1363 715 1398 superscr.
751 1363 771 1385 ο
810 1357 894 1386 eta
920 1357 1052 1397 puncto
1084 1352 1275 1386 subnotato
1302 1352 1338 1386 P.
1477 1355 1512 1390 4.

147 1413 316 1449 proceres
347 1402 373 1436 P
400 1413 479 1436 cum
517 1402 722 1447 plerisque:
759 1401 820 1434 sed
852 1401 946 1446 apud
981 1411 1146 1446 proceres
1182 1401 1393 1435 Marcianus.

150 1461 329 1497 superscr.
372 1451 416 1485 ab
457 1451 503 1484 al.
538 1461 584 1484 m.
628 1450 708 1484 illos
742 1449 778 1485 P.

1207 1227 1390 1281 Coeunt,
1423 1229 1505 1270 nisi
1550 1230 1648 1284 quid

1556 1356 1651 1401 apud

1492 1403 1528 1437 5.
1565 1405 1650 1438 istos

901 1450 934 1484 6.
967 1450 1175 1495 opsercatio‘
1203 1449 1228 1482 P
1263 1453 1326 1495 (ex
1365 1450 1383 1483 b
1422 1449 1555 1485 factum
1594 1454 1647 1500 p).

151 1500 360 1546 exploratur
388 1500 412 1533 P
439 1499 593 1545 (lineola
625 1508 733 1542 super
758 1497 826 1532 litt.
855 1509 878 1531 a
904 1498 947 1532 ab
979 1498 1025 1532 al.
1054 1509 1099 1532 m.
1128 1497 1247 1531 deleta
1286 1500 1378 1542 est):
1423 1501 1535 1533 ceteri
1571 1500 1649 1534 fere

151 1559 276 1583 omues
301 1548 500 1594 explorant.

146 1602 415 1644 praemoreretur
439 1596 690 1631 Farnesianus.

150 1726 281 1766 tempus
307 1724 570 1753 reservaretur:
591 1720 737 1752 sortium
757 1718 864 1752 bene-

147 1770 229 1814 ficio
272 1779 308 1802 se
351 1779 423 1802 esse
466 1766 685 1801 incolumem.
748 1767 864 1800 Aliter

153 1817 335 1852 Orellius:
375 1816 479 1850 ‘nihil
528 1815 625 1849 aliud
666 1820 720 1849 est
759 1825 862 1860 quam

152 1870 223 1900 tres
244 1864 408 1899 surculos
429 1864 536 1907 tollit,
562 1873 634 1897 non
655 1863 761 1897 simul
781 1864 864 1908 qui-

152 1915 232 1949 dem
257 1912 320 1948 sed
345 1923 452 1947 unum
478 1916 558 1956 post
583 1911 758 1946 alteruuu‘.
796 1910 865 1945 Sed

153 1969 208 1998 ter
238 1962 393 2007 singulos
424 1961 547 1995 tollere
592 1970 664 1993 non
700 1964 755 1993 est
791 1964 864 1993 tres

151 2011 316 2046 surculos
350 2010 522 2054 deinceps
555 2009 684 2043 tollere
698 2021 707 2051 ;
721 2009 727 2012 ”
743 2019 862 2053 neque

151 2071 320 2106 sparyerc
346 2059 494 2093 verbum
532 2057 676 2092 videtur
700 2057 864 2099 suadere,

153 2113 191 2143 ut
215 2108 261 2143 de
286 2113 357 2142 tam
384 2109 517 2153 exiguo
553 2116 701 2145 numero
738 2116 866 2139 surcu-

152 2157 267 2192 lorum
303 2155 398 2200 apud
442 2155 601 2189 Tacitum
648 2155 862 2200 cogitemus.

153 2206 208 2240 De
248 2205 422 2250 Rugianis
466 2204 559 2238 Saxo
612 2202 867 2237 Grammaticus

154 2254 284 2287 Hister.
314 2252 472 2286 Danicae
499 2251 523 2285 l.
549 2251 629 2285 XIV
658 2262 693 2295 p.
711 2253 780 2286 321
809 2250 865 2284 ed.

156 2313 176 2335 a
204 2300 420 2344 Stephanio:
454 2310 521 2332 uec
543 2300 689 2333 sortium
715 2300 764 2331 eis
787 2310 868 2331 usus

154 2351 293 2395 ignotus
318 2348 442 2381 extitit.
483 2347 660 2391 Siquidem
686 2346 794 2379 tribus
820 2346 869 2378 li-

154 2399 217 2444 qm‘
238 2395 442 2443 particulis,
473 2401 575 2441 parte
612 2395 728 2428 altera
766 2393 867 2434 albis,

156 2446 274 2481 attera
297 2445 428 2489 nigris,
463 2445 501 2478 in
528 2444 698 2489 gremium
722 2443 868 2476 sortium

155 2495 231 2529 loco
270 2493 455 2535 coniectis,
500 2492 660 2526 candidis
683 2500 867 2537 prospera,

154 2543 267 2589 furvis
293 2542 443 2576 adversa
470 2540 671 2586 signabant.

226 2613 326 2647 nulla
357 2613 399 2646 dc
434 2612 554 2646 cadem
587 2622 626 2644 re
652 2611 690 2644 in
725 2609 869 2643 eundem

160 2662 251 2696 diem
278 2661 510 2695 consultatio.-
552 2659 638 2693 deos
673 2657 717 2691 de
744 2658 869 2692 eadem

157 2721 196 2745 re
224 2709 349 2744 eodem
378 2709 436 2742 die
462 2718 533 2741 non
561 2705 786 2748 consultant,
832 2710 870 2738 nt

159 2759 307 2794 Romani
339 2758 399 2802 qui
435 2757 470 2789 in
506 2755 666 2789 adversis
698 2754 868 2798 auspiciis

158 2802 270 2840 nantas
307 2804 441 2839 hostias
489 2808 645 2836 mactare
683 2798 867 2843 solebant,

159 2856 276 2889 donec
304 2852 460 2887 litarent.
541 2852 776 2897 auspiciorum
800 2850 868 2883 act-

159 2903 228 2938 huc
249 2901 356 2946 fides:
384 2900 472 2936 fides
487 2899 782 2946 (Beylaubiquny)
814 2901 869 2931 cst

160 2950 370 2997 approbatio
396 2959 488 2996 quac
513 2947 682 2994 auspiciis
701 2946 868 2982 contine-

640 1548 695 1582 13.
718 1551 927 1593 pti-aetelur
952 1546 977 1580 P
1003 1552 1038 1580 et
1063 1548 1116 1580 sie
1149 1545 1314 1591 plerique
1343 1545 1650 1597 (pertractentur),

934 1722 1001 1750 tur.
1047 1716 1232 1750 Genii-ivus
1260 1720 1314 1750 est
1339 1715 1561 1751 subiectivus
1591 1720 1652 1764 qui

934 1769 1094 1799 vocatur.
1144 1765 1260 1798 Aliter
1302 1776 1332 1799 c.
1361 1764 1409 1799 39
1440 1765 1527 1809 fides
1552 1768 1652 1801 anti-

935 1814 1094 1859 quitatis,
1129 1810 1163 1846 h.
1193 1818 1224 1847 e.
1253 1813 1446 1858 antiquitas
1480 1814 1558 1858 ipsa
1586 1825 1652 1860 ap-

936 1862 1094 1907 probata.
1115 1860 1282 1895 Ceterum
1302 1862 1475 1907 auspicia,
1491 1866 1529 1895 ut
1541 1873 1651 1908 saepe

935 1910 1041 1953 alibi,
1068 1909 1174 1943 latius
1204 1909 1300 1943 dicta
1324 1915 1407 1943 sunt
1432 1920 1504 1944 non
1530 1909 1647 1945 solum

935 1959 980 1993 de
1006 1959 1125 1992 avium
1151 1957 1316 2001 indiciis,
1359 1957 1422 1992 sed
1459 1960 1567 1993 etiam
1605 1955 1649 1993 de

936 2009 978 2042 iis
1004 2018 1095 2052 quae
1122 2017 1167 2040 ex
1203 2006 1304 2051 equis
1340 2010 1375 2040 et
1407 2007 1560 2051 cap'tivis
1586 2015 1652 2041 su-

939 2060 1101 2090 muntur.

1005 2126 1199 2172 praesaqia
1224 2132 1269 2160 nc
1287 2126 1461 2159 inanitus:
1488 2127 1548 2171 qui
1574 2134 1655 2159 mo-

937 2180 1022 2209 nent
1066 2176 1243 2221 (warram)
1269 2201 1279 2216 ,
1325 2174 1535 2219 plerumque
1578 2182 1656 2208 rem

937 2224 1093 2268 aliquam
1119 2222 1339 2255 dissuadent.
1451 2222 1561 2254 isdem
1584 2232 1651 2254 ne-

936 2267 1088 2305 moribus
1110 2282 1155 2303 ac
1179 2268 1287 2302 lucis.-
1315 2260 1424 2302 isdem
1448 2269 1529 2302 dum
1557 2270 1651 2303 scri-

937 2319 1009 2361 bit,
1046 2318 1204 2362 respexit
1233 2314 1340 2360 paulo
1368 2321 1451 2350 ante
1480 2319 1577 2361 (cap.
1607 2314 1651 2362 9)

938 2368 1051 2401 dicta:
1080 2367 1177 2400 lucos
1203 2376 1247 2398 ac
1270 2375 1415 2398 nemora
1442 2365 1654 2398 consecrant

939 2415 1070 2461 (deis).
1123 2414 1278 2448 Deorum
1329 2413 1494 2447 conscios
1539 2411 1652 2446 isdem

938 2464 1029 2498 lucis
1059 2462 1178 2503 alunt,
1220 2463 1257 2495 iu
1294 2462 1423 2506 quihus
1460 2462 1557 2505 ipsos
1585 2470 1654 2494 ve-

938 2516 1118 2546 nerantur.
1147 2511 1339 2555 Praesagia
1353 2517 1525 2556 ‘equorum
1543 2509 1653 2543 etiam

940 2561 1068 2595 Persae
1127 2559 1396 2593 observabant:
1452 2556 1653 2601 He1·0dbtus

937 2608 984 2643 ΙΙΙ
1009 2608 1176 2650 84-86,
1204 2607 1359 2640 Iustinus
1388 2607 1400 2640 1
1427 2606 1479 2640 10.
1508 2605 1539 2638 A
1565 2604 1652 2638 Per-

938 2659 988 2691 sis
1014 2656 1154 2691 candidi
1181 2656 1273 2689 sacri
1300 2654 1507 2688 alebantur:
1536 2652 1652 2686 Hero-

939 2705 1042 2739 dotus
1069 2705 1083 2738 1
1113 2705 1191 2746 189,
1222 2702 1284 2736 Vll
1314 2703 1371 2739 55

1014 2773 1099 2818 Cap.
1132 2775 1185 2807 11.
1227 2772 1267 2805 de
1294 2771 1508 2804 maioribus.-
1539 2768 1652 2804 intel-

938 2823 1012 2868 lige
1050 2821 1183 2856 bellum
1219 2823 1279 2853 aut
1313 2829 1456 2863 pacem,
1490 2817 1652 2853 iudicum

938 2870 1175 2911 electionem,
1203 2877 1337 2912 poenas
1361 2866 1546 2914 capitales.

1017 2940 1111 2988 apud
1129 2939 1310 2986 principes
1335 2937 1647 2986 praestententur.-
