1768 3216
180 218 228 253 44
755 196 1057 238 HISTORIARVM
1434 197 1467 221 a.
1495 193 1535 222 u.
1561 183 1649 223 822.

172 332 335 376 licentia
365 331 573 385 grassatus
604 326 713 366 esset
734 321 843 362 Titus
865 316 1023 368 Vinius,
1056 313 1092 356 si
1123 311 1210 366 ipse
1242 306 1508 362 imperasset:
1539 311 1652 345 nunc

175 413 214 451 et
242 407 446 450 subiectos
484 413 557 442 nos
588 397 729 440 habuit
769 400 973 447 tamquam
1011 400 1132 440 suos,
1173 389 1212 427 et
1249 382 1354 424 viles
1393 383 1436 422 ut
1473 377 1651 422 alienos.

172 482 258 524 Una
288 481 353 521 illa
384 478 523 519 domus
554 473 702 516 sufficit
732 470 951 520 donativo,
1000 463 1109 520 quod
1141 460 1260 502 vobis
1292 466 1500 510 nunquam
1531 451 1653 496 datur

173 560 211 600 et
250 553 398 595 cotidie
446 549 728 604 exprobratur.
788 545 851 587 Ac
890 556 943 584 ne
993 552 1071 595 qua
1114 536 1257 580 saltem
1307 533 1350 574 in
1399 529 1722 574 successorem

140 630 319 672 ⁶Galbae
349 639 441 681 spes
473 629 597 677 esset,
629 622 807 664 accersit
837 620 887 661 ab
920 617 1044 659 exilio
1078 625 1198 668 quem
1218 607 1385 652 tristitia
1410 610 1451 650 et
1475 602 1653 649 avaritia

168 705 231 748 sui
282 702 526 746 simillimum
575 697 794 740 iudicabat.
853 692 1050 743 Vidistis,
1105 685 1433 736 commilitones,
1479 678 1654 724 notabili

168 781 402 833 tempestate
433 775 553 818 etiam
585 773 685 815 deos
717 771 935 812 infaustam
958 765 1223 820 adoptionem
1247 761 1505 804 aversantes.
1539 754 1654 799 Idem

169 857 356 904 senatus,
387 851 495 892 idem
524 847 661 903 populi
690 844 863 888 Romani
894 842 1052 884 animus
1085 842 1160 880 est.
1221 836 1371 878 Vestra
1408 831 1542 875 vlrtus
1573 842 1656 873 ex-

169 930 374 983 pectatur,
418 923 522 978 apud
562 933 662 976 quos
694 932 813 962 omne
844 916 1026 959 honestis
1072 910 1260 955 consiliis
1291 909 1447 960 robur,
1493 909 1535 949 et
1563 904 1656 948 sine

122 1014 159 1043 io
173 1002 315 1057 quibus
355 999 536 1054 quamvis
576 996 744 1052 egregia
784 992 963 1036 invalida
1003 993 1110 1032 sunt.
1170 987 1264 1029 Non
1311 984 1363 1027 ad
1394 982 1548 1027 bellum
1578 991 1656 1024 vos

172 1090 249 1119 nec
279 1076 329 1118 ad
358 1073 580 1129 periculum
610 1083 739 1113 voco:
772 1067 950 1110 omnium
985 1065 1156 1107 militum
1175 1075 1288 1105 arma
1311 1058 1531 1102 nobiscum
1547 1059 1656 1100 sunt.

172 1153 257 1194 Nec
287 1162 366 1192 una
397 1149 558 1208 cohors,
577 1150 714 1206 togata
753 1143 937 1186 defendit
976 1153 1086 1182 nunc
1129 1138 1324 1188 Galbam,
1369 1134 1445 1178 sed
1486 1132 1656 1176 detinet.

174 1226 271 1269 Cum
300 1236 375 1266 vos
406 1223 632 1278 aspexerit,
667 1234 756 1262 cum
787 1221 950 1274 signum
980 1229 1115 1259 meum
1148 1212 1380 1268 acceperit,
1412 1210 1494 1253 hoc
1523 1207 1659 1252 solum

173 1301 249 1342 erit
279 1303 498 1350 certamen,
532 1298 619 1352 quis
651 1296 748 1337 mihi
778 1296 994 1350 plurimum
1018 1292 1199 1352 imputet.
1232 1287 1376 1331 Nullus
1401 1283 1666 1328 cunctationi

121 1375 285 1418 islocus
327 1378 388 1415 est
427 1373 468 1414 in
509 1385 558 1415 eo
600 1370 773 1414 consilio
816 1370 925 1425 quod
968 1380 1053 1410 non
1082 1352 1222 1422 potest
1252 1363 1414 1408 laudari
1445 1361 1529 1404 nisi
1556 1372 1661 1415 per-

298 1513 327 1547 1.
360 1512 392 1546 T.
424 1510 487 1545 Ma.
561 1512 594 1546 3.
622 1512 772 1555 nuquam
797 1508 882 1544 Ma„
944 1509 979 1543 4.
1009 1506 1223 1553 exprobatur
1250 1502 1327 1539 Ma:
1356 1503 1384 1538 G
1411 1500 1660 1550 exprobratur.

174 1572 352 1596 succesorc
377 1559 439 1594 Ma.
531 1560 563 1594 5.
591 1561 739 1593 accersit
765 1557 858 1600 GMss,
886 1567 957 1591 non
984 1556 1142 1591 arcessit.
1243 1553 1276 1588 7.
1305 1552 1366 1587 dos
1393 1562 1472 1586 cum
1502 1550 1566 1586 lin.
1594 1546 1661 1584 Mu.

174 1610 394 1644 adversantes
427 1607 520 1650 GMa,
561 1613 755 1642 correctum
782 1608 817 1641 in
845 1607 875 1640 A
901 1611 936 1641 et
961 1617 981 1640 a
1007 1604 1176 1639 I'iche'na.
1206 1602 1303 1637 conf.
1340 1600 1385 1636 ad
1421 1611 1453 1635 c.
1493 1600 1524 1635 1.
1625 1597 1660 1634 9.

177 1670 257 1704 quos
283 1657 345 1699 Ma,
373 1667 441 1691 non
471 1656 597 1691 Furiae
625 1657 722 1701 quod.
803 1667 873 1689 oms
900 1666 978 1689 cum
1006 1654 1070 1689 lin.
1099 1651 1163 1687 Ma.
1235 1650 1291 1686 14.
1319 1651 1391 1697 inp.
1429 1646 1495 1685 Ma.
1572 1658 1662 1682 cunt-

177 1707 320 1741 crationi
344 1705 371 1740 G
395 1707 428 1740 in
456 1715 524 1752 quo
550 1705 701 1740 medium
723 1718 741 1739 c
766 1706 977 1750 ascriptum:
1016 1702 1067 1737 Ma
1093 1699 1338 1736 cunctationis.

178 1810 252 1853 alii,
270 1810 296 1844 G
317 1810 422 1854 ae9is.
450 1815 480 1844 et
506 1811 640 1856 alii(ae
655 1821 715 1856 per
728 1815 877 1858 comp),

946 1810 1030 1844 hist.
1070 1808 1135 1842 Pro
1163 1805 1315 1841 Medicci
1337 1802 1523 1850 perierunt
1549 1798 1665 1836 codet

181 1869 269 1903 quae
304 1869 348 1892 ex
380 1860 522 1892 nomine
554 1860 645 1893 Helii
678 1861 754 1893 sine
781 1861 878 1904 aspi-

947 1858 975 1893 G
999 1861 1220 1903 parauerunt
1256 1864 1302 1888 ex
1327 1851 1519 1887 manifesto
1547 1849 1664 1884 corri-

179 1907 325 1940 rationis
339 1911 422 1940 nota
444 1907 497 1940 bis
524 1909 653 1952 scripto
673 1908 796 1952 (elielii
821 1908 878 1942 vel

183 1953 352 2000 aeliaelii)
380 1959 460 1988 nata
485 1955 570 1989 mihi
599 1956 773 1991 videntur.
806 1957 880 1990 Ile-

184 2003 251 2036 lius
279 2013 323 2036 ex
349 2004 570 2047 nequissimis
604 2004 737 2038 libertis
765 2005 880 2039 Nero-

184 2051 279 2084 niani
319 2051 533 2096 principatus
578 2057 612 2087 et
646 2054 681 2086 in
715 2054 881 2097 rapiendo

188 2099 410 2143 praecipuus,
438 2105 472 2133 et
498 2101 588 2143 talis,
620 2112 690 2134 non
717 2102 884 2136 obscurus

191 2147 317 2192 aliquis
335 2152 369 2181 et
382 2158 500 2191 parum
515 2151 688 2195 cognitus,
714 2150 781 2184 hoc
799 2151 878 2184 loco

188 2196 394 2240 requiritur3
422 2196 499 2230 XIII
527 2199 556 2231 1.
597 2199 784 2232 Suetonius
804 2198 884 2233 Ner.

190 2245 247 2279 23.
277 2243 342 2278 Dio
355 2244 456 2278 LXIII
484 2247 526 2280 12
551 2251 584 2280 et
611 2247 758 2283 18—19.
787 2247 885 2289 Quod

190 2296 297 2325 restat
322 2293 356 2326 in
384 2293 562 2327 codicibus
588 2297 777 2340 perierunt,
811 2298 887 2330 eius

192 2341 356 2374 maiorem
397 2347 528 2386 partem
561 2344 705 2391 (ierunt)
746 2344 889 2378 incolu-

195 2399 284 2421 mem
311 2388 352 2421 ad
379 2399 441 2422 nos
466 2391 606 2425 venisse
632 2392 763 2437 liquet,
790 2394 890 2436 prio-

194 2446 267 2469 rem
301 2441 415 2470 autem
451 2440 643 2482 scripturae
682 2441 890 2484 compendio

196 2483 254 2517 vel
282 2490 463 2528 properata
487 2488 589 2520 nimis
608 2490 892 2532 pronuntiatione

198 2532 440 2577 (perditierunt
461 2539 496 2567 et
515 2535 596 2569 hinc
607 2538 800 2584 perierunt)
815 2548 893 2570 mu-

197 2580 330 2614 tilatam
362 2592 440 2615 esse
467 2584 640 2617 existimo.
683 2585 755 2619 Iam
781 2595 895 2631 agno-

198 2629 310 2662 scitur
334 2630 473 2674 propria
501 2633 681 2676 scriptoris
715 2644 835 2667 manus
863 2638 898 2667 et

200 2677 429 2711 consuetudo.
482 2678 582 2714 Conl'.
611 2681 654 2714 IV
680 2681 747 2716 66:
778 2682 897 2727 perdi—

201 2731 268 2758 tum
292 2726 374 2760 ibat.
419 2727 485 2762 73:
512 2729 618 2763 ultum
644 2730 694 2763 iit.
746 2729 807 2763 XII
831 2731 897 2765 45:

200 2773 304 2828 allum
338 2775 476 2810 iturum.
530 2777 605 2811 XIII
649 2778 714 2812 ¹7:
754 2777 901 2812 inlusum

202 2833 279 2855 esse.
317 2822 378 2856 XV
399 2825 435 2856 1:
462 2825 514 2858 irc
541 2825 648 2860 ultum
671 2825 799 2860 volens.
839 2826 901 2860 XV

205 2868 250 2902 49
273 2874 307 2902 et
324 2870 363 2904 II.
390 2871 404 2905 1
430 2871 493 2907 67:
520 2872 625 2908 ultum
645 2874 727 2909 ibat.
755 2873 899 2910 H.116:

207 2922 340 2960 raptum
373 2918 437 2954 ire.
492 2921 536 2955 IV
568 2923 603 2956 1:
641 2927 778 2968 raptum
808 2923 900 2958 ierit.

207 2962 260 2997 De
292 2963 463 3009 Polyclito
509 2973 543 3002 et
578 2971 715 3005 Vatinio
760 2982 794 3006 v.
827 2969 901 3006 Ind.

948 1905 1056 1954 gendi
1090 1904 1235 1946 studi03
1275 1900 1532 1936 Doederlinius
1573 1908 1666 1933 con-

948 1956 1034 1990 iecit
1057 1958 1246 2001 potuerunt
1263 1978 1272 1995 ‚
1311 1959 1381 1998 ego
1416 1948 1502 1984 olim
1529 1947 1666 1995 petiu-

949 2010 1043 2039 runt.

1022 2052 1112 2098 quod
1145 2051 1240 2086 vobis
1274 2058 1455 2094 nunquam
1490 2045 1597 2081 daur
1634 2049 1668 2079 ot

952 2102 1076 2136 cotidie
1110 2099 1370 2146 exprobratur:
1415 2093 1595 2142 quomodo
1631 2097 1670 2128 et

952 2151 1014 2184 abs
1052 2160 1120 2195 quo
1152 2148 1400 2195 exprobratum
1432 2149 1488 2180 est
1521 2142 1668 2178 donati-

953 2209 1035 2232 vum
1063 2208 1082 2231 a
1099 2196 1314 2242 Nymphidio
1343 2193 1584 2240 praetorianis
1611 2192 1667 2236 (v.

955 2251 1074 2280 annot.
1103 2247 1146 2280 ad
1184 2257 1214 2280 c.
1244 2246 1283 2291 5)
1325 2240 1563 2290 promissum?
1611 2238 1667 2274 Ab

956 2297 1032 2340 ipso
1062 2294 1171 2329 Galba
1200 2295 1439 2338 imperatore,
1466 2291 1570 2326 cuius
1597 2297 1671 2323 vox

956 2344 1101 2390 vulgata
1135 2348 1232 2386 erat,
1268 2341 1338 2388 leqi
1369 2353 1393 2375 α
1429 2351 1467 2374 se
1503 2337 1670 2380 mititem,

957 2404 1027 2425 non
1054 2393 1138 2435 emi‚·
1169 2391 1216 2426 cf.
1245 2402 1274 2425 c.
1303 2391 1324 2425 5
1354 2394 1443 2424 extr.

1030 2440 1114 2484 Cap.
1143 2440 1200 2475 38.
1257 2450 1333 2473 una
1366 2438 1493 2473 cohors
1529 2439 1672 2481 coyata:
1701 2476 1703 2479 ι

961 2493 1114 2534 togatam
1141 2489 1228 2522 dicit
1254 2490 1288 2521 in
1317 2488 1404 2522 urhe
1431 2490 1468 2521 et
1492 2485 1588 2519 inter
1612 2487 1673 2516 to-

962 2542 1061 2582 gatos
1089 2538 1165 2571 sive
1201 2538 1300 2571 cives
1336 2538 1567 2576 versantem,
1600 2541 1674 2566 non

962 2596 1030 2630 quo
1057 2587 1132 2630 ipsa
1159 2596 1221 2630 pro
1258 2586 1355 2631 sagis
1389 2583 1542 2618 militum
1569 2586 1674 2627 togas

964 2635 1093 2667 civium
1122 2635 1329 2680 gestaverit,
1356 2638 1395 2667 ut
1421 2631 1564 2678 Lipsius
1590 2639 1675 2664 nur-

964 2687 1016 2716 rat
1058 2683 1159 2717 iustis
1202 2683 1407 2717 auctoribus
1455 2680 1674 2716 destitutus:

965 2741 1043 2764 nam
1068 2731 1159 2776 quod
1178 2731 1310 2766 Tuscus
1337 2730 1542 2776 praefectus
1567 2737 1676 2773 prae-

965 2780 1046 2812 torii
1074 2780 1163 2823 apud
1190 2780 1384 2814 Martialem
1422 2777 1491 2824 (VI
1516 2777 1582 2823 76)
1609 2785 1678 2810 au-

967 2827 1017 2861 dit
1049 2829 1143 2862 sacri
1178 2828 1298 2863 lateris
1331 2833 1445 2862 custos
1482 2825 1678 2870 Martisque

971 2876 1095 2921 togati,
1137 2876 1221 2911 hinc
1253 2876 1378 2923 colligi
1417 2875 1544 2921 nequit
1582 2872 1679 2919 quod

972 2923 1110 2968 Lipsius
1138 2926 1393 2968 pronuntiavit.
1446 2923 1547 2959 Mars
1575 2927 1678 2969 toget-

972 2977 1024 3008 tus
1051 2975 1104 3008 est
1130 2971 1232 3008 miles
1257 2973 1412 3009 urbanus
1435 2977 1470 3009 et
1498 2971 1597 3019 pacis
1612 2981 1680 3006 ex-
