1768 3216
0 1411 80 1462 -η-’ἶ

157 168 180 199 ι
200 156 244 202 Ω.
270 159 330 198 69.
638 158 774 195 LIBER
798 159 844 196 11.
894 160 983 197 Cu.
1010 161 1167 198 76—77.
1593 167 1665 203 1⁶¹7

154 281 395 333 provectus.
454 276 517 319 Ne
549 278 757 320 Othonem
788 279 957 333 quidem
989 279 1108 322 ducis
1140 285 1230 323 arte
1260 285 1330 324 aut
1360 284 1571 326 exercitus
1602 286 1660 338 vi,

155 351 231 395 sed
262 365 544 407 praepropera
562 353 692 408 ipsius
713 354 1009 408 desperatione
1028 356 1199 409 victum,
1232 356 1313 399 iam
1332 357 1661 403 desiderabilem

157 431 200 469 et
228 440 421 482 magnum
451 428 681 482 principem
727 429 851 493 fecit,
900 442 994 471 cum
1039 431 1206 472 interim
1251 433 1413 488 spargit
1451 433 1661 490 legiones,
1687 448 1710 479 z».

155 507 341 545 exarmat
381 503 604 556 cohortes,
650 516 759 545 nova
802 505 957 546 cotidie
1003 505 1114 547 bello
1145 506 1307 548 semina
1338 508 1558 551 ministrat.
1619 511 1663 554 Si

153 577 449 631 qnidardoris
479 590 529 619 ac
560 578 748 620 ferociae
778 579 897 621 miles
929 579 1085 632 habuit,
1117 581 1284 634 popinis
1314 586 1357 623 et
1392 584 1664 627 comissatio-
1676 600 1705 629 εἴ

153 651 277 694 nibus
307 656 349 694 et
377 653 577 707 principis
608 653 838 696 imitatione
869 654 1084 696 deteritur.
1127 655 1220 696 Tibi
1251 669 1275 697 e
1295 657 1450 699 Iudaea
1482 663 1522 699 et
1541 659 1663 714 Syria

154 731 198 769 et
231 727 427 783 Aegypto
468 741 619 770 novem
660 728 854 784 legiones
886 730 1100 785 integrae,
1144 731 1256 772 nulla
1286 721 1384 774 acie
1415 733 1659 788 exhaustae,

140 814 239 855 &non
267 802 483 845 discordia
512 809 766 857 corruptae,
798 804 874 846 sed
903 805 1087 846 firmatus
1117 817 1197 847 usu
1227 807 1347 849 miles
1379 813 1421 849 et
1450 809 1549 851 belli
1580 810 1664 852 do-

153 877 279 919 mitor
308 878 491 928 externi3
523 878 719 920 classium
749 878 906 921 alarum
932 879 1167 922 cohortium
1198 881 1369 934 robora,
1401 887 1443 924 et
1471 877 1665 925 fidissimi

83 954 140 995 ⁷7
152 935 465 1008 reffixiua
495 958 591 996 ante
623 955 758 996 omnis
790 954 1063 1008 experientia.
1109 955 1240 997 Nobis
1272 956 1376 997 nihil
1407 957 1512 999 ultra
1531 958 1716 1001 adro-40

152 1028 287 1084 gabo,
321 1041 443 1083 quam
473 1041 528 1070 ne
556 1034 652 1084 post
681 1030 898 1072 Valentem
929 1035 970 1072 et
1001 1030 1226 1073 Caecinam
1257 1044 1537 1074 numeremur.
1599 1033 1662 1076 Ne

153 1108 291 1146 tamen
319 1104 555 1147 Mucianum
586 1105 748 1147 socium
779 1106 1009 1159 spreveris,
1043 1107 1139 1161 quia
1172 1107 1379 1149 aemulum
1410 1120 1495 1150 non
1530 1121 1663 1164 expe-

151 1179 264 1226 riris.
309 1179 376 1222 Me
407 1179 573 1222 Vitellio
605 1185 830 1235 antepono,
868 1185 909 1223 te
940 1181 1053 1223 mihi.
1105 1181 1218 1224 Tuae
1250 1182 1392 1224 domui
1416 1183 1664 1238 triumphale

153 1266 321 1307 nomen,
351 1255 447 1317 ὼιᾳλ
467 1256 670 1327 ἰμῑ-ιψὲξ,
697 1242 830 1310 capax
859 1256 941 1297 iam
973 1257 1137 1311 imperii
1168 1256 1300 1310 alter,
1334 1262 1374 1299 et
1403 1244 1558 1312 priifi'is'
1581 1245 1664 1300 mi-

199 1307 297 1323 Q

0 1329 270 1411 &litiae
297 1330 417 1373 annis
448 1331 555 1385 apud
588 1331 863 1373 Germanicos
894 1343 1060 1386 quoque
1098 1333 1308 1375 exercitus
1355 1333 1508 1375 clarus.
1570 1334 1716 1380 Ali-15

150 1405 321 1450 surdum
352 1405 477 1448 suerit
507 1418 591 1447 non
624 1406 779 1448 cedere
811 1407 987 1461 imperio
1018 1407 1072 1460 ei,
1107 1408 1224 1449 cuius
1242 1407 1368 1449 filium
1391 1408 1663 1463 adoptaturus

151 1493 316 1534 essem,
364 1482 403 1523 si
446 1482 538 1536 ipse
585 1482 847 1536 imperarem.
918 1483 1111 1524 Ceterum
1150 1483 1260 1525 inter
1298 1495 1376 1525 nos
1421 1496 1506 1525 non
1552 1483 1663 1525 idem

150 1569 444 1612 prosperarum
484 1556 839 1612 adversarumque
880 1570 1020 1600 rerum
1059 1557 1165 1600 ordo
1206 1558 1299 1599 erit.
1359 1559 1462 1601 Nam
1494 1559 1531 1600 si
1562 1559 1662 1600 vin-

148 1633 299 1685 cimus,
332 1632 537 1674 honorem
569 1644 693 1686 quem
723 1632 893 1674 dederis
926 1633 1114 1674 habebo:
1147 1632 1375 1674 discrimen
1399 1646 1449 1674 ac
1472 1633 1658 1687 pericula

154 1720 207 1748 ex
249 1719 382 1761 aequo
421 1708 640 1761 patiemur.

151 1794 271 1853 rege,
302 1781 402 1823 mihi
431 1781 585 1843 bellum
617 1786 658 1823 et
686 1782 943 1836 proeliorum
975 1782 1136 1823 incerta
1167 1782 1301 1824 trade.
1362 1782 1544 1824 Acriorc
1575 1783 1665 1834 ho-⁸

153 1857 222 1899 die
253 1856 474 1911 disciplina
514 1858 616 1898 victi
664 1869 786 1912 quam
833 1857 1020 1920 victores
1065 1861 1207 1912 agunt.
1267 1857 1354 1899 Hos
1396 1858 1459 1900 ira
1498 1858 1655 1912 odium,

294 2016 323 2048 i.
351 2014 509 2048 exercitu
533 2014 590 2048 sui
614 2012 667 2048 Ma
693 2018 730 2048 et
755 2014 891 2048 ceteri:
917 2014 1074 2047 correxit
1102 2012 1310 2047 Rhenanus.
1362 2014 1397 2048 5.
1425 2015 1564 2049 cd'miss.
1592 2013 1659 2049 Ma.

150 2065 187 2099 6.
213 2064 320 2098 tibiae
352 2063 458 2097 iudea
485 2061 552 2097 ma.
651 2063 761 2107 Syr-iu
783 2061 856 2106 Ma,
896 2073 967 2096 non
993 2064 1076 2096 Sur.
1180 2063 1236 2098 10.
1277 2062 1388 2096 ottonis
1414 2062 1488 2096 Ma:
1523 2062 1551 2097 G
1578 2063 1659 2096 onis.

150 2112 264 2147 nichil
291 2110 358 2146 Mal
462 2114 515 2146 lt.
543 2123 588 2145 nc
610 2112 844 2157 postulantem
874 2110 949 2145 Ma:
993 2112 1021 2146 G
1042 2117 1119 2156 post
1147 2110 1335 2145 ualentem.
1423 2117 1456 2145 et
1485 2110 1589 2145 Gala:
1617 2123 1662 2145 ac

150 2161 324 2206 Lipsius..
382 2161 495 2195 cecin.
523 2159 589 2195 Ma.
671 2160 725 2195 19.
749 2160 913 2206 pericula
936 2159 1002 2203 Ma,
1026 2158 1224 2206 periculum
1250 2159 1321 2196 BG.
1396 2161 1456 2195 20.
1480 2161 1662 2206 patiemur

151 2209 223 2252 Ma,
256 2209 440 2254 paciemur
465 2208 515 2243 G:
554 2210 751 2254 partiemur
776 2208 996 2250 Beroaldus,
1042 2218 1113 2242 non
1152 2207 1392 2249 Puteolanus,
1435 2213 1472 2241 ut
1500 2209 1662 2243 referunt

152 2257 359 2293 Waltherus
387 2263 423 2292 et
449 2257 617 2292 Orellius.
718 2263 794 2291 tuos
819 2256 926 2292 Gna:
956 2263 992 2290 tu
1017 2256 1079 2291 hos
1106 2256 1335 2290 Puteolanus.

942 2396 1054 2430 lianas
1070 2422 1079 2437 ‚
1128 2404 1277 2440 quorum
1310 2395 1450 2428 numeri
1475 2396 1556 2429 sive
1582 2405 1662 2428 am-

942 2445 1054 2489 putati
1081 2445 1160 2477 sive
1186 2445 1321 2488 sparsi;
1352 2454 1385 2477 ν.
1413 2454 1491 2488 cap.
1519 2443 1581 2478 69.

1017 2492 1103 2537 Cap.
1131 2493 1190 2528 77.
1253 2491 1464 2538 triumphale
1503 2503 1629 2525 nomen
1649 2504 1660 2525 .-

942 2546 1150 2575 ornamenta
1177 2541 1407 2585 triumphalia
1445 2542 1479 2574 in
1515 2541 1662 2574 Britan-

941 2592 999 2624 nia
1028 2589 1159 2624 tulerat
1175 2589 1326 2623 Claudio
1354 2590 1527 2633 principe.
1566 2589 1660 2622 Sue-

941 2644 1015 2674 ton.
1049 2639 1199 2683 Vespas.
1234 2650 1264 2671 c.
1292 2642 1326 2672 4.

943 2715 946 2717 Α
1012 2688 1134 2733 primis
1160 2686 1305 2720 militiae
1333 2685 1437 2718 antiis
1456 2684 1549 2729 apud
1570 2684 1661 2717 Ger-

153 2399 213 2444 qui
239 2397 358 2432 obiter
374 2402 602 2440 memoratur,
632 2407 704 2431 uno
726 2398 870 2431 nomine

152 2452 314 2482 vocatur.

232 2525 265 2554 et
294 2519 468 2565 principis
509 2518 705 2552 imitatione
725 2530 737 2552 .·
788 2518 869 2552 duni

154 2567 259 2602 mites
284 2567 432 2612 perinde
461 2578 503 2602 ac
518 2568 685 2612 princeps
709 2567 870 2601 desidiae

154 2621 189 2650 ct
231 2616 476 2660 voluptatibus
525 2626 565 2650 se
607 2615 716 2649 dedit.
782 2616 869 2649 Mire

153 2664 311 2698 Orethus
346 2666 601 2707 interpretatur
636 2663 729 2697 ‘dum
768 2665 868 2709 quasi

702 1707 853 1758 Immo,
897 1711 940 1747 ut
984 1707 1131 1748 melius
1182 1711 1268 1759 est,
1314 1712 1406 1749 tuos
1449 1709 1659 1750 exercitus
1677 1723 1719 1752 πο

154 2713 325 2757 principis
352 2716 471 2756 partes
497 2711 597 2757 agit'.

243 2794 365 2815 norem
390 2782 566 2826 leyiones:
609 2783 734 2826 Syriae
764 2788 870 2828 quat..

155 2835 246 2874 tuor,
276 2835 359 2866 tres*
378 2830 522 2872 lndeae,
548 2830 641 2864 dnae
667 2832 870 2877 Aegyptia-

155 2881 247 2914 ca'e:
274 2880 318 2914 cf.
348 2878 397 2913 lV
424 2881 459 2920 5,
491 2879 530 2913 ΙΙ.
560 2878 572 2913 l
604 2879 661 2915 10.
708 2879 871 2925 Μίθρῃ-ας

155 2927 394 2976 (vollzdhliqe)
421 2926 511 2962 dixit
538 2927 738 2972 respiciens
751 2928 870 2963 Vitel-

939 2737 1097 2769 mam'cos
1132 2746 1264 2778 quoqne
1301 2733 1474 2766 exercitus
1513 2731 1659 2766 clarus:

942 2785 1088 2818 Sueten.
1117 2782 1181 2816 Tit.
1218 2793 1248 2814 c.
1276 2786 1327 2815 4:
1367 2780 1525 2814 tribunus
1563 2780 1659 2814 mila·-

941 2838 1011 2865 tum
1037 2837 1068 2863 et
1094 2832 1133 2863 in
1158 2829 1351 2864 Germania
1385 2834 1418 2862 et
1446 2830 1484 2862 in
1512 2829 1660 2863 Britan-

941 2881 1003 2912 nia
1028 2879 1171 2920 meruit,
1212 2888 1348 2911 summa
1372 2877 1570 2912 industriae
1595 2888 1662 2912 nec

942 2929 1076 2962 »temore
1101 2925 1290 2961 modestiae
1317 2927 1428 2971 sama.

1750 404 1761 458 ἔ.

1738 1256 1764 1294 dr
