1768 3216
108 217 130 241 a
156 205 198 242 G.
227 206 287 243 69.
590 204 728 240 LlBER
754 205 781 240 1.
836 203 924 241 CAr.
953 205 1111 242 25—27.
1574 207 1622 240 83

108 336 186 379 per
216 324 414 366 conscios
446 336 667 379 oppressa:
701 323 907 378 quaedam
938 322 1045 377 apud
1065 322 1222 366 Galbae
1249 335 1372 366 aures
1390 323 1628 378 praefectus

109 398 221 441 Laco
254 398 392 457 chyit,
424 399 599 455 ignarus
624 399 863 440 militarium
887 399 1135 451 animorum,
1170 398 1419 453 consiliique
1440 399 1629 454 quamvis
1662 384 1734 434 Cr*
1748 416 1768 459 ᾗ

111 474 292 531 egregii,
324 474 438 529 quod
467 486 554 516 non
583 475 674 529 ipse
706 474 907 526 adferret,
931 474 1142 527 inimicus,
1176 478 1218 516 et
1239 474 1442 517 adversus
1469 475 1628 529 peritos
1676 446 1768 492 3”ἳ“

40 556 98 595 27
111 549 325 604 pervicax.
385 546 559 592 Octavo
605 549 770 591 decimo
820 548 1023 592 kalendas
1077 549 1328 592 Februarias
1375 549 1631 592 sacrificanti

110 635 187 679 pro
217 623 325 667 aede
354 622 562 680 Apollinis
594 623 752 666 Galbae
783 624 996 678 haruspex
1027 624 1264 666 Umbricius
1297 625 1432 667 tristia
1464 629 1559 667 exta
1591 629 1663 669 ets

110 699 314 743 instantes
345 699 522 742 insidias
554 713 604 742 ac
644 699 921 742 domesticum
960 699 1125 742 hostem
1165 699 1391 754 praedicit,
1435 700 1631 742 audiente

105 774 278 819 ,Othone
300 780 419 829 (nam
449 775 664 830 proximus
697 775 936 827 adstiterat)
955 775 1085 829 idque
1117 779 1160 817 ut
1190 774 1343 817 laetum
1364 789 1387 818 e
1413 776 1629 818 contrario

112 854 155 894 et
194 845 282 893 suis
324 851 649 907 cogitationibus
698 863 945 905 prosperum
992 850 1304 905 interpretante.
1366 851 1453 894 Nec
1502 851 1630 893 multo

111 931 209 982 post
236 927 411 970 libertus
444 927 698 970 Onomastus
730 927 892 969 nuntiat
923 926 1138 981 expectari
1170 938 1264 968 eum
1307 926 1358 968 ab
1398 926 1630 969 architecto

114 1006 157 1046 et
185 1002 522 1058 redemptoribus
533 1016 545 1055 3
578 1015 685 1058 quae
716 1002 969 1063 significatio
1003 1002 1244 1044 coeuntium
1276 1002 1359 1043 iam
1391 1002 1565 1044 militum
1591 1006 1631 1045 et
1648 1014 1687 1044 to

113 1082 285 1134 paratae
328 1078 633 1121 coniurationis
681 1062 953 1121 coffie'iat.
1016 1077 1152 1130 Otho,
1206 1089 1373 1119 causam
1414 1077 1632 1133 digressus

114 1154 440 1208 requirentibus,
473 1166 567 1196 cum
599 1154 682 1197 emi
712 1154 795 1196 sibi
825 1153 998 1209 praedia
1029 1157 1237 1195 vetustate
1268 1158 1465 1208 suspecta
1497 1166 1633 1208 eoque

114 1230 230 1284 prius
272 1230 530 1285 exploranda
568 1230 780 1284 finxisset,
831 1230 998 1272 innixus
1040 1229 1192 1272 liberto
1242 1241 1318 1284 per
1367 1229 1633 1295 Tiberianam

119 1305 288 1348 domum
319 1306 362 1348 in
392 1305 643 1360 Velabrum,
687 1306 785 1348 inde
826 1306 879 1349 ad
911 1305 1134 1347 miliarium
1166 1317 1336 1348 aureum
1376 1305 1453 1347 sub
1467 1289 1634 1348 “aedem

115 1381 283 1424 Saturni
311 1381 465 1437 pergit.
525 1381 587 1423 lbi
618 1385 703 1424 tres
736 1385 777 1423 et
805 1380 956 1436 viginti
987 1379 1276 1434 speculatores
1327 1380 1633 1423 consalutatum
1648 1391 1688 1421 ιε

115 1457 423 1512 imperatorem,
456 1469 506 1498 ac
535 1457 745 1511 paucitate
775 1456 1039 1499 salutantium
1070 1456 1300 1510 trepidum,
1334 1459 1375 1498 et
1404 1455 1534 1498 sellae
1567 1456 1635 1498 fe-

115 1532 319 1575 stinanter
366 1532 606 1587 impositum
656 1532 814 1574 strictis
864 1531 1135 1573 mucronibus
1194 1531 1374 1585 rapiunt.
1443 1530 1634 1573 Totidem

117 1607 249 1651 ferme
278 1607 430 1650 milites
460 1607 503 1649 in
522 1607 674 1650 itinere
703 1606 1004 1662 adgregantur,
1038 1606 1109 1648 alii
1136 1606 1412 1658 conscientia,
1444 1605 1634 1660 plerique

264 1741 295 1774 1.
322 1739 431 1786 galba
455 1738 522 1775 Μ3.
622 1740 657 1775 3.
685 1740 812 1785 afferet
837 1737 903 1772 Μ3.
1003 1741 1038 1773 4.
1066 1737 1127 1772 Kl.
1151 1737 1231 1771 Feb.
1259 1747 1340 1771 cum
1366 1736 1429 1771 lin.
1458 1737 1493 1770 in
1522 1735 1591 1771 litt.
1620 1737 1634 1770 l

331 1787 412 1823 KL.
442 1789 634 1823 Februarii
659 1787 698 1831 G,
727 1788 788 1834 qui
816 1788 925 1822 etiam
954 1786 1096 1821 XVIII
1131 1796 1196 1831 pro
1224 1792 1346 1820 octavo
1372 1785 1519 1820 decimo.
1596 1787 1631 1821 5.

392 1836 420 1872 G
447 1838 575 1872 tristia.
629 1838 663 1872 7.
688 1837 878 1871 adsisterat
905 1834 984 1870 Μ33
1014 1835 1042 1870 G
1066 1835 1265 1870 adstiterat
1323 1835 1360 1870 8.
1388 1835 1633 1880 interptantes

659 1885 716 1921 14.
744 1885 868 1920 eadem
893 1883 968 1919 Μ3.·
996 1884 1023 1918 G
1048 1884 1181 1919 aedem
1263 1883 1319 1919 16.
1347 1883 1433 1918 selle
1463 1884 1527 1920 Μ3.

119 1793 155 1824 et
181 1788 200 1823 b
228 1787 302 1824 Μ33

118 1837 265 1872 tristitia
289 1835 364 1872 Μ33

118 1885 184 1922 Μ3.
270 1887 327 1922 11.
354 1892 483 1933 parate
512 1885 578 1921 Μ3.

192 2003 279 2049 Cap.
306 2005 366 2040 27.
418 2010 541 2040 octavo
569 2005 722 2040 decimo:
758 2016 843 2039 sae-

119 2054 201 2098 pius
222 2054 467 2088 accusativum
479 2054 622 2089 Tacitus
646 2054 683 2088 in
710 2054 842 2088 huius-

120 2103 216 2137 modi
243 2102 335 2136 locis
364 2102 484 2147 dedit,
523 2103 568 2138 de
606 2114 677 2149 quo
707 2103 840 2138 dictum

118 2151 154 2185 in
199 2152 438 2197 annotatione
470 2153 516 2187 ad
550 2152 598 2186 Vl
623 2153 701 2188 50:
746 2163 842 2186 nunc

119 2199 315 2235 ablativum
340 2200 507 2244 admisit,
535 2201 601 2235 ubi.
622 2201 717 2236 idem
746 2201 842 2247 quod

120 2253 176 2283 est
200 2255 342 2296 postero
370 2250 424 2284 die
451 2250 559 2296 paulo
587 2251 723 2285 certius
748 2250 841 2284 defl-

119 2299 199 2333 nire
224 2297 391 2332 intendit.

67 2344 87 2352 ‘¹
193 2346 392 2391 haruspex*
402 2345 598 2381 Umbricius
621 2368 666 2374 —
691 2346 841 2393 praedi-

121 2395 192 2429 cit.-
220 2395 268 2430 cf.
299 2394 480 2431 Plutarch.
509 2396 621 2431 Galba
647 2395 705 2432 24.
748 2396 841 2430 Sue-

120 2448 195 2478 ton.
237 2443 349 2478 Galba
384 2444 450 2488 19,
497 2444 581 2480 Oth.
608 2445 644 2480 6.
709 2445 842 2480 Aedem

120 2491 298 2539 Apollinis
323 2492 411 2527 dicit
439 2494 622 2540 Apollinis
649 2493 814 2528 Palatini.

191 2553 258 2587 per
298 2541 521 2576 Tiberianam
559 2543 697 2577 domum
715 2556 727 2577 .·
772 2543 841 2577 hoc

121 2598 254 2625 nmen
283 2595 360 2624 erat
385 2593 546 2635 posticae
572 2593 663 2636 parti
691 2592 840 2635 Palatii3

121 2648 156 2672 v.
185 2639 332 2674 Sueton.
349 2638 432 2674 Oth.
458 2641 494 2676 6.
528 2640 742 2676 Plutarchus
757 2639 842 2675 Gal-

121 2686 168 2720 ba
191 2688 259 2723 24:
297 2683 361 2723 διὰ
396 2690 461 2733 Ul?
487 2692 667 2736 Τιβερίου
702 2693 841 2726 καλου·

119 2739 238 2782 μένης
285 2739 408 2776 οἰκίας
458 2737 627 2783 καταβὰς
674 2739 844 2786 ἐβάδιζεν

124 2787 178 2824 εἰς
201 2784 364 2833 ἀγοράν.
432 2785 531 2821 Hanc
556 2787 699 2822 Tacitus
726 2788 767 2822 H.
797 2787 843 2821 111

123 2830 172 2866 84
195 2844 358 2868 aversam
384 2833 518 2869 Palatii
550 2842 690 2881 partem
725 2837 844 2870 nomi-

124 2883 197 2914 nat.
231 2880 373 2917 Becker
409 2884 445 2916 in
476 2884 688 2919 Euchiridio
724 2885 844 2930 Amiq.

125 2929 228 2964 Rom.
257 2929 271 2963 1
313 2941 348 2975 p.
380 2931 453 2967 429
496 2933 673 2981 intelligit
711 2934 844 2968 clivum

127 2977 326 3013 Victoriae.

249 3064 374 3095 Tacitus
394 3065 448 3095 111.

987 2004 1035 2038 ad
1060 2003 1254 2038 miliarium
1285 2014 1434 2037 aureum
1466 2002 1527 2037 sub
1567 2013 1633 2037 ae-

914 2053 990 2087 dem
1006 2053 1158 2087 Saturni
1180 2053 1325 2098 peryit:
1355 2053 1481 2085 statuit
1507 2053 1542 2085 in
1570 2063 1633 2086 ca-

914 2103 990 2146 pite
1017 2102 1167 2135 Romani
1203 2102 1271 2135 fori
1300 2100 1508 2146 Augustus,
1553 2111 1633 2134 cum

915 2155 1059 2185 curator
1082 2152 1222 2184 viarum
1250 2154 1338 2184 erat.
1393 2150 1461 2184 Dio
1493 2149 1570 2183 Ltv
1596 2149 1632 2184 8.

914 2199 1004 2233 Plin
1031 2199 1072 2234 Ν.
1101 2199 1143 2233 Η.
1169 2199 1218 2233 llt
1245 2199 1278 2234 9.
1320 2198 1500 2233 Plutarch.
1530 2198 1631 2232 Galb.

913 2249 981 2284 243
1012 2245 1076 2284 dui
1106 2251 1190 2293 τῆς
1193 2251 1377 2304 Τιβερίου
1398 2250 1635 2295 καλουιιίνης

914 2300 1037 2338 οἰκίας
1063 2292 1230 2345 καταβὰς
1257 2297 1430 2342 ἐβάδιζεν
1455 2299 1508 2334 εἰς·
1537 2295 1633 2342 ἆγο-

915 2346 1013 2407 ράν,
1052 2346 1095 2383 οὑ
1129 2347 1303 2393 χυυσοῦς
1327 2346 1492 2389 εἱστήκει
1523 2348 1632 2387 κίων,

913 2397 969 2435 εἰς
994 2394 1039 2431 ὃν
1061 2396 1103 2429 αἱ
1128 2397 1359 2443 τετμημέναι
1385 2396 1447 2439 τῆς
1465 2394 1635 2434 Ἰταλίας

916 2445 1000 2481 ὁδοὶ
1028 2448 1154 2480 πᾶσαι
1175 2445 1415 2480 τελευτῶσιν.
1445 2442 1632 2485 Quomodo

915 2494 952 2527 in
976 2493 1121 2528 levibus
1148 2504 1168 2527 a
1187 2492 1357 2527 Colnelio
1382 2498 1505 2526 nostro
1533 2496 1632 2526 recte

914 2544 1057 2577 omissis
1067 2543 1261 2577 Suetonius
1272 2542 1498 2588 diligentiam
1511 2546 1633 2575 osten-

913 2591 994 2635 dat,
1035 2593 1070 2625 in
1114 2591 1179 2625 hac
1205 2602 1244 2626 re
1274 2591 1471 2625 enarranda
1506 2600 1632 2625 exem-

912 2641 1010 2685 plum
1050 2639 1192 2674 illustre
1228 2640 1326 2674 dedit
1353 2639 1435 2673 Oth.
1464 2639 1511 2674 63
1551 2644 1634 2671 tunc

913 2690 1051 2724 abditus
1082 2700 1236 2735 propere
1280 2688 1443 2722 muliebri
1474 2686 1562 2720 sella
1593 2696 1633 2719 m

913 2744 1034 2774 castra
1073 2738 1273 2781 contendit,
1313 2748 1357 2770 ac
1395 2734 1633 2777 deficientibus

913 2787 1132 2829 lecticariis,
1175 2797 1253 2820 cum
1282 2784 1515 2818 descendisset
1548 2794 1633 2816 cur-

913 2848 1054 2881 sumque
1081 2836 1243 2880 cepisset,
1283 2833 1403 2866 laxato
1431 2832 1545 2866 calcio
1572 2843 1634 2865 re-

914 2887 1012 2927 stitit,
1041 2885 1152 2918 donec
1182 2884 1310 2916 omissa
1334 2892 1436 2914 mora
1454 2879 1633 2915 succolla-

915 2940 969 2968 tus
998 2938 1030 2967 et
1055 2944 1079 2966 a
1101 2931 1284 2978 praesenti
1318 2931 1485 2964 comitatu
1521 2930 1634 2975 impe-

915 2988 1018 3017 rator
1035 2980 1275 3016 consalutatus
1299 2980 1394 3014 inter
1415 2981 1554 3025 faustas
1567 2990 1634 3012 ac-

1408 3048 1437 3087 3
