1768 3216
171 232 228 286 ³6⁶
790 230 1057 290 &eamme

177 373 268 421 est,
314 372 513 422 quatenus
557 368 747 412 Danuvio
797 363 1021 428 peragitur.
1093 359 1381 417 'Marcomanis
1426 360 1671 432 ''Quadis'‘(jue

179 455 309 496 usque
342 444 392 484 ad
425 447 607 485 nostram
639 447 880 488 memoriam
911 460 1036 503 reges
1069 440 1310 492 manserunt
1334 457 1387 493 ex
1406 440 1531 507 g'eiite
1551 446 1670 506 i'p‘s'o'-

171 529 275 569 rum,
308 517 449 558 nobile
481 519 729 561 Marobodui
761 524 801 561 et
827 518 951 563 Tudri
983 535 1139 578 genus:
1186 525 1266 566 iam
1298 529 1338 567 et
1366 522 1562 568 externos
1591 515 1670 581 'p‘a-

170 590 335 633 tiuntur.

397 593 477 634 Sed
510 594 573 635 vis
607 598 647 636 et
675 596 858 649 potentia
888 597 1059 652 regibus
1093 611 1145 640 ex
1183 599 1427 642 auctoritate
1466 592 1665 643 Roin‘a'tia.

138 666 277 708 ⁵Rar0
324 667 448 708 armis
492 669 670 722 nostris,
720 671 884 724 saepius
932 673 1109 726 pecunia
1154 674 1368 728 iuvantur,
1412 687 1490 718 nec
1533 674 1667 718 min'u's

167 741 316 783 valent.

301 817 425 878 Retro
456 818 670 873 Marsigni,
703 820 865 873 Gotini,
900 820 995 874 Osi,
1024 821 1121 863 Buri
1151 826 1266 878 terga
1297 821 1657 867 Marcomanorum
1679 830 1735 870 43

169 893 488 947 Quadorumque
521 893 727 935 claudunt.

789 895 822 936 E
855 895 1001 949 quibus
1033 897 1232 951 Marsigni
1266 902 1305 938 et
1337 893 1434 940 Buri
1470 892 1664 942 sermone

167 967 357 1022 cultuque
385 969 542 1010 Suevos
574 969 786 1011 referunt:
832 970 1006 1012 Gotinos
1050 971 1232 1024 Gallica,
1288 973 1395 1015 Osos
1424 973 1661 1016 Pannonica

113 1042 303 1097 ²sslingua
337 1043 526 1097 coarguit
557 1055 640 1084 non
667 1056 761 1085 esse
793 1043 1037 1098 Germanos,
1071 1050 1111 1087 et
1134 1046 1242 1099 quod
1261 1047 1650 1101 tributapatiuntur.

163 1117 322 1158 Partem
367 1117 611 1159 tributorum
660 1118 898 1171 Sarmatae,
947 1123 1104 1172 partem
1150 1120 1283 1170 Quadi
1325 1125 1368 1162 ut
1409 1122 1659 1177 alienigenis

161 1191 387 1244 hnponunt

451 1191 613 1244 Gotini,
647 1204 727 1245 quo
774 1193 906 1247 magis
950 1193 1127 1246 pudeat,
1170 1198 1211 1235 et
1248 1195 1402 1236 serrum
1445 1195 1659 1238 effodiunt.

162 1264 399 1318 Omnesque
431 1265 471 1306 hi
501 1266 638 1319 populi
677 1278 808 1319 pauca
854 1268 1173 1320 campestrium,
1229 1273 1410 1311 ceterum
1454 1269 1581 1311 saltus
1621 1275 1661 1311 et

159 1340 339 1381 vertices
375 1340 569 1380 montium
600 1339 856 1382 insederunt.
903 1341 1066 1382 Dirimit
1084 1342 1193 1383 enim
1213 1343 1658 1398 scinditque'Suevi'am

283 1508 311 1540 1.
342 1506 492 1540 danubio
519 1506 544 1540 P
574 1511 609 1541 et
635 1507 708 1541 alii.

157 1554 192 1589 4.
220 1556 409 1589 autoritate
436 1558 517 1600 (per
543 1565 658 1600 comp.
686 1556 785 1600 avite)
817 1555 854 1590 P.

159 1603 178 1637 7
209 1608 244 1637 et
269 1603 303 1638 8.
339 1604 417 1638 buri
442 1604 466 1637 Ρ
495 1615 572 1638 cum
600 1604 804 1649 plerisque=
843 1605 945 1638 Burii
971 1604 1182 1639 Marcianus.

775 1508 809 1542 3.
839 1510 886 1554 et]
918 1510 968 1542 et*
995 1508 1030 1540 in
1060 1507 1084 1540 P
1102 1510 1196 1542 'ante
1226 1514 1389 1543 externos
1414 1509 1505 1543 vidit
1518 1510 1657 1544 Massm.

1013 1557 1032 1590 7
1061 1561 1097 1590 et
1120 1556 1143 1591 9
1169 1561 1204 1591 et
1235 1559 1290 1593 12.
1323 1557 1443 1592 Golim'
1467 1557 1546 1592 sine
1571 1557 1595 1592 10
1619 1557 1657 1592 P.

1244 1607 1299 1640 14.
1329 1607 1495 1642 montium
1520 1607 1658 1653 iugum-

155 1662 218 1695 que
245 1651 270 1685 P
297 1657 332 1686 et
359 1653 470 1687 ceteri
497 1657 640 1697 praeter
665 1652 945 1687 Arundelianum
977 1654 1034 1698 qui
1062 1653 1224 1699 iuqaque.

157 1802 212 1835 ins
240 1802 271 1836 ll
305 1803 399 1839 108:
447 1803 684 1838 Maroboduus
719 1824 763 1830 —-
791 1816 872 1838 cer-

157 1857 228 1884 tum
252 1852 435 1896 imperium
461 1853 593 1897 vimque
616 1853 750 1898 reyiam
776 1865 871 1887 com-

152 1899 278 1944 plexus
304 1901 421 1934 animo
450 1902 582 1943 statuit,
610 1907 761 1935 avocata
783 1913 870 1948 pro-

159 1947 216 1980 cul
241 1959 264 1981 a
289 1949 459 1983 Romanis
485 1956 586 1994 yente
612 1961 688 1993 succ,
721 1961 760 1983 eo
783 1961 871 1996 pro-

155 1996 256 2039 9redi
281 1997 339 2030 ubi
355 2023 364 2040 ,
405 2009 480 2031 cum
503 2004 648 2043 propter
670 1999 870 2043 potentiora

156 2054 260 2077 arma
294 2046 503 2090 refugisset,
546 2057 610 2080 sua
642 2049 779 2090 faceret
801 2058 869 2092 po-

154 2093 357 2126 lentissima.

236 2170 407 2207 quatenus
455 2165 620 2199 Danuvio
663 2167 868 2211 peraqitur:

149 2213 335 2257 peragitur
360 2222 455 2246 nove
482 2213 572 2246 dixit
609 2224 672 2258 pro
701 2214 866 2248 eflicitur.

151 2259 323 2294 Nimirum
349 2266 387 2293 ut
403 2261 566 2295 homines
581 2273 707 2296 aevum
725 2264 785 2307 (A.
799 2265 865 2309 44)

154 2308 213 2342 vel
242 2310 339 2343 vitae
366 2310 599 2353 curriculum,
640 2313 691 2345 sie
723 2311 868 2345 flumina

156 2367 297 2390 cursum
325 2364 512 2404 peragunt.
541 2359 682 2403 Lipsius
711 2362 868 2394 coniecit

149 2407 395 2449 praeteoeitur,
433 2406 678 2452 Tagemannus
717 2411 771 2454 (p.
798 2410 864 2455 41)

149 2455 405 2499 praecingitur.

223 2535 288 2558 nec
312 2526 424 2558 minus
448 2525 590 2559 valent:
628 2528 782 2570 pecunia
821 2527 863 2561 ab

151 2571 320 2607 Romanis
347 2578 494 2618 accepta
533 2584 638 2619 reges
665 2574 863 2609 Marcoma-

150 2630 275 2654 norum
316 2632 387 2655 non
426 2623 540 2655 minus
576 2622 719 2665 valent,
759 2634 862 2668 quam

151 2680 229 2702 cum
270 2671 375 2703 armis
412 2671 602 2704 iuvantur:
649 2671 790 2705 scilicet
828 2672 862 2705 in

149 2723 258 2761 gente
298 2718 473 2752 bellorum
522 2718 626 2752 avida
666 2721 862 2753 exercitum

149 2770 184 2798 et
211 2767 369 2810 auxilia,
411 2767 471 2800 ubi
501 2777 588 2811 opes
620 2777 690 2801 non
719 2768 860 2811 desunt,

146 2823 271 2856 parare
298 2825 446 2859 pronum
465 2820 531 2850 est.
574 2815 666 2850 Olim
687 2826 757 2849 non
776 2827 862 2850 vere

147 2861 237 2896 haec
264 2863 374 2897 verba
401 2866 524 2907 spuria
550 2875 630 2899 esse
658 2864 804 2899 credidi.

223 2934 307 2978 Cap.
339 2936 397 2969 43.
451 2941 545 2969 retro
587 2958 631 2963 -
672 2936 861 2970 claudunt:

146 2979 181 3011 in
210 2987 368 3016 extremo
395 2984 536 3018 oriente
560 2985 770 3020 Germaniae
786 2983 860 3019 Da-

946 1802 1056 1836 nubio
1084 1803 1295 1837 terminatae
1331 1807 1519 1848 postquam
1545 1803 1657 1839 adve-

944 1852 1020 1894 nit,
1058 1861 1198 1886 cursum
1228 1852 1263 1885 in
1290 1852 1572 1899 septentrionem
1599 1852 1656 1887 di-

945 1900 1042 1946 rigit.
1070 1899 1249 1945 Marsiyni
1287 1906 1318 1934 et
1356 1900 1500 1945 Gotim',
1537 1901 1598 1935 0⁸2·
1625 1907 1657 1935 et

943 1949 1032 1982 Buri
1056 1947 1105 1981 ibi
1133 1947 1334 1994 degebant,
1370 1949 1430 1983 ubi
1460 1959 1556 1983 nune
1581 1948 1656 1983 Bo-

942 1996 1084 2030 liemine
1110 1996 1295 2030 orientalis
1330 2007 1410 2040 pars
1435 1998 1655 2042 septentrio-

940 2055 1021 2078 nem
1049 2055 1174 2078 versus
1202 2049 1237 2078 et
1253 2045 1409 2079 Moravia
1434 2046 1655 2090 septentrio-

941 2091 1046 2126 nalis.
1095 2093 1208 2126 Buros
1235 2098 1402 2127 recenset
1427 2093 1653 2138 Ptolemaeus

942 2140 972 2174 ll
1009 2142 1049 2175 11
1079 2141 1154 2176 20:
1190 2143 1398 2188 Λοὺγ(ι)οι
1439 2142 1478 2177 ὁὶ
1508 2142 1653 2189 Βοῦροι

940 2192 1055 2237 μέχρι
1080 2189 1145 2232 τῆς
1168 2191 1334 2237 κεφαλῆς
1369 2191 1435 2226 τοῦ
1465 2190 1652 2227 Οὔισιού-

939 2241 984 2273 λα
1013 2239 1200 2286 ποταμοῦ.

1011 2308 1095 2342 Osos
1129 2329 1173 2335 —
1207 2310 1420 2355 patiuntur.-
1457 2309 1542 2344 Osos
1579 2320 1649 2344 non

941 2367 1020 2390 esse
1048 2357 1240 2392 Germanos
1287 2369 1331 2392 ex
1366 2358 1490 2404 lingua
1529 2368 1650 2393 eorum

937 2404 1141 2440 Pannonica
1167 2411 1202 2440 et
1228 2407 1370 2451 ignavis
1385 2406 1542 2441 moribus
1564 2418 1651 2442 nar..

937 2459 1033 2487 rator
1058 2454 1211 2499 colligit.
1256 2454 1326 2488 Sed
1352 2454 1388 2489 id
1415 2456 1447 2489 ei
1475 2456 1649 2497 incertum

937 2501 1006 2535 fuit
1039 2506 1154 2535 utrum
1195 2503 1301 2546 stirps
1345 2502 1408 2536 illa
1445 2503 1648 2550 Pannonica

936 2550 971 2582 in
1001 2549 1079 2583 solo
1108 2549 1318 2584 Germanico
1344 2551 1540 2597 antiquitus
1559 2551 1648 2596 ¹fue-

936 2598 981 2631 rit
1005 2608 1047 2632 an
1077 2609 1121 2632 ex
1148 2597 1330 2632 Pannonia
1364 2598 1647 2645 imm'igraverit;

935 2657 969 2681 v,
999 2656 1076 2690 cap.
1106 2646 1152 2682 28
1179 2658 1257 2681 cum
1284 2648 1527 2682 annotatione.

995 2743 1126 2786 Gotim',
1144 2755 1208 2789 quo
1225 2745 1335 2790 maqis
1350 2744 1491 2791 pudeat,
1519 2744 1551 2779 et
1568 2745 1646 2790 fer-

933 2803 1009 2825 rum
1036 2791 1226 2838 effodiunt:
1253 2793 1385 2827 ferrum
1414 2793 1586 2827 effodiunt
1612 2798 1646 2826 et

933 2850 996 2883 pro
1033 2840 1165 2874 tributo
1207 2841 1361 2876 tradunt.
1436 2841 1512 2876 Hoc
1551 2841 1644 2875 enim

932 2889 1041 2923 verba
1086 2900 1150 2934 quo
1195 2890 1306 2934 mayis
1341 2889 1472 2935 pudeat
1500 2890 1644 2938 ‘sugge-

932 2943 1038 2970 runt:
1074 2938 1205 2982 quippe
1245 2937 1378 2972 ferrum
1415 2948 1487 2971 non
1514 2937 1643 2972 effodi-

932 2991 994 3019 unt
1026 2990 1064 3019 ut
1105 2987 1211 3021 armis
1247 2984 1384 3021 hostem
1418 2985 1640 3031 propulsent,
