1768 3216
153 246 230 285 800

205 368 240 399 et
265 364 323 407 95,
352 364 374 397 4
405 366 459 399 11.
490 365 517 400 G
546 366 603 401 25.
634 366 739 402 013.
769 379 879 402 accu-

831 248 972 285 INDEX

930 368 1100 403 Limnatis
1126 379 1159 402 v.
1189 368 1314 403 Diana.

156 460 159 462 a
205 429 340 461 satores
356 429 584 469 patronorum
604 428 646 462 15
670 428 727 471 55,
760 428 802 464 16
825 429 878 465 to.
930 429 1112 476 Lingones
1139 427 1278 462 Galliae
1304 426 1460 473 populus
1502 427 1533 462 H
1564 426 1654 475 153

204 484 230 519 11
262 486 277 518 1
307 486 340 520 2.
371 485 472 520 1113115
499 487 720 532 temporibus
740 493 876 532 partem

205 554 245 579 se
273 546 324 580 rei
358 545 524 590 publicae
550 547 688 582 faciunt
716 549 744 583 11
776 551 789 583 1
821 550 877 585 76.

205 616 249 640 ex
273 606 530 641 secretioribus
548 609 757 644 ministeriis
773 610 804 644 A
821 610 880 645 45.

166 666 172 671 '
207 666 301 701 inter
337 666 446 702 duces
487 667 662 703 habentur
698 670 724 704 11
764 670 786 704 3
825 672 879 706 12.

201 725 341 761 libertis
368 728 487 762 Seiani
509 733 697 765 notescere
717 741 780 776 pro
799 742 877 766 ma-

203 788 335 834 gnifico
363 788 384 823 6
410 789 444 823 8.
501 790 649 824 servilia
685 791 834 838 ingenia
860 793 880 827 2

216 849 271 883 12.
302 858 430 894 corpus
458 850 529 885 late
559 850 676 885 susum
708 853 750 886 13
778 853 837 888 27.

978 494 1013 524 et
1039 490 1086 524 54
1113 493 1148 523 et
1175 489 1219 523 57
1247 492 1282 522 et
1309 487 1368 531 59,
1398 488 1419 520 2
1446 487 1508 524 27.
1534 487 1656 525 vitet-

978 549 1133 585 lianibus
1171 548 1330 594 partibus
1367 547 1426 583 fidi
1469 548 1496 582 11
1538 547 1554 583 1
1592 548 1653 585 64.

983 611 1130 645 civitate
1167 610 1326 645 Romana
1367 609 1544 644 donantur
1577 611 1604 645 11
1637 613 1651 645 1

983 671 1039 706 78.
1069 682 1088 705 3
1105 671 1280 717 Sequanis
1297 670 1494 706 funduntur
1513 671 1540 705 Η
1555 671 1579 705 4
1595 670 1655 708 67.

984 742 1047 777 pro
1092 733 1264 778 Verginio
1310 736 1434 766 contra
1471 731 1656 768 Vindicem
1691 749 1697 755 ·

981 797 1075 827 stant
1104 794 1128 826 11
1155 791 1179 826 4
1204 792 1262 828 69.
1289 792 1468 827 Romanos
1494 792 1656 840 adgressi

988 854 1015 887 tt
1042 853 1065 887 4
1093 854 1150 888 77.

152 907 406 944 libertinorum
434 910 518 945 filiis
536 913 764 958 magistratus
783 924 885 948 man-
936 913 1044 948 Linus
1071 913 1259 948 Thebanus
1289 914 1327 947 11
1361 913 1415 949 ¹4.
1446 913 1474 948 0
1504 915 1558 950 12.

205 969 332 1003 dantur
349 971 461 1006 1124.
478 971 624 1007 divitiae
641 975 683 1009 12
696 974 754 1017 53,
769 975 813 1008 14
828 975 887 1009 55.
940 974 1029 1012 Liris
1055 973 1089 1008 ss.
1118 964 1361 1021 (Gariyliano)
1391 975 1433 1009 12
1459 973 1517 1008 56.

155 1029 365 1064 libertorum
403 1031 545 1066 fraudes
590 1043 675 1079 erga
714 1039 884 1078 patronos
933 1034 1074 1069 litterae
1109 1045 1129 1068 a
1165 1034 1292 1079 quibus
1327 1033 1497 1068 inventae
1529 1033 1568 1068 11
1601 1033 1655 1068 14.

210 1089 252 1122 13
279 1090 338 1124 26.
386 1091 439 1125 ius
467 1090 495 1124 H
523 1092 543 1124 2
577 1091 634 1128 92.
675 1093 718 1127 de
745 1093 883 1128 libertis
983 1094 1224 1140 Aegyptiae2
1249 1092 1306 1129 60.
1336 1091 1493 1127 Graecae
1511 1092 1547 1126 111
1566 1092 1657 1144 681·-

203 1148 353 1195 ingratis
383 1149 595 1184 deliberatio
625 1152 667 1186 13
694 1153 752 1188 26.
983 1154 1100 1187 mania
1132 1153 1158 1187 G
1183 1152 1217 1187 3.
1243 1162 1360 1186 novae
1380 1150 1656 1186 3013111110εά-

156 1207 244 1243 Libo
272 1209 407 1243 Drusus
435 1216 625 1245 accusatur
651 1214 673 1248 2
698 1213 744 1248 28
772 1218 806 1246 et
821 1214 878 1248 30.
980 1213 1076 1247 ditae
1106 1214 1147 1247 11
1179 1213 1233 1247 13.
1283 1211 1508 1246 sacerdotum
1536 1210 1658 1246 ludai-

204 1279 242 1303 se
269 1270 346 1314 ipse
372 1270 541 1306 interficit
566 1274 589 1307 2
612 1273 672 1307 31.
730 1273 774 1307 (18
801 1274 878 1308 81115
981 1283 1101 1307 corum
1131 1273 1159 1307 tt
1191 1273 1212 1307 5
1243 1272 1296 1307 13.
1547 1273 1559 1281 “

202 1328 430 1364 damnatione
464 1331 598 1365 mentio
632 1333 653 1365 4
680 1332 727 1368 29
755 1338 790 1366 et
816 1333 875 1368 31.
928 1332 1029 1367 Livia
1058 1332 1212 1379 Augusti
1238 1341 1328 1366 uxor
1353 1333 1366 1366 1
1391 1332 1425 1367 3.
1453 1330 1556 1366 dolus
1575 1330 1652 1366 eius

155 1388 191 1423 L.
219 1389 307 1424 Libo
336 1391 460 1425 consul
490 1394 513 1428 2
543 1396 571 1426 1.
975 1394 1010 1427 in
1037 1393 1192 1440 Augusti
1213 1397 1363 1438 nepotes
1386 1391 1472 1428 ibid.
1498 1392 1653 1439 Augusti

153 1450 343 1486 librator-es
368 1453 390 1487 2
417 1453 474 1496 20,
507 1454 550 1487 13
576 1453 634 1488 39.
976 1459 1126 1489 mortem
1165 1453 1259 1488 celat
1288 1455 1304 1488 1
1331 1454 1365 1489 5.
1412 1453 1449 1492 111
1478 1451 1654 1487 familiam

154 1510 267 1556 Libya
291 1513 312 1546 2
339 1511 397 1546 60.
426 1514 450 1547 11
481 1514 502 1548 5
528 1515 561 1548 2.
977 1515 1103 1549 Iuliam
1131 1515 1327 1549 adsumitur
1355 1515 1373 1549 1
1403 1514 1438 1549 8.
1465 1513 1516 1548 rei
1532 1511 1655 1558 publi-

147 1571 358 1609 *Licinianus
389 1573 468 1608 Piso
498 1575 525 1609 H
559 1575 575 1609 1
608 1573 661 1608 14.
690 1585 724 1608 v.
753 1574 847 1609 Piso.
981 1587 1043 1610 cae
1073 1576 1226 1622 gravisl
1251 1576 1306 1621 10.
1333 1573 1491 1609 adulatio
1509 1577 1654 1608 senatus

154 1632 198 1668 M.
231 1632 391 1667 Licinius
419 1634 544 1668 consul
571 1635 594 1669 4
623 1635 683 1670 62.
976 1637 1012 1670 in
1041 1647 1116 1671 eam
1146 1637 1161 1670 1
1185 1636 1238 1670 14.
1267 1635 1489 1682 Agrippinae
1515 1633 1656 1668 infensa

151 1693 198 1728 M.
219 1692 379 1727 Licinius
398 1693 583 1740 (Crassus)
613 1695 737 1729 consul
759 1696 800 1730 15
822 1695 879 1730 33.
984 1697 1000 1729 1
1029 1696 1087 1738 33,
1115 1697 1135 1730 2
1161 1694 1220 1738 43,
1247 1695 1272 1728 4
1302 1695 1356 1729 12.
1380 1694 1567 1740 Augustae
1587 1703 1657 1727 no.-

155 1753 314 1787 Licinius
341 1753 490 1789 Archias
517 1753 544 1789 0
566 1755 625 1790 37.
980 1766 1060 1789 men
1087 1755 1296 1800 adipiscitur
1321 1757 1334 1789 1
1359 1754 1394 1790 8.
1424 1753 1656 1800 Urgulaniam

154 1813 313 1849 Licinius
340 1813 496 1849 Caecina
527 1816 551 1849 Ι1
581 1816 603 1848 2
630 1816 685 1850 53.
981 1815 1101 1862 diligit
1135 1813 1254 1858 2134,
1290 1815 1312 1849 4
1339 1815 1397 1850 22.
1450 1813 1655 1848 Plancinam

154 1873 313 1908 Licinius
341 1874 495 1908 Gabolus
531 1874 573 1909 14
603 1877 657 1910 12.

154 1934 314 1969 Licinius
343 1934 513 1969 Proculus
529 1935 660 1970 Othoni
691 1935 878 1971 familiaris

980 1876 1139 1922 protegit
1164 1877 1186 1912 3
1216 1876 1258 1910 15
1289 1879 1324 1909 et
1354 1876 1408 1909 17.
1440 1883 1560 1909 comes
1578 1874 1655 1909 Au-

977 1942 1083 1983 gusto
1111 1937 1146 1970 in
1173 1934 1408 1981 provinciis3
1425 1934 1483 1977 34.
1510 1932 1655 1968 valetu-

205 1994 231 2026 11
265 1995 279 2027 1
306 1994 363 2028 46.
414 1996 583 2038 praetorii
612 1996 816 2040 praefectus
848 1998 876 2030 ll

210 2054 225 2086 1
253 2053 299 2088 46
329 2058 363 2086 et
393 2053 438 2087 82
476 2059 510 2088 et
536 2055 603 2097 87,
637 2055 658 2088 2
692 2056 750 2090 33.
792 2057 881 2090 vitia

207 2114 284 2147 eius
312 2113 338 2146 Η
373 2115 388 2147 1
415 2114 473 2148 87.
508 2116 685 2158 imperitia
713 2116 737 2148 11
767 2117 787 2148 2
817 2117 876 2150 33.

202 2172 238 2205 in
285 2173 446 2207 exercitu
479 2172 681 2207 Othoniano
720 2179 879 2218 potestas

203 2232 231 2266 ll
259 2234 282 2269 2
307 2233 364 2268 39.
404 2233 490 2280 suga
529 2239 609 2278 post
641 2233 818 2278 proelium
853 2235 881 2268 H

977 1995 1022 2030 do
1066 1996 1144 2030 eius
1183 2000 1284 2029 atrox
1316 1995 1339 2029 3
1374 1993 1433 2029 62.
1495 1992 1655 2040 effigiem

978 2057 1141 2101 Augusto
1170 2055 1265 2089 dicat
1291 2054 1339 2089 ib.
1367 2058 1453 2089 vota
1477 2063 1542 2099 pro
1576 2054 1653 2088 eius

976 2115 1184 2149 valetudine
1218 2116 1240 2150 3
1268 2116 1326 2150 71.
1377 2119 1536 2149 extrema
1570 2115 1648 2149 eius

979 2180 1127 2209 senecta
1160 2176 1182 2211 4
1217 2174 1252 2208 8.
1305 2173 1409 2208 sedes
1445 2175 1523 2208 eius
1559 2175 1653 2209 inter

985 2234 1151 2268 Vestales
1181 2235 1217 2268 in
1242 2233 1381 2268 theatro
1407 2232 1431 2267 4
1458 2221 1516 2268 16⁸>
1551 2233 1657 2268 delu-

201 2294 223 2328 2
250 2293 309 2329 44.
349 2293 550 2338 prodidisse
577 2293 754 2329 Othonem
784 2294 879 2328 fate-

203 2357 259 2386 tur
292 2354 318 2387 11
352 2354 372 2388 2
398 2353 456 2389 60.
720 2351 727 2355 ⁷

154 2412 260 2448 lictor
289 2413 413 2448 Liviae
441 2424 511 2448 non
539 2414 750 2449 conceditur
780 2416 795 2448 1
829 2414 882 2449 14.

207 2484 278 2507 uno
318 2473 469 2507 Athenis
506 2475 616 2508 utitur
648 2474 880 2509 Germanicus

205 2534 227 2567 2
255 2532 311 2567 53.
370 2533 438 2566 duo
467 2534 689 2579 Agrippinae
719 2536 883 2569 concessi

210 2593 254 2627 13
284 2593 316 2627 2.
346 2594 528 2637 proximus
565 2595 590 2627 Η
623 2595 644 2628 3
671 2595 730 2628 80.

151 2653 261 2699 Ligur
291 2653 418 2687 Varius
446 2664 478 2688 v.
510 2654 649 2687 Varius.

980 2294 1080 2328 brum
1107 2295 1139 2328 ei
1168 2294 1211 2328 ab
1238 2294 1324 2328 Asia
1350 2298 1385 2328 et
1406 2294 1576 2339 Hispania
1600 2293 1658 2328 di-

983 2359 1098 2388 catum
1133 2353 1156 2387 4
1187 2355 1246 2389 37.
1296 2354 1373 2388 eius
1410 2355 1445 2388 in
1480 2353 1658 2389 Tiberium

984 2414 1095 2448 tilium
1124 2414 1351 2459 exprobratio
1378 2413 1402 2449 4
1427 2415 1485 2450 57.
1530 2414 1658 2449 Iuliam

979 2479 1122 2520 neptem
1157 2474 1299 2509 exulem
1335 2479 1512 2509 sustentat
1545 2475 1569 2508 4
1595 2475 1656 2511 71.
1692 2473 1696 2481 ³

983 2534 1133 2568 moritur
1160 2535 1181 2568 5
1215 2535 1244 2567 1.

936 2594 1035 2628 Livia
1063 2594 1167 2628 Drusi
1195 2602 1286 2626 uxor
1311 2593 1333 2627 2
1358 2592 1418 2628 43.
1446 2602 1548 2627 soror
1566 2593 1657 2628 Ger..

974 2655 1103 2688 manici
1123 2656 1143 2689 2
1161 2652 1220 2688 84.
1249 2652 1469 2688 adulteratur
1487 2664 1507 2688 a
1523 2653 1654 2688 Seiano

152 2713 302 2759 Ligures
336 2715 360 2747 11
391 2714 412 2748 2
446 2715 498 2748 14.
546 2714 713 2761 Ligurum
742 2715 871 2748 cohors
970 2715 991 2747 4
1016 2715 1038 2748 3
1066 2719 1101 2748 et
1118 2714 1176 2749 39.
1205 2715 1406 2748 sententiae
1432 2715 1468 2748 in
1490 2715 1568 2748 eius
1596 2714 1654 2749 et·-

200 2773 285 2807 ibid.
307 2773 446 2820 Liguris
474 2773 630 2809 feminae
652 2774 873 2819 praeclarum
975 2774 1077 2820 figies
1110 2779 1145 2809 et
1172 2775 1378 2808 memoriam
1403 2778 1544 2808 atroces
1570 2774 1592 2810 6
1613 2776 1647 2809 2.

203 2833 405 2878 exemplum
439 2835 467 2868 H
497 2836 517 2870 2
550 2835 602 2870 13.
657 2835 736 2869 111115
763 2834 875 2881 Ligu-
928 2835 1028 2868 Livia
1056 2834 1192 2869 familia
1219 2834 1240 2870 6
1269 2836 1325 2870 51.

202 2905 278 2928 rum
308 2895 350 2930 16
381 2896 435 2929 15.
930 2894 1113 2929 Livineius
1159 2894 1319 2942 Regulus
1363 2899 1483 2930 orator
1526 2895 1548 2929 3
1597 2896 1651 2930 11.

155 2954 300 3002 Liguria
327 2956 356 2991 H
385 2957 404 2992 2
438 2956 491 2991 15.
520 2955 551 2990 Α
578 2956 609 2990 7.
982 2954 1072 2989 alius
1103 2955 1146 2992 14
1177 2956 1229 2990 17.
