1768 3216
165 226 237 260 132
750 214 1058 252 msromaavm
1445 224 1477 247 a.
1506 220 1541 247 u.
1566 204 1669 250 822.

164 342 314 383 niciem
345 340 443 394 ipsis
476 338 627 379 fecere.
660 332 1013 376 AderantValens
1045 335 1086 374 et
1117 331 1310 384 Caecina,
1343 331 1654 374 monstrabant-

128 461 131 464 ,
165 407 242 471 que
282 427 443 469 pugnae
480 413 629 454 locos:
679 411 776 452 hinc
819 409 1028 463 inrupisse
1068 407 1277 462 legionum
1320 418 1470 462 agmen
1493 438 1505 460 ,
1555 402 1653 450 hinc

164 491 320 544 equites
353 493 544 541 coortos,
588 487 686 529 inde
731 486 1005 551 circumfusas
1048 483 1295 525 auxiliorum
1336 492 1497 524 manus.
1568 481 1652 524 lam

160 564 315 630 tribuni
328 563 637 625 praefectique,
669 573 742 604 sua
774 561 947 615 quisque
980 561 1088 602 sacta
1121 559 1381 610 extollentes,
1415 557 1519 600 falsa
1551 568 1652 600 vera

128 643 226 681 saut
256 625 411 680 maiora
441 649 542 680 vero
573 637 815 678 miscebant.
878 635 1034 689 Vulgus
1067 647 1231 689 quoque
1263 634 1433 675 militum
1467 632 1653 676 clamore

159 719 198 757 et
227 713 379 770 gaudio
422 713 645 754 deflectere
686 712 776 763 via,
824 711 955 765 spatia
1008 711 1278 752 certaminum
1321 717 1652 765 recognoscere,

158 801 356 844 aggerem
388 800 609 850 armorum,
642 791 777 828 strues
810 797 1030 839 corporum
1065 785 1217 826 intueri
1248 785 1403 826 mirari.
1458 784 1508 825 Et
1538 787 1656 827 erant

161 848 431 918 quos‘rafia
444 854 529 904 fors
570 874 706 904 1··e1um
748 861 1028 914 lacrimaeque
1069 864 1109 902 et
1148 859 1440 902 misericordia
1482 858 1654 901 subiret.

0 919 91 1000 (J
161 938 215 979 At
247 950 330 979 non
361 938 546 980 Vitellius
578 938 703 999 flfflfjt,
718 936 882 991 oculos,
915 948 994 977 nec
1026 939 1085 977 tot
1114 935 1226 976 milia
1258 934 1557 989 insepultorum
1589 934 1656 976 ci-

0 999 6 1034 ³
110 1012 270 1059 mvium
302 1012 526 1054 exhorruit.
586 1011 733 1053 Laetus
764 1011 869 1052 ultro
902 1015 942 1053 et
972 1015 1051 1052 tam
1079 1010 1336 1065 propinquae
1369 1009 1495 1052 sortis
1528 1009 1654 1064 igna-

162 1099 232 1129 rus
266 1087 520 1129 instaurabat
549 1099 712 1128 sacrum
746 1086 808 1127 dis
840 1085 935 1126 loci.

300 1162 404 1203 Exin
437 1161 649 1202 Bononiae
681 1174 702 1202 a
721 1160 846 1202 Fabio
866 1159 1039 1201 Valente
1070 1159 1344 1214 gladiatorum
1377 1156 1657 1213 spectaculum
1672 1164 1724 1204 71

169 1236 316 1288 editur,
350 1236 524 1277 advecto
559 1249 610 1277 ex
639 1235 739 1277 urbe
772 1235 894 1276 cultu.
958 1234 1203 1287 Quantoque
1236 1233 1371 1289 magis
1401 1233 1660 1303 propinqua-

164 1310 257 1362 bat,
300 1314 412 1351 tanto
445 1310 677 1364 corruptius
713 1310 790 1350 iter
821 1308 1016 1350 immixtis
1048 1308 1320 1350 histrionibus
1361 1312 1401 1349 et
1432 1303 1661 1362 spadonum

84 1405 150 1434 15
167 1381 365 1439 gregibus
410 1389 449 1427 et
490 1388 631 1425 cetero
673 1385 936 1446 Neronianae
978 1383 1097 1426 aulae
1148 1383 1334 1438 ingenio.
1396 1383 1581 1436 Namque
1621 1384 1662 1424 et

162 1458 371 1500 Neronem
403 1460 534 1513 ipsum
566 1459 752 1501 Vitellius
784 1440 1060 1501 admiratione
1076 1448 1340 1529 celebraffl,
1373 1456 1527 1499 sectari
1555 1466 1661 1498 can-

98 1560 122 1570 .‚
163 1538 314 1575 tantem
354 1534 520 1587 solitus,
563 1547 645 1576 non
677 1535 951 1587 necessitate,
998 1546 1076 1588 qua
1118 1533 1438 1575 honestissimus
1469 1532 1660 1587 quisque,

162 1608 236 1650 sed
278 1608 374 1650 luxu
417 1613 456 1650 et
495 1609 669 1664 saginae
709 1610 965 1674 manciffitus
1007 1613 1261 1663 emptusque.
1322 1607 1373 1649 Ut
1417 1605 1580 1650 Valenti
1625 1608 1698 1649 et'

301 1752 331 1785 1.
363 1751 567 1785 adea-arma
596 1755 630 1786 et
658 1762 735 1786 corr
763 1752 809 1786 G:
837 1762 878 1796 pr
905 1750 930 1786 G
961 1751 1123 1785 adderci't.
1224 1751 1258 1786 3.
1288 1749 1449 1784 cohortos
1473 1747 1539 1784 Ma.
1627 1748 1662 1783 4.

160 1802 252 1846 pref.
280 1799 344 1834 Ma.
462 1801 496 1834 5.
523 1799 642 1845 volgus
670 1800 728 1835 Or.
827 1801 862 1835 8.
890 1802 965 1845 sors
993 1799 1077 1834 GM²¹
1103 1803 1139 1833 et
1162 1798 1237 1842 alii,
1264 1810 1341 1833 sors
1366 1798 1440 1833 AG.
1542 1795 1662 1838 lacri-

162 1861 279 1893 meque
307 1846 371 1882 Ma.
451 1849 504 1884 10.
534 1848 619 1883 letus
646 1848 710 1883 Ma.
767 1849 962 1896 propinque
989 1847 1054 1882 Ma.
1134 1849 1188 1882 11.
1223 1847 1274 1881 dis
1300 1845 1367 1889 Ma,
1395 1848 1462 1880 diis
1487 1845 1526 1880 G.
1607 1844 1662 1880 14.

163 1898 247 1930 inm.
278 1896 343 1930 Ma.
423 1897 477 1931 15.
504 1908 643 1942 nanque
669 1897 734 1932 Ma.
815 1899 870 1933 16.
897 1897 1135 1931 admiratione
1161 1895 1227 1930 Ma.
1305 1895 1502 1929 celebrarat
1529 1894 1664 1929 editor:

166 1945 308 1979 codices
338 1944 546 1980 celebrabat.

1021 2056 1107 2100 Cap.
1136 2056 1193 2090 71.
1241 2054 1527 2100 propinquabat:
1568 2054 1665 2091 refer

949 2105 992 2140 ad
1032 2105 1152 2138 urbem
1189 2104 1334 2138 Romam
1385 2104 1546 2148 proxime
1581 2107 1665 2138 ante

950 2158 1202 2196 memoratam,
1246 2162 1318 2185 non
1361 2152 1403 2186 ad
1434 2152 1667 2186 inhumanum

255 2054 386 2089 tribuni
421 2057 660 2101 praefectique
684 2069 692 2090 ε
748 2057 880 2091 tribuni

166 2103 319 2137 militum
359 2104 666 2150 legionariorum,
707 2107 881 2150 praefecti

172 2151 370 2186 cohortium
399 2150 584 2187 social'ium
612 2160 645 2187 et
672 2154 817 2188 alarum.

265 2211 427 2246 ayqerem
446 2214 647 2236 armorum.-
672 2213 767 2237 arma
795 2214 882 2237 cae-

171 2259 287 2283 sorum
321 2249 474 2284 hostium
516 2252 550 2284 in
588 2262 758 2297 aggerem
793 2261 883 2285 cou-

171 2302 282 2343 gesta.

241 2352 277 2379 at
305 2357 375 2379 non
410 2347 566 2381 Vitellius
605 2349 702 2392 [texit
740 2348 882 2382 oculos:

125 2426 130 2439 ἒ
171 2393 316 2439 Virgilii
356 2395 465 2428 verba
490 2395 581 2430 Aen.
611 2396 653 2429 lv
681 2397 754 2431 369
784 2406 884 2430 com-

169 2443 307 2485 paravit
351 2442 560 2476 Ernestius:
593 2455 676 2477 num
712 2446 792 2489 stetu
825 2446 885 2477 in-

127 2496 130 2521 }
169 2490 299 2535 yemuit
324 2491 469 2524 nostro?
499 2503 579 2525 num
605 2491 738 2525 lumina
762 2492 885 2537 flexit?

242 2537 353 2572 laetus
379 2539 493 2573 ultro:
521 2540 712 2574 Suetonius
727 2541 798 2574 vit.
821 2542 884 2576 10:

167 2591 270 2630 utque
297 2598 437 2632 campos
466 2589 505 2621 in
539 2588 658 2632 quibus
692 2594 886 2633 puqnatmn

169 2641 217 2668 est
243 2635 351 2678 adiit,
377 2635 604 2671 abhorrentes
631 2637 794 2680 quosdam
822 2649 886 2671 cct-

168 2683 333 2718 ‹laverum
346 2684 457 2718 tabem
482 2685 675 2719 detestabili
687 2697 769 2719 coce
798 2697 885 2719 con-

163 2732 306 2774 firmare
346 2744 450 2767 ausus
486 2740 560 2768 est:
611 2734 748 2780 ‘optime
791 2734 884 2768 olere

167 2782 317 2815 occisum
343 2781 490 2826 hostem,
530 2787 562 2815 et
598 2783 720 2816 melius
752 2783 882 2818 civem’.

165 2827 263 2862 Talia
312 2840 452 2864 rumore
499 2830 782 2865 adversariorum
826 2832 884 2865 di-

167 2887 289 2919 spersa
319 2889 397 2912 esse
427 2879 660 2914 crediderimz
687 2891 773 2914 sane
792 2881 884 2915 Sue-

168 2926 287 2958 tonius
316 2932 415 2960 atrox
443 2928 478 2961 in
506 2930 710 2962 memoriam
733 2929 883 2972 Vitellii,

169 2972 278 3012 multo
310 2976 458 3021 aequior
483 2975 634 3012 Tacitus.

950 2204 1018 2236 iter
1044 2202 1086 2235 ab
1106 2201 1272 2235 Ernestio
1298 2206 1434 2235 temere
1461 2200 1663 2235 confictum.

998 2261 1147 2295 namque
1166 2256 1198 2284 et
1211 2251 1384 2284 Neronem
1393 2271 1438 2276 —-
1449 2255 1664 2295 emptasque:

953 2298 1042 2332 hacc
1069 2300 1186 2332 onmia
1218 2298 1254 2332 id
1288 2303 1427 2343 tempus
1452 2298 1663 2342 respiciunt,

953 2358 1022 2392 quo
1049 2348 1142 2382 Nero
1170 2348 1204 2380 in
1232 2348 1326 2382 vivis
1352 2348 1431 2390 fuit,
1459 2357 1528 2380 nou
1557 2354 1665 2391 prae-

952 2401 1089 2430 sentem
1119 2396 1255 2430 Vitellii
1293 2398 1413 2430 vitam.
1474 2395 1666 2430 Suetonius

956 2445 1028 2477 Vit.
1055 2448 1101 2478 4:
1140 2444 1201 2477 sed
1234 2444 1412 2488 aliquanto
1440 2443 1576 2478 Nerom·
1600 2454 1666 2477 ac-

955 2493 1087 2536 ceptior
1125 2504 1201 2525 cum
1230 2499 1375 2538 propter
1409 2493 1528 2526 eadem
1564 2492 1665 2534 haec,

954 2546 1023 2574 tum
1045 2541 1221 2586 peculiari
1245 2542 1385 2584 merito,
1414 2540 1503 2585 quoii
1524 2541 1666 2587 praesi-

955 2589 1038 2622 dens
1064 2591 1249 2623 certamini
1275 2590 1437 2623 Neroneo
1473 2590 1667 2636 cupientem

953 2638 1046 2670 inter
1082 2638 1301 2672 citharoedos
1343 2638 1553 2672 contendere
1587 2649 1665 2681 nec,

955 2687 1109 2730 quamtis
1135 2687 1372 2732 slayitantibus
1398 2687 1553 2730 cunctis,
1577 2698 1667 2733 pro-

953 2736 1087 2768 mittere
1114 2736 1297 2769 audentem
1322 2737 1465 2780 ideoque
1493 2746 1668 2781 egressum

956 2783 1091 2817 theatro
1120 2790 1371 2827 revocaverat,
1409 2785 1510 2829 quasi
1542 2794 1667 2830 perse-

954 2834 1109 2866 verantis
1139 2834 1260 2879 populi
1296 2833 1470 2878 legatione
1508 2838 1666 2878 accepta,

955 2882 1236 2926 exorandmnque
1271 2882 1495 2926 praebuerat.
1561 2880 1666 2914 Con'f.

953 2929 1062 2963 Tacit.
1093 2930 1214 2966 XVlll.
1257 2929 1381 2975 Itaque
1409 2932 1443 2963 in
1472 2930 1592 2964 verbis
1622 2927 1667 2962 de

953 2978 1083 3025 quibus
1102 2990 1197 3014 nunc
1212 2979 1391 3025 loquimur
1405 2978 1553 3026 vulgata
1572 2976 1668 3012 celc-
