<?xml version="1.0" encoding="UTF-8"?>
<!DOCTYPE html PUBLIC "-//W3C//DTD XHTML 1.0 Transitional//EN"
    "http://www.w3.org/TR/xhtml1/DTD/xhtml1-transitional.dtd">
<html xmlns="http://www.w3.org/1999/xhtml" xml:lang="en" lang="en">
 <head>
  <title>
</title>
<meta http-equiv="Content-Type" content="text/html;charset=utf-8" />
  <meta name='ocr-system' content='tesseract 3.04.00' />
  <meta name='ocr-capabilities' content='ocr_page ocr_carea ocr_par ocr_line ocrx_word'/>
</head>
<body>
  <div class='ocr_page' id='page_1' title='image "./operaadcodicesan03taciuoft/operaadcodicesan03taciuoft_0145.png"; bbox 0 0 1768 3216; ppageno 0'>
   <div class='ocr_carea' id='block_1_1' title="bbox 333 0 599 45">
    <p class='ocr_par' dir='ltr' id='par_1_1' title="bbox 333 0 599 45">
     <span class='ocr_line' id='line_1_1' title="bbox 333 0 599 45; baseline -0.004 -31.939"><span class='ocrx_word' id='word_1_1' title='bbox 333 0 458 12; x_wconf 50' lang='lat' dir='ltr'>&#39;vva-</span> <span class='ocrx_word' id='word_1_2' title='bbox 504 0 599 45; x_wconf 65' lang='lat' dir='ltr'><strong>lVV</strong></span> 
     </span>
    </p>
   </div>
   <div class='ocr_carea' id='block_1_2' title="bbox 0 0 1227 103">
    <p class='ocr_par' dir='ltr' id='par_1_2' title="bbox 0 0 1227 103">
     <span class='ocr_line' id='line_1_2' title="bbox 0 0 1227 103; baseline -0.009 -12.522"><span class='ocrx_word' id='word_1_3' title='bbox 0 0 369 103; x_wconf 45' lang='grc' dir='ltr'><strong>Ἦωφνίζῶῃ</strong></span> <span class='ocrx_word' id='word_1_4' title='bbox 419 0 750 94; x_wconf 31' lang='lat' dir='ltr'><strong>§gfff-&amp;Em</strong></span> <span class='ocrx_word' id='word_1_5' title='bbox 751 0 837 91; x_wconf 42' lang='lat' dir='ltr'><strong>lli</strong></span> <span class='ocrx_word' id='word_1_6' title='bbox 892 0 1227 84; x_wconf 22' lang='lat' dir='ltr'><strong>{xvv-*nwvs</strong></span> 
     </span>
    </p>
   </div>
   <div class='ocr_carea' id='block_1_3' title="bbox 126 213 1641 258">
    <p class='ocr_par' dir='ltr' id='par_1_3' title="bbox 126 213 1641 258">
     <span class='ocr_line' id='line_1_3' title="bbox 126 213 1641 258; baseline -0.007 0"><span class='ocrx_word' id='word_1_7' title='bbox 126 230 150 258; x_wconf 74' lang='grc' dir='ltr'>ι</span> <span class='ocrx_word' id='word_1_8' title='bbox 170 215 213 257; x_wconf 62' lang='grc' dir='ltr'><strong>Β.</strong></span> <span class='ocrx_word' id='word_1_9' title='bbox 239 219 300 258; x_wconf 82' lang='grc'><strong>69.</strong></span> <span class='ocrx_word' id='word_1_10' title='bbox 611 215 746 252; x_wconf 85' lang='lat' dir='ltr'>LIBER</span> <span class='ocrx_word' id='word_1_11' title='bbox 772 214 816 252; x_wconf 88' lang='lat'><strong>11.</strong></span> <span class='ocrx_word' id='word_1_12' title='bbox 868 215 956 251; x_wconf 68' lang='lat' dir='ltr'><strong>Cn.</strong></span> <span class='ocrx_word' id='word_1_13' title='bbox 983 213 1141 251; x_wconf 80' lang='lat'><strong>37—39.</strong></span> <span class='ocrx_word' id='word_1_14' title='bbox 1567 213 1641 248; x_wconf 78' lang='lat'><strong>135</strong></span> 
     </span>
    </p>
   </div>
   <div class='ocr_carea' id='block_1_4' title="bbox 120 331 1690 1137">
    <p class='ocr_par' dir='ltr' id='par_1_4' title="bbox 120 331 1690 1137">
     <span class='ocr_line' id='line_1_4' title="bbox 126 331 1641 395; baseline -0.004 -13"><span class='ocrx_word' id='word_1_15' title='bbox 126 337 248 395; x_wconf 84' lang='lat' dir='ltr'><strong>peius</strong></span> <span class='ocrx_word' id='word_1_16' title='bbox 287 335 517 389; x_wconf 77' lang='lat' dir='ltr'>occultior,</span> <span class='ocrx_word' id='word_1_17' title='bbox 568 346 655 378; x_wconf 89' lang='lat' dir='ltr'><strong>non</strong></span> <span class='ocrx_word' id='word_1_18' title='bbox 702 333 866 377; x_wconf 88' lang='lat' dir='ltr'><strong>melior.</strong></span> <span class='ocrx_word' id='word_1_19' title='bbox 928 333 978 375; x_wconf 90' lang='lat' dir='ltr'><strong>Et</strong></span> <span class='ocrx_word' id='word_1_20' title='bbox 1016 342 1226 387; x_wconf 82' lang='lat' dir='ltr'><strong>nunquam</strong></span> <span class='ocrx_word' id='word_1_21' title='bbox 1268 335 1417 387; x_wconf 87' lang='lat' dir='ltr'><strong>postea</strong></span> <span class='ocrx_word' id='word_1_22' title='bbox 1460 331 1543 374; x_wconf 89' lang='lat' dir='ltr'><strong>nisi</strong></span> <span class='ocrx_word' id='word_1_23' title='bbox 1588 332 1641 376; x_wconf 89' lang='lat' dir='ltr'><strong>de</strong></span> 
     </span>
     <span class='ocr_line' id='line_1_5' title="bbox 127 406 1641 470; baseline -0.004 -14"><span class='ocrx_word' id='word_1_24' title='bbox 127 412 365 470; x_wconf 85' lang='lat' dir='ltr'><strong>principatu</strong></span> <span class='ocrx_word' id='word_1_25' title='bbox 395 411 642 466; x_wconf 84' lang='lat' dir='ltr'><strong>quaesitum.</strong></span> <span class='ocrx_word' id='word_1_26' title='bbox 703 409 797 452; x_wconf 89' lang='lat' dir='ltr'><strong>Non</strong></span> <span class='ocrx_word' id='word_1_27' title='bbox 829 408 1068 452; x_wconf 85' lang='lat' dir='ltr'><strong>discessere</strong></span> <span class='ocrx_word' id='word_1_28' title='bbox 1108 408 1160 449; x_wconf 85' lang='lat' dir='ltr'><strong>ab</strong></span> <span class='ocrx_word' id='word_1_29' title='bbox 1191 406 1317 450; x_wconf 87' lang='lat' dir='ltr'><strong>armis</strong></span> <span class='ocrx_word' id='word_1_30' title='bbox 1357 407 1401 449; x_wconf 91' lang='lat' dir='ltr'><strong>in</strong></span> <span class='ocrx_word' id='word_1_31' title='bbox 1429 407 1641 450; x_wconf 84' lang='lat' dir='ltr'><strong>Pharsalia</strong></span> 
     </span>
     <span class='ocr_line' id='line_1_6' title="bbox 128 482 1640 546; baseline -0.004 -15"><span class='ocrx_word' id='word_1_32' title='bbox 128 501 179 532; x_wconf 84' lang='lat' dir='ltr'><strong>ac</strong></span> <span class='ocrx_word' id='word_1_33' title='bbox 207 487 405 542; x_wconf 76' lang='lat' dir='ltr'><strong>Philippis</strong></span> <span class='ocrx_word' id='word_1_34' title='bbox 438 486 591 546; x_wconf 64' lang='lat' dir='ltr'><strong>civium</strong></span> <span class='ocrx_word' id='word_1_35' title='bbox 622 485 830 541; x_wconf 81' lang='lat' dir='ltr'><strong>legiones,</strong></span> <span class='ocrx_word' id='word_1_36' title='bbox 862 483 1015 526; x_wconf 90' lang='lat' dir='ltr'><strong>nedum</strong></span> <span class='ocrx_word' id='word_1_37' title='bbox 1048 483 1227 525; x_wconf 88' lang='lat' dir='ltr'><strong>Othonis</strong></span> <span class='ocrx_word' id='word_1_38' title='bbox 1255 495 1305 524; x_wconf 82' lang='lat' dir='ltr'><strong>ac</strong></span> <span class='ocrx_word' id='word_1_39' title='bbox 1323 482 1479 526; x_wconf 89' lang='lat' dir='ltr'><strong>Vitellii</strong></span> <span class='ocrx_word' id='word_1_40' title='bbox 1510 495 1640 525; x_wconf 79' lang='lat' dir='ltr'><strong>exer-</strong></span> 
     </span>
     <span class='ocr_line' id='line_1_7' title="bbox 126 547 1638 617; baseline -0.003 -13"><span class='ocrx_word' id='word_1_41' title='bbox 126 562 233 605; x_wconf 86' lang='lat' dir='ltr'><strong>citus</strong></span> <span class='ocrx_word' id='word_1_42' title='bbox 266 564 414 617; x_wconf 87' lang='lat' dir='ltr'><strong>sponte</strong></span> <span class='ocrx_word' id='word_1_43' title='bbox 443 547 621 615; x_wconf 82' lang='lat' dir='ltr'><strong>posituri</strong></span> <span class='ocrx_word' id='word_1_44' title='bbox 650 559 803 602; x_wconf 91' lang='lat' dir='ltr'><strong>bellum</strong></span> <span class='ocrx_word' id='word_1_45' title='bbox 836 557 1003 600; x_wconf 85' lang='lat' dir='ltr'><strong>fuerint.</strong></span> <span class='ocrx_word' id='word_1_46' title='bbox 1064 556 1222 598; x_wconf 88' lang='lat' dir='ltr'><strong>Eadem</strong></span> <span class='ocrx_word' id='word_1_47' title='bbox 1263 556 1357 598; x_wconf 92' lang='lat' dir='ltr'><strong>illos</strong></span> <span class='ocrx_word' id='word_1_48' title='bbox 1399 557 1522 599; x_wconf 90' lang='lat' dir='ltr'><strong>deum</strong></span> <span class='ocrx_word' id='word_1_49' title='bbox 1560 556 1638 610; x_wconf 82' lang='lat' dir='ltr'><strong>ira,</strong></span> 
     </span>
     <span class='ocr_line' id='line_1_8' title="bbox 127 631 1671 687; baseline -0.002 -7"><span class='ocrx_word' id='word_1_50' title='bbox 127 636 276 680; x_wconf 80' lang='lat' dir='ltr'><strong>eadem</strong></span> <span class='ocrx_word' id='word_1_51' title='bbox 306 636 518 678; x_wconf 81' lang='lat' dir='ltr'><strong>hominum</strong></span> <span class='ocrx_word' id='word_1_52' title='bbox 548 635 714 687; x_wconf 82' lang='lat' dir='ltr'><strong>rabies,</strong></span> <span class='ocrx_word' id='word_1_53' title='bbox 753 633 927 676; x_wconf 88' lang='lat' dir='ltr'><strong>eaedem</strong></span> <span class='ocrx_word' id='word_1_54' title='bbox 958 631 1165 675; x_wconf 88' lang='lat' dir='ltr'><strong>scelerum</strong></span> <span class='ocrx_word' id='word_1_55' title='bbox 1207 643 1361 674; x_wconf 88' lang='lat' dir='ltr'><strong>causae</strong></span> <span class='ocrx_word' id='word_1_56' title='bbox 1392 631 1436 673; x_wconf 89' lang='lat' dir='ltr'><strong>in</strong></span> <span class='ocrx_word' id='word_1_57' title='bbox 1468 631 1671 677; x_wconf 77' lang='lat' dir='ltr'><strong>discor-⁵</strong></span> 
     </span>
     <span class='ocr_line' id='line_1_9' title="bbox 127 706 1637 767; baseline -0.005 -12"><span class='ocrx_word' id='word_1_58' title='bbox 127 713 238 755; x_wconf 88' lang='lat' dir='ltr'><strong>diam</strong></span> <span class='ocrx_word' id='word_1_59' title='bbox 269 723 411 767; x_wconf 81' lang='lat' dir='ltr'><strong>egere.</strong></span> <span class='ocrx_word' id='word_1_60' title='bbox 462 709 583 760; x_wconf 85' lang='lat' dir='ltr'><strong>Quod</strong></span> <span class='ocrx_word' id='word_1_61' title='bbox 614 708 792 764; x_wconf 89' lang='lat' dir='ltr'><strong>singulis</strong></span> <span class='ocrx_word' id='word_1_62' title='bbox 824 707 934 750; x_wconf 85' lang='lat' dir='ltr'><strong>velut</strong></span> <span class='ocrx_word' id='word_1_63' title='bbox 964 706 1115 748; x_wconf 90' lang='lat' dir='ltr'><strong>ictibus</strong></span> <span class='ocrx_word' id='word_1_64' title='bbox 1145 710 1358 748; x_wconf 83' lang='lat' dir='ltr'><strong>transacta</strong></span> <span class='ocrx_word' id='word_1_65' title='bbox 1388 710 1483 748; x_wconf 90' lang='lat' dir='ltr'><strong>sunt</strong></span> <span class='ocrx_word' id='word_1_66' title='bbox 1512 706 1637 760; x_wconf 87' lang='lat' dir='ltr'><strong>bella,</strong></span> 
     </span>
     <span class='ocr_line' id='line_1_10' title="bbox 124 780 1638 843; baseline -0.005 -14"><span class='ocrx_word' id='word_1_67' title='bbox 124 786 294 843; x_wconf 81' lang='lat' dir='ltr'><strong>ignavia</strong></span> <span class='ocrx_word' id='word_1_68' title='bbox 324 785 558 840; x_wconf 81' lang='lat' dir='ltr'><strong>principum</strong></span> <span class='ocrx_word' id='word_1_69' title='bbox 589 784 742 826; x_wconf 85' lang='lat' dir='ltr'><strong>factum</strong></span> <span class='ocrx_word' id='word_1_70' title='bbox 773 787 850 824; x_wconf 89' lang='lat' dir='ltr'><strong>est.</strong></span> <span class='ocrx_word' id='word_1_71' title='bbox 911 780 994 823; x_wconf 90' lang='lat' dir='ltr'><strong>Sed</strong></span> <span class='ocrx_word' id='word_1_72' title='bbox 1025 793 1092 822; x_wconf 87' lang='lat' dir='ltr'><strong>me</strong></span> <span class='ocrx_word' id='word_1_73' title='bbox 1122 785 1309 822; x_wconf 89' lang='lat' dir='ltr'><strong>veterum</strong></span> <span class='ocrx_word' id='word_1_74' title='bbox 1350 791 1638 835; x_wconf 83' lang='lat' dir='ltr'><strong>novorumque</strong></span> 
     </span>
     <span class='ocr_line' id='line_1_11' title="bbox 120 855 1634 914; baseline -0.007 -8"><span class='ocrx_word' id='word_1_75' title='bbox 120 873 283 906; x_wconf 88' lang='lat' dir='ltr'><strong>morum</strong></span> <span class='ocrx_word' id='word_1_76' title='bbox 314 860 524 914; x_wconf 71' lang='lat' dir='ltr'><strong>reputatio</strong></span> <span class='ocrx_word' id='word_1_77' title='bbox 555 858 724 913; x_wconf 87' lang='lat' dir='ltr'><strong>longius</strong></span> <span class='ocrx_word' id='word_1_78' title='bbox 755 857 867 898; x_wconf 88' lang='lat' dir='ltr'><strong>tulit:</strong></span> <span class='ocrx_word' id='word_1_79' title='bbox 899 868 1011 897; x_wconf 91' lang='lat' dir='ltr'><strong>nunc</strong></span> <span class='ocrx_word' id='word_1_80' title='bbox 1031 855 1084 896; x_wconf 87' lang='lat' dir='ltr'><strong>ad</strong></span> <span class='ocrx_word' id='word_1_81' title='bbox 1110 867 1251 897; x_wconf 85' lang='lat' dir='ltr'><strong>rerum</strong></span> <span class='ocrx_word' id='word_1_82' title='bbox 1275 855 1467 897; x_wconf 90' lang='lat' dir='ltr'><strong>ordinem</strong></span> <span class='ocrx_word' id='word_1_83' title='bbox 1492 856 1634 897; x_wconf 90' lang='lat' dir='ltr'><strong>venio.</strong></span> 
     </span>
     <span class='ocr_line' id='line_1_12' title="bbox 257 929 1638 984; baseline -0.005 -6"><span class='ocrx_word' id='word_1_84' title='bbox 257 934 452 978; x_wconf 84' lang='lat' dir='ltr'><strong>Profecto</strong></span> <span class='ocrx_word' id='word_1_85' title='bbox 471 932 697 975; x_wconf 86' lang='lat' dir='ltr'><strong>Brixellum</strong></span> <span class='ocrx_word' id='word_1_86' title='bbox 717 931 883 974; x_wconf 83' lang='lat' dir='ltr'><strong>Othone</strong></span> <span class='ocrx_word' id='word_1_87' title='bbox 914 931 1052 972; x_wconf 90' lang='lat' dir='ltr'><strong>honor</strong></span> <span class='ocrx_word' id='word_1_88' title='bbox 1080 929 1246 984; x_wconf 82' lang='lat' dir='ltr'><strong>imperii</strong></span> <span class='ocrx_word' id='word_1_89' title='bbox 1273 941 1404 984; x_wconf 89' lang='lat' dir='ltr'><strong>penes</strong></span> <span class='ocrx_word' id='word_1_90' title='bbox 1432 929 1638 972; x_wconf 83' lang='lat' dir='ltr'><strong>Titianum</strong></span> 
     </span>
     <span class='ocr_line' id='line_1_13' title="bbox 122 1000 1690 1063; baseline -0.005 -10"><span class='ocrx_word' id='word_1_91' title='bbox 122 1011 318 1062; x_wconf 78' lang='lat' dir='ltr'><strong>fratrem,</strong></span> <span class='ocrx_word' id='word_1_92' title='bbox 348 1009 414 1051; x_wconf 80' lang='lat' dir='ltr'><strong>vis</strong></span> <span class='ocrx_word' id='word_1_93' title='bbox 446 1020 496 1051; x_wconf 83' lang='lat' dir='ltr'><strong>ac</strong></span> <span class='ocrx_word' id='word_1_94' title='bbox 526 1011 715 1063; x_wconf 84' lang='lat' dir='ltr'><strong>potestas</strong></span> <span class='ocrx_word' id='word_1_95' title='bbox 745 1015 876 1061; x_wconf 91' lang='lat' dir='ltr'><strong>penes</strong></span> <span class='ocrx_word' id='word_1_96' title='bbox 907 1005 1127 1047; x_wconf 87' lang='lat' dir='ltr'><strong>Proculum</strong></span> <span class='ocrx_word' id='word_1_97' title='bbox 1156 1000 1430 1059; x_wconf 86' lang='lat' dir='ltr'><strong>praefectum.</strong></span> <span class='ocrx_word' id='word_1_98' title='bbox 1492 1004 1637 1047; x_wconf 90' lang='lat' dir='ltr'><strong>Celsus</strong></span> <span class='ocrx_word' id='word_1_99' title='bbox 1652 1016 1690 1045; x_wconf 86' lang='grc' dir='ltr'><strong>ιο</strong></span> 
     </span>
     <span class='ocr_line' id='line_1_14' title="bbox 124 1079 1637 1137; baseline -0.005 -9"><span class='ocrx_word' id='word_1_100' title='bbox 124 1089 166 1128; x_wconf 87' lang='lat' dir='ltr'><strong>et</strong></span> <span class='ocrx_word' id='word_1_101' title='bbox 192 1084 412 1136; x_wconf 81' lang='lat' dir='ltr'><strong>Paulinus,</strong></span> <span class='ocrx_word' id='word_1_102' title='bbox 447 1095 540 1125; x_wconf 89' lang='lat' dir='ltr'><strong>cum</strong></span> <span class='ocrx_word' id='word_1_103' title='bbox 570 1081 792 1137; x_wconf 87' lang='lat' dir='ltr'><strong>prudentia</strong></span> <span class='ocrx_word' id='word_1_104' title='bbox 824 1092 970 1122; x_wconf 87' lang='lat' dir='ltr'><strong>eorum</strong></span> <span class='ocrx_word' id='word_1_105' title='bbox 1000 1091 1123 1121; x_wconf 91' lang='lat' dir='ltr'><strong>nemo</strong></span> <span class='ocrx_word' id='word_1_106' title='bbox 1155 1083 1368 1132; x_wconf 85' lang='lat' dir='ltr'><strong>uteretur,</strong></span> <span class='ocrx_word' id='word_1_107' title='bbox 1408 1079 1522 1121; x_wconf 87' lang='lat' dir='ltr'><strong>inani</strong></span> <span class='ocrx_word' id='word_1_108' title='bbox 1553 1091 1637 1121; x_wconf 88' lang='lat' dir='ltr'><strong>no-</strong></span> 
     </span>
    </p>
   </div>
   <div class='ocr_carea' id='block_1_5' title="bbox 122 1154 1675 1220">
    <p class='ocr_par' dir='ltr' id='par_1_5' title="bbox 122 1154 1675 1220">
     <span class='ocr_line' id='line_1_15' title="bbox 122 1154 1675 1220; baseline -0.005 -17"><span class='ocrx_word' id='word_1_109' title='bbox 122 1160 234 1203; x_wconf 84' lang='lat' dir='ltr'><strong>mine</strong></span> <span class='ocrx_word' id='word_1_110' title='bbox 265 1159 418 1202; x_wconf 83' lang='lat' dir='ltr'><strong>ducum</strong></span> <span class='ocrx_word' id='word_1_111' title='bbox 449 1157 504 1200; x_wconf 86' lang='lat' dir='ltr'><strong>al</strong></span> <span class='ocrx_word' id='word_1_112' title='bbox 481 1154 1220 1220; x_wconf 60' lang='lat' dir='ltr'><strong>Qdebantur</strong></span> <span class='ocrx_word' id='word_1_113' title='bbox 1281 1154 1453 1196; x_wconf 87' lang='lat' dir='ltr'><strong>Tribuni</strong></span> <span class='ocrx_word' id='word_1_114' title='bbox 1484 1158 1675 1196; x_wconf 83' lang='lat' dir='ltr'><strong>centu-</strong></span> 
     </span>
    </p>
   </div>
   <div class='ocr_carea' id='block_1_6' title="bbox 24 938 112 978">
    <p class='ocr_par' dir='ltr' id='par_1_6' title="bbox 24 938 112 978">
     <span class='ocr_line' id='line_1_16' title="bbox 24 938 112 978; baseline 0 0"><span class='ocrx_word' id='word_1_115' title='bbox 24 938 112 978; x_wconf 66' lang='lat'><strong>,39</strong></span> 
     </span>
    </p>
   </div>
   <div class='ocr_carea' id='block_1_7' title="bbox 1670 1132 1710 1158">
    <p class='ocr_par' dir='ltr' id='par_1_7' title="bbox 1670 1132 1710 1158">
     <span class='ocr_line' id='line_1_17' title="bbox 1670 1132 1710 1158; baseline 0 -12"><span class='ocrx_word' id='word_1_116' title='bbox 1670 1132 1710 1158; x_wconf 43' lang='lat' dir='ltr'><strong>&#39;‘r&#39;‘</strong></span> 
     </span>
    </p>
   </div>
   <div class='ocr_carea' id='block_1_8' title="bbox 1003 1206 1168 1219">
    <p class='ocr_par' dir='ltr' id='par_1_8' title="bbox 1003 1206 1168 1219">
     <span class='ocr_line' id='line_1_18' title="bbox 1003 1206 1168 1219; baseline -0.042 0"><span class='ocrx_word' id='word_1_117' title='bbox 1003 1206 1120 1219; x_wconf 46' lang='grc' dir='ltr'><strong>...ψ-ψ.-</strong></span> <span class='ocrx_word' id='word_1_118' title='bbox 1121 1207 1168 1213; x_wconf 49' lang='grc' dir='ltr'><strong>κ...-</strong></span> 
     </span>
    </p>
   </div>
   <div class='ocr_carea' id='block_1_9' title="bbox 0 1229 1768 1888">
    <p class='ocr_par' dir='ltr' id='par_1_9' title="bbox 0 1229 1705 1303">
     <span class='ocr_line' id='line_1_19' title="bbox 0 1229 1705 1303; baseline -0.005 -24"><span class='ocrx_word' id='word_1_119' title='bbox 0 1236 348 1295; x_wconf 49' lang='lat' dir='ltr'><strong>mgwrionesque</strong></span> <span class='ocrx_word' id='word_1_120' title='bbox 379 1233 577 1303; x_wconf 53' lang='lat' dir='ltr'><strong>”Wbiss‘fli’</strong></span> <span class='ocrx_word' id='word_1_121' title='bbox 611 1232 723 1286; x_wconf 86' lang='lat' dir='ltr'><strong>quod</strong></span> <span class='ocrx_word' id='word_1_122' title='bbox 755 1231 906 1286; x_wconf 89' lang='lat' dir='ltr'><strong>spretis</strong></span> <span class='ocrx_word' id='word_1_123' title='bbox 926 1229 1170 1272; x_wconf 85' lang='lat' dir='ltr'><strong>melioribus</strong></span> <span class='ocrx_word' id='word_1_124' title='bbox 1192 1229 1407 1272; x_wconf 85' lang='lat' dir='ltr'><strong>deterrimi</strong></span> <span class='ocrx_word' id='word_1_125' title='bbox 1426 1229 1634 1272; x_wconf 89' lang='lat' dir='ltr'><strong>valebant.</strong></span> <span class='ocrx_word' id='word_1_126' title='bbox 1652 1244 1705 1284; x_wconf 68' lang='lat' dir='ltr'><em>s</em></span> 
     </span>
    </p>

    <p class='ocr_par' dir='ltr' id='par_1_10' title="bbox 0 1300 1636 1363">
     <span class='ocr_line' id='line_1_20' title="bbox 0 1300 1636 1363; baseline -0.006 -8"><span class='ocrx_word' id='word_1_127' title='bbox 0 1300 239 1355; x_wconf 57' lang='grc' dir='ltr'><strong>ΏΜΜίἱεε</strong></span> <span class='ocrx_word' id='word_1_128' title='bbox 270 1309 434 1360; x_wconf 68' lang='lat' dir='ltr'><strong>alacer3</strong></span> <span class='ocrx_word' id='word_1_129' title='bbox 465 1309 535 1363; x_wconf 82' lang='lat' dir='ltr'><strong>qui</strong></span> <span class='ocrx_word' id='word_1_130' title='bbox 565 1312 704 1350; x_wconf 88' lang='lat' dir='ltr'><strong>tamen</strong></span> <span class='ocrx_word' id='word_1_131' title='bbox 736 1307 850 1348; x_wconf 87' lang='lat' dir='ltr'><strong>iussa</strong></span> <span class='ocrx_word' id='word_1_132' title='bbox 881 1306 1032 1348; x_wconf 90' lang='lat' dir='ltr'><strong>ducum</strong></span> <span class='ocrx_word' id='word_1_133' title='bbox 1050 1305 1318 1360; x_wconf 86' lang='lat' dir='ltr'><strong>interpretari</strong></span> <span class='ocrx_word' id='word_1_134' title='bbox 1340 1317 1461 1359; x_wconf 88' lang='lat' dir='ltr'><strong>quam</strong></span> <span class='ocrx_word' id='word_1_135' title='bbox 1485 1304 1636 1359; x_wconf 85' lang='lat' dir='ltr'><strong>exequi</strong></span> 
     </span>
    </p>

    <p class='ocr_par' dir='ltr' id='par_1_11' title="bbox 6 1358 1768 1888">
     <span class='ocr_line' id='line_1_21' title="bbox 6 1358 1768 1448; baseline -0.002 -19"><span class='ocrx_word' id='word_1_136' title='bbox 6 1358 41 1395; x_wconf 33' lang='grc' dir='ltr'><strong>εἰ</strong></span> <span class='ocrx_word' id='word_1_137' title='bbox 122 1385 277 1430; x_wconf 73' lang='lat' dir='ltr'><strong>mallet</strong></span> <span class='ocrx_word' id='word_1_138' title='bbox 337 1384 581 1427; x_wconf 76' lang='lat' dir='ltr'><strong>Promoveri</strong></span> <span class='ocrx_word' id='word_1_139' title='bbox 628 1382 681 1425; x_wconf 87' lang='lat' dir='ltr'><strong>ad</strong></span> <span class='ocrx_word' id='word_1_140' title='bbox 719 1386 918 1448; x_wconf 79' lang='lat' dir='ltr'><strong>quartum</strong></span> <span class='ocrx_word' id='word_1_141' title='bbox 966 1394 989 1423; x_wconf 89' lang='lat' dir='ltr'><strong>a</strong></span> <span class='ocrx_word' id='word_1_142' title='bbox 1034 1381 1241 1423; x_wconf 85' lang='lat' dir='ltr'><strong>Bedriaco</strong></span> <span class='ocrx_word' id='word_1_143' title='bbox 1283 1385 1422 1423; x_wconf 90' lang='lat' dir='ltr'><strong>castra</strong></span> <span class='ocrx_word' id='word_1_144' title='bbox 1463 1380 1633 1435; x_wconf 85' lang='lat' dir='ltr'><strong>placuit,</strong></span> <span class='ocrx_word' id='word_1_145' title='bbox 1649 1396 1768 1434; x_wconf 73' lang='lat'>1⁵(-</span> 
     </span>
     <span class='ocr_line' id='line_1_22' title="bbox 123 1457 1635 1515; baseline -0.005 -11"><span class='ocrx_word' id='word_1_146' title='bbox 123 1461 232 1504; x_wconf 85' lang='lat' dir='ltr'><strong>adeo</strong></span> <span class='ocrx_word' id='word_1_147' title='bbox 264 1460 456 1515; x_wconf 77' lang='lat' dir='ltr'><strong>imperite</strong></span> <span class='ocrx_word' id='word_1_148' title='bbox 486 1462 531 1501; x_wconf 83' lang='lat' dir='ltr'><strong>ut</strong></span> <span class='ocrx_word' id='word_1_149' title='bbox 561 1465 808 1513; x_wconf 86' lang='lat' dir='ltr'><strong>quamquam</strong></span> <span class='ocrx_word' id='word_1_150' title='bbox 837 1468 970 1499; x_wconf 86' lang='lat' dir='ltr'><strong>verno</strong></span> <span class='ocrx_word' id='word_1_151' title='bbox 1002 1460 1190 1511; x_wconf 89' lang='lat' dir='ltr'><strong>tempore</strong></span> <span class='ocrx_word' id='word_1_152' title='bbox 1218 1457 1317 1499; x_wconf 86' lang='lat' dir='ltr'><strong>anni</strong></span> <span class='ocrx_word' id='word_1_153' title='bbox 1337 1460 1380 1499; x_wconf 87' lang='lat' dir='ltr'><strong>et</strong></span> <span class='ocrx_word' id='word_1_154' title='bbox 1397 1461 1458 1498; x_wconf 87' lang='lat' dir='ltr'><strong>tot</strong></span> <span class='ocrx_word' id='word_1_155' title='bbox 1477 1457 1635 1498; x_wconf 87' lang='lat' dir='ltr'><strong>circum</strong></span> 
     </span>
     <span class='ocr_line' id='line_1_23' title="bbox 121 1530 1634 1589; baseline -0.005 -11"><span class='ocrx_word' id='word_1_156' title='bbox 121 1535 311 1577; x_wconf 88' lang='lat' dir='ltr'><strong>amnibus</strong></span> <span class='ocrx_word' id='word_1_157' title='bbox 353 1534 527 1589; x_wconf 77' lang='lat' dir='ltr'><strong>penulia</strong></span> <span class='ocrx_word' id='word_1_158' title='bbox 569 1545 703 1587; x_wconf 88' lang='lat' dir='ltr'><strong>aquae</strong></span> <span class='ocrx_word' id='word_1_159' title='bbox 745 1531 1033 1586; x_wconf 81' lang='lat' dir='ltr'><strong>fatigarentur.</strong></span> <span class='ocrx_word' id='word_1_160' title='bbox 1095 1531 1156 1572; x_wconf 85' lang='lat' dir='ltr'><strong>lbi</strong></span> <span class='ocrx_word' id='word_1_161' title='bbox 1189 1531 1240 1573; x_wconf 95' lang='lat' dir='ltr'><strong>de</strong></span> <span class='ocrx_word' id='word_1_162' title='bbox 1270 1530 1432 1585; x_wconf 86' lang='lat' dir='ltr'><strong>proelio</strong></span> <span class='ocrx_word' id='word_1_163' title='bbox 1465 1531 1634 1573; x_wconf 85' lang='lat' dir='ltr'><strong>dubita-</strong></span> 
     </span>
     <span class='ocr_line' id='line_1_24' title="bbox 118 1605 1632 1664; baseline -0.005 -11"><span class='ocrx_word' id='word_1_164' title='bbox 118 1611 228 1664; x_wconf 82' lang='lat' dir='ltr'><strong>tum,</strong></span> <span class='ocrx_word' id='word_1_165' title='bbox 269 1605 435 1652; x_wconf 83' lang='lat' dir='ltr'><strong>Othone</strong></span> <span class='ocrx_word' id='word_1_166' title='bbox 477 1620 553 1663; x_wconf 90' lang='lat' dir='ltr'><strong>per</strong></span> <span class='ocrx_word' id='word_1_167' title='bbox 589 1607 750 1649; x_wconf 83' lang='lat' dir='ltr'><strong>litteras</strong></span> <span class='ocrx_word' id='word_1_168' title='bbox 790 1606 1007 1662; x_wconf 85' lang='lat' dir='ltr'><strong>flagitante</strong></span> <span class='ocrx_word' id='word_1_169' title='bbox 1037 1610 1082 1646; x_wconf 92' lang='lat' dir='ltr'><strong>ut</strong></span> <span class='ocrx_word' id='word_1_170' title='bbox 1112 1609 1392 1658; x_wconf 82' lang='lat' dir='ltr'><strong>maturarent,</strong></span> <span class='ocrx_word' id='word_1_171' title='bbox 1435 1605 1632 1647; x_wconf 88' lang='lat' dir='ltr'><strong>militibus</strong></span> 
     </span>
     <span class='ocr_line' id='line_1_25' title="bbox 119 1679 1631 1739; baseline -0.004 -12"><span class='ocrx_word' id='word_1_172' title='bbox 119 1689 164 1728; x_wconf 81' lang='lat' dir='ltr'><strong>ut</strong></span> <span class='ocrx_word' id='word_1_173' title='bbox 204 1685 432 1739; x_wconf 79' lang='lat' dir='ltr'><strong>imperator</strong></span> <span class='ocrx_word' id='word_1_174' title='bbox 471 1690 638 1737; x_wconf 83' lang='lat' dir='ltr'><strong>pugnae</strong></span> <span class='ocrx_word' id='word_1_175' title='bbox 687 1680 857 1722; x_wconf 86' lang='lat' dir='ltr'><strong>adesset</strong></span> <span class='ocrx_word' id='word_1_176' title='bbox 903 1680 1190 1734; x_wconf 88' lang='lat' dir='ltr'><strong>poscentibus.</strong></span> <span class='ocrx_word' id='word_1_177' title='bbox 1251 1679 1441 1733; x_wconf 88' lang='lat' dir='ltr'><strong>Plerique</strong></span> <span class='ocrx_word' id='word_1_178' title='bbox 1487 1679 1631 1733; x_wconf 89' lang='lat' dir='ltr'><strong>copias</strong></span> 
     </span>
     <span class='ocr_line' id='line_1_26' title="bbox 119 1751 1686 1812; baseline -0.003 -10"><span class='ocrx_word' id='word_1_179' title='bbox 119 1765 234 1802; x_wconf 80' lang='lat' dir='ltr'><strong>tra‘ns</strong></span> <span class='ocrx_word' id='word_1_180' title='bbox 270 1751 426 1801; x_wconf 78' lang='lat' dir='ltr'><strong>Padum</strong></span> <span class='ocrx_word' id='word_1_181' title='bbox 464 1760 640 1812; x_wconf 85' lang='lat' dir='ltr'><strong>agentes</strong></span> <span class='ocrx_word' id='word_1_182' title='bbox 681 1754 814 1796; x_wconf 88' lang='lat' dir='ltr'><strong>acciri</strong></span> <span class='ocrx_word' id='word_1_183' title='bbox 844 1754 1122 1808; x_wconf 84' lang='lat' dir='ltr'><strong>postulabant.</strong></span> <span class='ocrx_word' id='word_1_184' title='bbox 1182 1753 1272 1795; x_wconf 84' lang='lat' dir='ltr'><strong>Nec</strong></span> <span class='ocrx_word' id='word_1_185' title='bbox 1311 1753 1487 1808; x_wconf 89' lang='lat' dir='ltr'><strong>perinde</strong></span> <span class='ocrx_word' id='word_1_186' title='bbox 1519 1753 1632 1795; x_wconf 91' lang='lat' dir='ltr'><strong>diiu-</strong></span> <span class='ocrx_word' id='word_1_187' title='bbox 1646 1768 1686 1798; x_wconf 82' lang='lat'><strong>20</strong></span> 
     </span>
     <span class='ocr_line' id='line_1_27' title="bbox 120 1828 1630 1888; baseline -0.004 -12"><span class='ocrx_word' id='word_1_188' title='bbox 120 1833 254 1876; x_wconf 89' lang='lat' dir='ltr'><strong>dicari</strong></span> <span class='ocrx_word' id='word_1_189' title='bbox 282 1835 420 1888; x_wconf 90' lang='lat' dir='ltr'><strong>potest</strong></span> <span class='ocrx_word' id='word_1_190' title='bbox 449 1830 549 1885; x_wconf 83' lang='lat' dir='ltr'><strong>quid</strong></span> <span class='ocrx_word' id='word_1_191' title='bbox 572 1830 772 1884; x_wconf 87' lang='lat' dir='ltr'><strong>optimum</strong></span> <span class='ocrx_word' id='word_1_192' title='bbox 794 1829 908 1871; x_wconf 87' lang='lat' dir='ltr'><strong>sactu</strong></span> <span class='ocrx_word' id='word_1_193' title='bbox 933 1828 1072 1881; x_wconf 87' lang='lat' dir='ltr'><strong>suerit,</strong></span> <span class='ocrx_word' id='word_1_194' title='bbox 1106 1840 1228 1882; x_wconf 87' lang='lat' dir='ltr'><strong>quam</strong></span> <span class='ocrx_word' id='word_1_195' title='bbox 1248 1829 1474 1882; x_wconf 87' lang='lat' dir='ltr'><strong>pessimum</strong></span> <span class='ocrx_word' id='word_1_196' title='bbox 1499 1828 1630 1870; x_wconf 88' lang='lat' dir='ltr'><strong>fuisse</strong></span> 
     </span>
    </p>
   </div>
   <div class='ocr_carea' id='block_1_10' title="bbox 119 1975 1633 2364">
    <p class='ocr_par' dir='ltr' id='par_1_12' title="bbox 119 1975 1633 2364">
     <span class='ocr_line' id='line_1_28' title="bbox 693 1975 1633 2012; baseline -0.002 0"><span class='ocrx_word' id='word_1_197' title='bbox 693 1978 729 2012; x_wconf 81' lang='lat'><strong>3.</strong></span> <span class='ocrx_word' id='word_1_198' title='bbox 758 1988 803 2012; x_wconf 81' lang='lat' dir='ltr'><strong>ac</strong></span> <span class='ocrx_word' id='word_1_199' title='bbox 835 1975 967 2011; x_wconf 75' lang='lat' dir='ltr'><strong>Vitellii</strong></span> <span class='ocrx_word' id='word_1_200' title='bbox 992 1975 1096 2010; x_wconf 72' lang='lat' dir='ltr'>GMaz</span> <span class='ocrx_word' id='word_1_201' title='bbox 1124 1982 1186 2010; x_wconf 82' lang='lat' dir='ltr'><strong>aut</strong></span> <span class='ocrx_word' id='word_1_202' title='bbox 1219 1975 1256 2010; x_wconf 91' lang='lat' dir='ltr'><strong>V.</strong></span> <span class='ocrx_word' id='word_1_203' title='bbox 1285 1976 1327 2010; x_wconf 92' lang='lat' dir='ltr'><strong>A.</strong></span> <span class='ocrx_word' id='word_1_204' title='bbox 1424 1976 1458 2011; x_wconf 91' lang='lat'><strong>5.</strong></span> <span class='ocrx_word' id='word_1_205' title='bbox 1490 1975 1633 2010; x_wconf 83' lang='lat' dir='ltr'><strong>caedem</strong></span> 
     </span>
     <span class='ocr_line' id='line_1_29' title="bbox 120 2023 1631 2069; baseline -0.005 -3"><span class='ocrx_word' id='word_1_206' title='bbox 120 2023 186 2066; x_wconf 59' lang='lat' dir='ltr'><strong>lllff.</strong></span> <span class='ocrx_word' id='word_1_207' title='bbox 259 2028 294 2064; x_wconf 86' lang='lat'><strong>6.</strong></span> <span class='ocrx_word' id='word_1_208' title='bbox 319 2028 425 2063; x_wconf 66' lang='lat' dir='ltr'><strong>aeluri</strong></span> <span class='ocrx_word' id='word_1_209' title='bbox 455 2023 518 2062; x_wconf 65' lang='lat' dir='ltr'><strong>Ma.</strong></span> <span class='ocrx_word' id='word_1_210' title='bbox 596 2025 633 2062; x_wconf 93' lang='lat'><strong>8.</strong></span> <span class='ocrx_word' id='word_1_211' title='bbox 668 2026 773 2060; x_wconf 73' lang='lat' dir='ltr'><strong>venio</strong></span> <span class='ocrx_word' id='word_1_212' title='bbox 798 2037 818 2061; x_wconf 86' lang='lat' dir='ltr'><strong>e</strong></span> <span class='ocrx_word' id='word_1_213' title='bbox 846 2036 936 2060; x_wconf 90' lang='lat' dir='ltr'><strong>corr.</strong></span> <span class='ocrx_word' id='word_1_214' title='bbox 964 2023 1047 2059; x_wconf 65' lang='lat' dir='ltr'><strong>Ma.</strong></span> <span class='ocrx_word' id='word_1_215' title='bbox 1039 2036 1047 2043; x_wconf 92' lang='lat'><strong>·</strong></span> <span class='ocrx_word' id='word_1_216' title='bbox 1078 2024 1158 2068; x_wconf 86' lang='lat' dir='ltr'><strong>fuit,</strong></span> <span class='ocrx_word' id='word_1_217' title='bbox 1185 2028 1224 2057; x_wconf 83' lang='lat' dir='ltr'><strong>ut</strong></span> <span class='ocrx_word' id='word_1_218' title='bbox 1249 2025 1405 2067; x_wconf 86' lang='lat' dir='ltr'><strong>videtur,</strong></span> <span class='ocrx_word' id='word_1_219' title='bbox 1432 2026 1574 2069; x_wconf 79' lang='lat' dir='ltr'><strong>veniat,·</strong></span> <span class='ocrx_word' id='word_1_220' title='bbox 1602 2025 1631 2059; x_wconf 89' lang='lat' dir='ltr'><strong>G</strong></span> 
     </span>
     <span class='ocr_line' id='line_1_30' title="bbox 119 2072 1630 2122; baseline -0.004 -9"><span class='ocrx_word' id='word_1_221' title='bbox 119 2077 237 2120; x_wconf 65' lang='lat' dir='ltr'><strong>uenio,</strong></span> <span class='ocrx_word' id='word_1_222' title='bbox 266 2078 378 2112; x_wconf 69' lang='lat' dir='ltr'><strong>editfo</strong></span> <span class='ocrx_word' id='word_1_223' title='bbox 401 2077 570 2122; x_wconf 82' lang='lat' dir='ltr'><strong>princeps</strong></span> <span class='ocrx_word' id='word_1_224' title='bbox 596 2075 748 2110; x_wconf 77' lang='lat' dir='ltr'><strong>veniam.</strong></span> <span class='ocrx_word' id='word_1_225' title='bbox 854 2075 910 2110; x_wconf 89' lang='grc'><strong>10.</strong></span> <span class='ocrx_word' id='word_1_226' title='bbox 935 2075 988 2108; x_wconf 82' lang='lat' dir='ltr'><strong>vis</strong></span> <span class='ocrx_word' id='word_1_227' title='bbox 1012 2072 1079 2117; x_wconf 69' lang='lat' dir='ltr'><strong>Ma,</strong></span> <span class='ocrx_word' id='word_1_228' title='bbox 1108 2075 1162 2108; x_wconf 81' lang='lat' dir='ltr'><strong>ius</strong></span> <span class='ocrx_word' id='word_1_229' title='bbox 1187 2072 1216 2107; x_wconf 89' lang='lat' dir='ltr'>G</span> <span class='ocrx_word' id='word_1_230' title='bbox 1243 2078 1278 2107; x_wconf 89' lang='lat' dir='ltr'><strong>et</strong></span> <span class='ocrx_word' id='word_1_231' title='bbox 1306 2073 1381 2107; x_wconf 89' lang='lat' dir='ltr'><strong>alii.</strong></span> <span class='ocrx_word' id='word_1_232' title='bbox 1486 2075 1542 2109; x_wconf 77' lang='lat'><strong>14.</strong></span> <span class='ocrx_word' id='word_1_233' title='bbox 1570 2075 1630 2107; x_wconf 82' lang='lat' dir='ltr'><strong>in-</strong></span> 
     </span>
     <span class='ocr_line' id='line_1_31' title="bbox 120 2120 1632 2174; baseline -0.005 -12"><span class='ocrx_word' id='word_1_234' title='bbox 120 2127 280 2174; x_wconf 66' lang='lat' dir='ltr'><strong>tea-’plari</strong></span> <span class='ocrx_word' id='word_1_235' title='bbox 306 2120 373 2161; x_wconf 82' lang='grc' dir='ltr'><strong>Μ3.</strong></span> <span class='ocrx_word' id='word_1_236' title='bbox 462 2125 586 2170; x_wconf 70' lang='lat' dir='ltr'><strong>exeqt‘ci</strong></span> <span class='ocrx_word' id='word_1_237' title='bbox 611 2123 666 2158; x_wconf 70' lang='lat' dir='ltr'><strong>Ma</strong></span> <span class='ocrx_word' id='word_1_238' title='bbox 693 2134 772 2158; x_wconf 93' lang='lat' dir='ltr'><strong>cum</strong></span> <span class='ocrx_word' id='word_1_239' title='bbox 802 2123 867 2157; x_wconf 86' lang='lat' dir='ltr'><strong>lin.</strong></span> <span class='ocrx_word' id='word_1_240' title='bbox 898 2128 1103 2158; x_wconf 83' lang='lat' dir='ltr'><strong>transversa</strong></span> <span class='ocrx_word' id='word_1_241' title='bbox 1127 2124 1165 2156; x_wconf 93' lang='lat' dir='ltr'><strong>in</strong></span> <span class='ocrx_word' id='word_1_242' title='bbox 1191 2122 1261 2156; x_wconf 85' lang='lat' dir='ltr'><strong>litt.</strong></span> <span class='ocrx_word' id='word_1_243' title='bbox 1294 2132 1326 2167; x_wconf 84' lang='lat' dir='ltr'><strong>q.</strong></span> <span class='ocrx_word' id='word_1_244' title='bbox 1415 2122 1471 2157; x_wconf 89' lang='lat'><strong>16.</strong></span> <span class='ocrx_word' id='word_1_245' title='bbox 1499 2123 1632 2156; x_wconf 82' lang='lat' dir='ltr'><strong>circum</strong></span> 
     </span>
     <span class='ocr_line' id='line_1_32' title="bbox 119 2168 1630 2221; baseline -0.004 -11"><span class='ocrx_word' id='word_1_246' title='bbox 119 2175 279 2211; x_wconf 73' lang='lat' dir='ltr'><strong>manibus</strong></span> <span class='ocrx_word' id='word_1_247' title='bbox 302 2175 517 2221; x_wconf 60' lang='lat' dir='ltr'><strong>paenuria&#39;i</strong></span> <span class='ocrx_word' id='word_1_248' title='bbox 506 2168 581 2208; x_wconf 70' lang='lat' dir='ltr'><strong>Ma:</strong></span> <span class='ocrx_word' id='word_1_249' title='bbox 608 2171 808 2207; x_wconf 65' lang='lat' dir='ltr'><strong>co&#39;r&#39;rectum</strong></span> <span class='ocrx_word' id='word_1_250' title='bbox 835 2175 930 2207; x_wconf 83' lang='lat' dir='ltr'><strong>inest</strong></span> <span class='ocrx_word' id='word_1_251' title='bbox 956 2171 995 2206; x_wconf 88' lang='lat' dir='ltr'><strong>G.</strong></span> <span class='ocrx_word' id='word_1_252' title='bbox 1097 2173 1156 2207; x_wconf 79' lang='lat'><strong>20.</strong></span> <span class='ocrx_word' id='word_1_253' title='bbox 1179 2171 1288 2216; x_wconf 82' lang='lat' dir='ltr'><strong>pinde</strong></span> <span class='ocrx_word' id='word_1_254' title='bbox 1323 2181 1402 2204; x_wconf 89' lang='lat' dir='ltr'><strong>cum</strong></span> <span class='ocrx_word' id='word_1_255' title='bbox 1426 2182 1451 2216; x_wconf 82' lang='lat' dir='ltr'><strong>p</strong></span> <span class='ocrx_word' id='word_1_256' title='bbox 1478 2171 1630 2205; x_wconf 88' lang='lat' dir='ltr'><strong>caudato</strong></span> 
     </span>
     <span class='ocr_line' id='line_1_33' title="bbox 119 2216 1632 2272; baseline -0.004 -14"><span class='ocrx_word' id='word_1_257' title='bbox 119 2223 301 2272; x_wconf 78' lang='lat' dir='ltr'><strong>(proinde)</strong></span> <span class='ocrx_word' id='word_1_258' title='bbox 325 2216 398 2258; x_wconf 67' lang='lat' dir='ltr'>M&#39;a:</span> <span class='ocrx_word' id='word_1_259' title='bbox 426 2221 454 2257; x_wconf 91' lang='lat' dir='ltr'>G</span> <span class='ocrx_word' id='word_1_260' title='bbox 475 2222 626 2269; x_wconf 78' lang='lat' dir='ltr'><strong>perinde</strong></span> <span class='ocrx_word' id='word_1_261' title='bbox 649 2221 861 2266; x_wconf 86' lang='lat' dir='ltr'><strong>compendio</strong></span> <span class='ocrx_word' id='word_1_262' title='bbox 888 2221 1073 2265; x_wconf 82' lang='lat' dir='ltr'><strong>scriptum.</strong></span> <span class='ocrx_word' id='word_1_263' title='bbox 1174 2219 1370 2265; x_wconf 78' lang='lat' dir='ltr'><strong>21.quid1</strong></span> <span class='ocrx_word' id='word_1_264' title='bbox 1400 2219 1490 2264; x_wconf 74' lang='lat' dir='ltr'><strong>quod</strong></span> <span class='ocrx_word' id='word_1_265' title='bbox 1514 2218 1569 2253; x_wconf 85' lang='grc' dir='ltr'><strong>Μ3</strong></span> <span class='ocrx_word' id='word_1_266' title='bbox 1596 2223 1632 2253; x_wconf 85' lang='lat' dir='ltr'><strong>et</strong></span> 
     </span>
     <span class='ocr_line' id='line_1_34' title="bbox 119 2267 1632 2318; baseline -0.004 -12"><span class='ocrx_word' id='word_1_267' title='bbox 119 2282 184 2318; x_wconf 82' lang='lat' dir='ltr'><strong>per</strong></span> <span class='ocrx_word' id='word_1_268' title='bbox 219 2281 335 2316; x_wconf 88' lang='lat' dir='ltr'><strong>comp.</strong></span> <span class='ocrx_word' id='word_1_269' title='bbox 377 2270 423 2306; x_wconf 91' lang='lat' dir='ltr'><strong>G.</strong></span> <span class='ocrx_word' id='word_1_270' title='bbox 456 2272 567 2305; x_wconf 82' lang='lat' dir='ltr'><strong>tacite</strong></span> <span class='ocrx_word' id='word_1_271' title='bbox 604 2272 759 2304; x_wconf 85' lang='lat' dir='ltr'><strong>correxit</strong></span> <span class='ocrx_word' id='word_1_272' title='bbox 794 2270 1009 2312; x_wconf 85' lang='lat' dir='ltr'><strong>Rhenanus,</strong></span> <span class='ocrx_word' id='word_1_273' title='bbox 1044 2279 1117 2302; x_wconf 90' lang='lat' dir='ltr'><strong>non</strong></span> <span class='ocrx_word' id='word_1_274' title='bbox 1153 2267 1371 2311; x_wconf 82' lang='lat' dir='ltr'><strong>Beroaldus,</strong></span> <span class='ocrx_word' id='word_1_275' title='bbox 1408 2273 1447 2300; x_wconf 88' lang='lat' dir='ltr'><strong>ut</strong></span> <span class='ocrx_word' id='word_1_276' title='bbox 1488 2273 1632 2302; x_wconf 83' lang='lat' dir='ltr'><strong>narrant</strong></span> 
     </span>
     <span class='ocr_line' id='line_1_35' title="bbox 120 2316 1091 2364; baseline -0.004 -9"><span class='ocrx_word' id='word_1_277' title='bbox 120 2319 326 2356; x_wconf 69' lang='lat' dir='ltr'><strong>waltherus</strong></span> <span class='ocrx_word' id='word_1_278' title='bbox 352 2324 388 2354; x_wconf 85' lang='lat' dir='ltr'><strong>et</strong></span> <span class='ocrx_word' id='word_1_279' title='bbox 413 2318 583 2354; x_wconf 80' lang='lat' dir='ltr'><strong>Orellius.</strong></span> <span class='ocrx_word' id='word_1_280' title='bbox 924 2319 1024 2364; x_wconf 80' lang='lat' dir='ltr'><strong>factu</strong></span> <span class='ocrx_word' id='word_1_281' title='bbox 1051 2316 1091 2351; x_wconf 91' lang='lat' dir='ltr'><strong>G.</strong></span> 
     </span>
    </p>
   </div>
   <div class='ocr_carea' id='block_1_11' title="bbox 257 1977 616 2026">
    <p class='ocr_par' dir='ltr' id='par_1_13' title="bbox 257 1977 616 2026">
     <span class='ocr_line' id='line_1_36' title="bbox 257 1977 616 2026; baseline -0.012 -10"><span class='ocrx_word' id='word_1_282' title='bbox 257 1981 292 2017; x_wconf 83' lang='lat'><strong>2.</strong></span> <span class='ocrx_word' id='word_1_283' title='bbox 317 1978 524 2026; x_wconf 65' lang='lat' dir='ltr'><strong>principatui</strong></span> <span class='ocrx_word' id='word_1_284' title='bbox 550 1977 616 2013; x_wconf 69' lang='lat' dir='ltr'><strong>Ma.</strong></span> 
     </span>
    </p>
   </div>
   <div class='ocr_carea' id='block_1_12' title="bbox 658 2317 897 2364">
    <p class='ocr_par' dir='ltr' id='par_1_14' title="bbox 658 2317 897 2364">
     <span class='ocr_line' id='line_1_37' title="bbox 658 2317 897 2364; baseline 0 -11"><span class='ocrx_word' id='word_1_285' title='bbox 658 2321 793 2364; x_wconf 78' lang='lat' dir='ltr'><strong>factum</strong></span> <span class='ocrx_word' id='word_1_286' title='bbox 819 2317 897 2353; x_wconf 84' lang='grc' dir='ltr'><strong>Μ3.</strong></span> 
     </span>
    </p>
   </div>
   <div class='ocr_carea' id='block_1_13' title="bbox 910 2453 1633 2696">
    <p class='ocr_par' dir='ltr' id='par_1_15' title="bbox 910 2453 1633 2696">
     <span class='ocr_line' id='line_1_38' title="bbox 982 2453 1633 2500; baseline -0.005 -10"><span class='ocrx_word' id='word_1_287' title='bbox 982 2454 1139 2500; x_wconf 82' lang='lat' dir='ltr'><strong>Cap.39.</strong></span> <span class='ocrx_word' id='word_1_288' title='bbox 1167 2454 1255 2488; x_wconf 80' lang='lat' dir='ltr'><strong>adeo</strong></span> <span class='ocrx_word' id='word_1_289' title='bbox 1281 2454 1462 2499; x_wconf 77' lang='lat' dir='ltr'><strong>imperite.-</strong></span> <span class='ocrx_word' id='word_1_290' title='bbox 1481 2453 1633 2499; x_wconf 80' lang='lat' dir='ltr'><strong>perinde</strong></span> 
     </span>
     <span class='ocr_line' id='line_1_39' title="bbox 910 2502 1632 2547; baseline -0.004 -8"><span class='ocrx_word' id='word_1_291' title='bbox 910 2504 1121 2539; x_wconf 83' lang='lat' dir='ltr'><strong>Plutarchus</strong></span> <span class='ocrx_word' id='word_1_292' title='bbox 1146 2502 1228 2538; x_wconf 90' lang='lat' dir='ltr'><strong>Oth.</strong></span> <span class='ocrx_word' id='word_1_293' title='bbox 1258 2514 1288 2538; x_wconf 89' lang='lat' dir='ltr'><strong>c.</strong></span> <span class='ocrx_word' id='word_1_294' title='bbox 1322 2503 1388 2547; x_wconf 85' lang='lat'><strong>11,</strong></span> <span class='ocrx_word' id='word_1_295' title='bbox 1414 2513 1486 2536; x_wconf 90' lang='lat' dir='ltr'><strong>non</strong></span> <span class='ocrx_word' id='word_1_296' title='bbox 1511 2508 1632 2537; x_wconf 86' lang='lat' dir='ltr'><strong>tamen</strong></span> 
     </span>
     <span class='ocr_line' id='line_1_40' title="bbox 911 2552 1631 2596; baseline -0.008 -8"><span class='ocrx_word' id='word_1_297' title='bbox 911 2565 957 2588; x_wconf 81' lang='lat' dir='ltr'><strong>ex</strong></span> <span class='ocrx_word' id='word_1_298' title='bbox 982 2553 1117 2596; x_wconf 86' lang='lat' dir='ltr'><strong>Tacito,</strong></span> <span class='ocrx_word' id='word_1_299' title='bbox 1144 2557 1183 2586; x_wconf 87' lang='lat' dir='ltr'><strong>ut</strong></span> <span class='ocrx_word' id='word_1_300' title='bbox 1208 2552 1373 2587; x_wconf 86' lang='lat' dir='ltr'><strong>videtur:</strong></span> <span class='ocrx_word' id='word_1_301' title='bbox 1401 2562 1482 2586; x_wconf 89' lang='lat' dir='ltr'><strong>nam</strong></span> <span class='ocrx_word' id='word_1_302' title='bbox 1508 2554 1545 2585; x_wconf 89' lang='lat' dir='ltr'><strong>in</strong></span> <span class='ocrx_word' id='word_1_303' title='bbox 1564 2562 1631 2585; x_wconf 88' lang='lat' dir='ltr'><strong>au-</strong></span> 
     </span>
     <span class='ocr_line' id='line_1_41' title="bbox 910 2600 1629 2644; baseline -0.003 -8"><span class='ocrx_word' id='word_1_304' title='bbox 910 2602 1070 2637; x_wconf 85' lang='lat' dir='ltr'><strong>ctoribus</strong></span> <span class='ocrx_word' id='word_1_305' title='bbox 1107 2612 1127 2635; x_wconf 85' lang='lat' dir='ltr'><strong>a</strong></span> <span class='ocrx_word' id='word_1_306' title='bbox 1155 2611 1195 2635; x_wconf 85' lang='lat' dir='ltr'><strong>se</strong></span> <span class='ocrx_word' id='word_1_307' title='bbox 1222 2600 1391 2635; x_wconf 87' lang='lat' dir='ltr'><strong>adhibitis</strong></span> <span class='ocrx_word' id='word_1_308' title='bbox 1417 2600 1507 2644; x_wconf 86' lang='lat' dir='ltr'><strong>(vid.</strong></span> <span class='ocrx_word' id='word_1_309' title='bbox 1546 2600 1629 2634; x_wconf 82' lang='lat' dir='ltr'><strong>oth.</strong></span> 
     </span>
     <span class='ocr_line' id='line_1_42' title="bbox 910 2649 1631 2696; baseline -0.008 -10"><span class='ocrx_word' id='word_1_310' title='bbox 910 2663 941 2686; x_wconf 89' lang='lat' dir='ltr'><strong>c.</strong></span> <span class='ocrx_word' id='word_1_311' title='bbox 969 2652 992 2686; x_wconf 87' lang='lat'><strong>3</strong></span> <span class='ocrx_word' id='word_1_312' title='bbox 1023 2655 1058 2685; x_wconf 88' lang='lat' dir='ltr'><strong>et</strong></span> <span class='ocrx_word' id='word_1_313' title='bbox 1084 2651 1106 2685; x_wconf 89' lang='lat'><strong>9</strong></span> <span class='ocrx_word' id='word_1_314' title='bbox 1138 2655 1174 2684; x_wconf 81' lang='lat' dir='ltr'><strong>et</strong></span> <span class='ocrx_word' id='word_1_315' title='bbox 1203 2649 1266 2696; x_wconf 81' lang='lat'><strong>14)</strong></span> <span class='ocrx_word' id='word_1_316' title='bbox 1306 2649 1401 2683; x_wconf 88' lang='lat' dir='ltr'><strong>hunc</strong></span> <span class='ocrx_word' id='word_1_317' title='bbox 1443 2658 1515 2681; x_wconf 91' lang='lat' dir='ltr'><strong>non</strong></span> <span class='ocrx_word' id='word_1_318' title='bbox 1551 2658 1631 2681; x_wconf 85' lang='lat' dir='ltr'><strong>me-</strong></span> 
     </span>
    </p>
   </div>
   <div class='ocr_carea' id='block_1_14' title="bbox 119 2455 842 2649">
    <p class='ocr_par' dir='ltr' id='par_1_16' title="bbox 119 2455 842 2649">
     <span class='ocr_line' id='line_1_43' title="bbox 119 2455 840 2503; baseline -0.006 -9"><span class='ocrx_word' id='word_1_319' title='bbox 119 2460 158 2494; x_wconf 74' lang='lat' dir='ltr'><strong>in</strong></span> <span class='ocrx_word' id='word_1_320' title='bbox 183 2459 229 2493; x_wconf 79' lang='lat' dir='ltr'><strong>iis</strong></span> <span class='ocrx_word' id='word_1_321' title='bbox 254 2457 299 2492; x_wconf 81' lang='lat' dir='ltr'><strong>ad</strong></span> <span class='ocrx_word' id='word_1_322' title='bbox 323 2455 522 2492; x_wconf 73' lang='lat' dir='ltr'><strong>seditiones</strong></span> <span class='ocrx_word' id='word_1_323' title='bbox 549 2460 586 2491; x_wconf 85' lang='lat' dir='ltr'><strong>et</strong></span> <span class='ocrx_word' id='word_1_324' title='bbox 610 2466 750 2503; x_wconf 85' lang='lat' dir='ltr'><strong>pugnas</strong></span> <span class='ocrx_word' id='word_1_325' title='bbox 768 2464 840 2491; x_wconf 86' lang='lat' dir='ltr'><strong>non</strong></span> 
     </span>
     <span class='ocr_line' id='line_1_44' title="bbox 122 2505 842 2553; baseline -0.004 -11"><span class='ocrx_word' id='word_1_326' title='bbox 122 2508 200 2542; x_wconf 78' lang='lat' dir='ltr'><strong>fere</strong></span> <span class='ocrx_word' id='word_1_327' title='bbox 226 2517 284 2541; x_wconf 84' lang='lat' dir='ltr'><strong>res</strong></span> <span class='ocrx_word' id='word_1_328' title='bbox 310 2510 503 2553; x_wconf 75' lang='lat' dir='ltr'><strong>progressa</strong></span> <span class='ocrx_word' id='word_1_329' title='bbox 529 2510 595 2540; x_wconf 70' lang='lat' dir='ltr'><strong>est.</strong></span> <span class='ocrx_word' id='word_1_330' title='bbox 651 2505 842 2540; x_wconf 73' lang='lat' dir='ltr'><strong>turbulenti</strong></span> 
     </span>
     <span class='ocr_line' id='line_1_45' title="bbox 123 2554 839 2598; baseline -0.004 -7"><span class='ocrx_word' id='word_1_331' title='bbox 123 2556 281 2591; x_wconf 59' lang='lat' dir='ltr'><strong>tribuni:</strong></span> <span class='ocrx_word' id='word_1_332' title='bbox 311 2555 468 2590; x_wconf 70' lang='lat' dir='ltr'><strong>Gracchi</strong></span> <span class='ocrx_word' id='word_1_333' title='bbox 492 2554 641 2598; x_wconf 78' lang='lat' dir='ltr'><strong>fratres,</strong></span> <span class='ocrx_word' id='word_1_334' title='bbox 667 2555 839 2590; x_wconf 75' lang='lat' dir='ltr'><strong>Saturni-</strong></span> 
     </span>
     <span class='ocr_line' id='line_1_46' title="bbox 123 2605 351 2649; baseline -0.009 -10"><span class='ocrx_word' id='word_1_335' title='bbox 123 2614 200 2649; x_wconf 75' lang='lat' dir='ltr'><strong>nus,</strong></span> <span class='ocrx_word' id='word_1_336' title='bbox 226 2605 351 2639; x_wconf 83' lang='lat' dir='ltr'><strong>ceteri.</strong></span> 
     </span>
    </p>
   </div>
   <div class='ocr_carea' id='block_1_15' title="bbox 125 2699 842 3027">
    <p class='ocr_par' dir='ltr' id='par_1_17' title="bbox 125 2699 842 3027">
     <span class='ocr_line' id='line_1_47' title="bbox 197 2699 839 2745; baseline 0 -11"><span class='ocrx_word' id='word_1_337' title='bbox 197 2700 323 2735; x_wconf 71' lang='lat' dir='ltr'><strong>civium</strong></span> <span class='ocrx_word' id='word_1_338' title='bbox 346 2699 526 2745; x_wconf 71' lang='lat' dir='ltr'><strong>leqt&#39;ones:</strong></span> <span class='ocrx_word' id='word_1_339' title='bbox 560 2708 640 2733; x_wconf 85' lang='lat' dir='ltr'><strong>cum</strong></span> <span class='ocrx_word' id='word_1_340' title='bbox 673 2700 710 2734; x_wconf 90' lang='lat' dir='ltr'><strong>vi</strong></span> <span class='ocrx_word' id='word_1_341' title='bbox 735 2699 839 2734; x_wconf 79' lang='lat' dir='ltr'><strong>addi-</strong></span> 
     </span>
     <span class='ocr_line' id='line_1_48' title="bbox 125 2748 841 2793; baseline -0.001 -10"><span class='ocrx_word' id='word_1_342' title='bbox 125 2754 199 2783; x_wconf 87' lang='lat' dir='ltr'><strong>tum</strong></span> <span class='ocrx_word' id='word_1_343' title='bbox 226 2753 283 2783; x_wconf 85' lang='lat' dir='ltr'><strong>est&#39;</strong></span> <span class='ocrx_word' id='word_1_344' title='bbox 304 2748 442 2789; x_wconf 68' lang='grc' dir='ltr'><strong>οἰυίτεπι,</strong></span> <span class='ocrx_word' id='word_1_345' title='bbox 469 2749 602 2793; x_wconf 83' lang='lat' dir='ltr'><strong>quibus·</strong></span> <span class='ocrx_word' id='word_1_346' title='bbox 613 2753 841 2792; x_wconf 78' lang='lat' dir='ltr'><strong>opponuntur</strong></span> 
     </span>
     <span class='ocr_line' id='line_1_49' title="bbox 127 2795 842 2842; baseline 0 -10"><span class='ocrx_word' id='word_1_347' title='bbox 127 2798 274 2832; x_wconf 71' lang='lat' dir='ltr'><strong>Othonis</strong></span> <span class='ocrx_word' id='word_1_348' title='bbox 306 2807 351 2831; x_wconf 82' lang='lat' dir='ltr'><strong>ac</strong></span> <span class='ocrx_word' id='word_1_349' title='bbox 391 2795 524 2831; x_wconf 50' lang='lat' dir='ltr'><strong>Vitellii*</strong></span> <span class='ocrx_word' id='word_1_350' title='bbox 559 2797 733 2830; x_wconf 69' lang='lat' dir='ltr'><strong>exercitus</strong></span> <span class='ocrx_word' id='word_1_351' title='bbox 770 2798 842 2842; x_wconf 80' lang='lat' dir='ltr'><strong>(die</strong></span> 
     </span>
     <span class='ocr_line' id='line_1_50' title="bbox 126 2844 842 2881; baseline -0.007 0"><span class='ocrx_word' id='word_1_352' title='bbox 126 2845 399 2881; x_wconf 73' lang='lat' dir='ltr'><strong>Heersckaa&#39;ren</strong></span> <span class='ocrx_word' id='word_1_353' title='bbox 425 2846 519 2879; x_wconf 71' lang='lat' dir='ltr'><strong>eines</strong></span> <span class='ocrx_word' id='word_1_354' title='bbox 547 2844 635 2878; x_wconf 71' lang='lat' dir='ltr'><strong>Otho</strong></span> <span class='ocrx_word' id='word_1_355' title='bbox 674 2845 750 2878; x_wconf 73' lang='lat' dir='ltr'><strong>und</strong></span> <span class='ocrx_word' id='word_1_356' title='bbox 780 2846 842 2880; x_wconf 84' lang='lat' dir='ltr'><strong>Vi-</strong></span> 
     </span>
     <span class='ocr_line' id='line_1_51' title="bbox 127 2893 842 2941; baseline -0.007 -11"><span class='ocrx_word' id='word_1_357' title='bbox 127 2894 277 2941; x_wconf 48' lang='lat' dir='ltr'><strong>&amp;timp</strong></span> <span class='ocrx_word' id='word_1_358' title='bbox 319 2894 452 2940; x_wconf 89' lang='lat' dir='ltr'><strong>quippe</strong></span> <span class='ocrx_word' id='word_1_359' title='bbox 479 2893 659 2927; x_wconf 79' lang='lat' dir='ltr'><strong>exereitus</strong></span> <span class='ocrx_word' id='word_1_360' title='bbox 696 2903 741 2927; x_wconf 86' lang='lat' dir='ltr'><strong>ex</strong></span> <span class='ocrx_word' id='word_1_361' title='bbox 771 2893 842 2928; x_wconf 84' lang='lat' dir='ltr'><strong>ali..</strong></span> 
     </span>
     <span class='ocr_line' id='line_1_52' title="bbox 128 2939 841 2994; baseline -0.001 -16"><span class='ocrx_word' id='word_1_362' title='bbox 128 2944 232 2990; x_wconf 81' lang='lat' dir='ltr'><strong>genis</strong></span> <span class='ocrx_word' id='word_1_363' title='bbox 257 2946 423 2994; x_wconf 74' lang='lat' dir='ltr'><strong>magnam</strong></span> <span class='ocrx_word' id='word_1_364' title='bbox 449 2945 586 2987; x_wconf 73' lang='lat' dir='ltr'><strong>pai-&#39;tem</strong></span> <span class='ocrx_word' id='word_1_365' title='bbox 613 2939 765 2975; x_wconf 75' lang='lat' dir='ltr'><strong>collecti</strong></span> <span class='ocrx_word' id='word_1_366' title='bbox 777 2943 841 2977; x_wconf 81' lang='lat' dir='ltr'><strong>sub</strong></span> 
     </span>
     <span class='ocr_line' id='line_1_53' title="bbox 127 2988 747 3027; baseline -0.008 0"><span class='ocrx_word' id='word_1_367' title='bbox 127 2990 276 3027; x_wconf 74' lang='lat' dir='ltr'><strong>Vitellio</strong></span> <span class='ocrx_word' id='word_1_368' title='bbox 306 2990 342 3026; x_wconf 74' lang='lat' dir='ltr'><strong>et</strong></span> <span class='ocrx_word' id='word_1_369' title='bbox 368 2990 510 3026; x_wconf 64' lang='lat' dir='ltr'><strong>Oth&#39;ohe</strong></span> <span class='ocrx_word' id='word_1_370' title='bbox 537 2988 747 3024; x_wconf 68' lang='lat' dir='ltr'><strong>militabant.</strong></span> 
     </span>
    </p>
   </div>
   <div class='ocr_carea' id='block_1_16' title="bbox 909 2700 1631 3024">
    <p class='ocr_par' dir='ltr' id='par_1_18' title="bbox 909 2700 1076 2734">
     <span class='ocr_line' id='line_1_54' title="bbox 909 2700 1076 2734; baseline 0 0"><span class='ocrx_word' id='word_1_371' title='bbox 909 2700 1076 2734; x_wconf 81' lang='lat' dir='ltr'><strong>moravit.</strong></span> 
     </span>
    </p>

    <p class='ocr_par' dir='ltr' id='par_1_19' title="bbox 911 2745 1631 3024">
     <span class='ocr_line' id='line_1_55' title="bbox 985 2745 1630 2794; baseline -0.008 -12"><span class='ocrx_word' id='word_1_372' title='bbox 985 2750 1105 2794; x_wconf 82' lang='lat' dir='ltr'><strong>copias</strong></span> <span class='ocrx_word' id='word_1_373' title='bbox 1146 2753 1245 2782; x_wconf 72' lang='lat' dir='ltr'><strong>trans</strong></span> <span class='ocrx_word' id='word_1_374' title='bbox 1291 2745 1420 2779; x_wconf 78' lang='lat' dir='ltr'><strong>Padum</strong></span> <span class='ocrx_word' id='word_1_375' title='bbox 1462 2749 1630 2789; x_wconf 74' lang='lat' dir='ltr'><strong>aqentes:</strong></span> 
     </span>
     <span class='ocr_line' id='line_1_56' title="bbox 911 2793 1631 2840; baseline -0.007 -9"><span class='ocrx_word' id='word_1_376' title='bbox 911 2797 999 2831; x_wconf 84' lang='lat' dir='ltr'><strong>dicit</strong></span> <span class='ocrx_word' id='word_1_377' title='bbox 1031 2807 1091 2830; x_wconf 83' lang='lat' dir='ltr'><strong>eas</strong></span> <span class='ocrx_word' id='word_1_378' title='bbox 1133 2795 1261 2840; x_wconf 89' lang='lat' dir='ltr'><strong>quibus</strong></span> <span class='ocrx_word' id='word_1_379' title='bbox 1301 2793 1502 2827; x_wconf 82' lang='lat' dir='ltr'><strong>Vestricius</strong></span> <span class='ocrx_word' id='word_1_380' title='bbox 1537 2794 1631 2838; x_wconf 89' lang='lat' dir='ltr'><strong>Spu-</strong></span> 
     </span>
     <span class='ocr_line' id='line_1_57' title="bbox 911 2842 1631 2888; baseline -0.004 -10"><span class='ocrx_word' id='word_1_381' title='bbox 911 2847 1014 2878; x_wconf 87' lang='lat' dir='ltr'><strong>rinna</strong></span> <span class='ocrx_word' id='word_1_382' title='bbox 1040 2849 1075 2878; x_wconf 90' lang='lat' dir='ltr'><strong>et</strong></span> <span class='ocrx_word' id='word_1_383' title='bbox 1090 2848 1170 2888; x_wconf 88' lang='lat' dir='ltr'><strong>post</strong></span> <span class='ocrx_word' id='word_1_384' title='bbox 1190 2843 1358 2876; x_wconf 84' lang='lat' dir='ltr'><strong>Marcium</strong></span> <span class='ocrx_word' id='word_1_385' title='bbox 1374 2842 1528 2876; x_wconf 76' lang='lat' dir='ltr'><strong>Macrum</strong></span> <span class='ocrx_word' id='word_1_386' title='bbox 1545 2842 1631 2877; x_wconf 71' lang='lat' dir='ltr'><strong>Fla·-</strong></span> 
     </span>
     <span class='ocr_line' id='line_1_58' title="bbox 912 2890 1627 2937; baseline -0.006 -10"><span class='ocrx_word' id='word_1_387' title='bbox 912 2895 990 2927; x_wconf 90' lang='lat' dir='ltr'><strong>vius</strong></span> <span class='ocrx_word' id='word_1_388' title='bbox 1029 2893 1180 2926; x_wconf 80' lang='lat' dir='ltr'><strong>Sabinus</strong></span> <span class='ocrx_word' id='word_1_389' title='bbox 1215 2895 1404 2936; x_wconf 77' lang='lat' dir='ltr'><strong>praeerant</strong></span> <span class='ocrx_word' id='word_1_390' title='bbox 1455 2893 1505 2936; x_wconf 87' lang='lat' dir='ltr'><strong>(c.</strong></span> <span class='ocrx_word' id='word_1_391' title='bbox 1533 2890 1627 2937; x_wconf 83' lang='lat'><strong>36),</strong></span> 
     </span>
     <span class='ocr_line' id='line_1_59' title="bbox 913 2938 1631 2986; baseline -0.001 -11"><span class='ocrx_word' id='word_1_392' title='bbox 913 2943 998 2975; x_wconf 75' lang='lat' dir='ltr'><strong>item</strong></span> <span class='ocrx_word' id='word_1_393' title='bbox 1025 2946 1117 2986; x_wconf 85' lang='lat' dir='ltr'><strong>quae</strong></span> <span class='ocrx_word' id='word_1_394' title='bbox 1152 2950 1231 2974; x_wconf 87' lang='lat' dir='ltr'><strong>cum</strong></span> <span class='ocrx_word' id='word_1_395' title='bbox 1270 2938 1411 2974; x_wconf 76' lang='lat' dir='ltr'><strong>Othone</strong></span> <span class='ocrx_word' id='word_1_396' title='bbox 1444 2938 1631 2984; x_wconf 66' lang='lat' dir='ltr'><strong>profectae</strong></span> 
     </span>
     <span class='ocr_line' id='line_1_60' title="bbox 915 2992 1026 3024; baseline -0.009 -1"><span class='ocrx_word' id='word_1_397' title='bbox 915 2992 1026 3024; x_wconf 78' lang='lat' dir='ltr'><strong>erant.</strong></span> 
     </span>
    </p>
   </div>
  </div>
 </body>
</html>
