1768 3216
134 237 156 264 a
181 225 223 262 c.
251 226 311 263 69.
611 225 749 261 Lmen
775 227 803 261 1.
858 225 944 281 cn».
976 225 1135 262 66—68.
1601 225 1648 260 ¹73

135 356 235 387 mox
265 344 467 387 memoria
499 344 682 386 nominis
715 344 850 396 clara,
892 344 944 386 de
976 344 1108 386 caede
1141 343 1298 385 Galbae
1329 342 1468 398 ignari
1501 346 1542 384 et
1571 341 1650 383 vi-

132 420 240 462 tellii
271 420 489 474 imperium
520 420 762 462 abnuentes.
823 420 989 460 Initium
1030 418 1140 460 bello
1187 419 1263 460 suit
1294 418 1469 460 avaritia
1501 430 1550 459 ac
1583 416 1650 459 se-

137 498 307 540 stinatio
338 496 665 557 unetyicesimae
696 494 890 550 legionis.
951 494 1187 548 Repuerant
1215 493 1436 547 pecuniam
1475 492 1647 534 missam

138 572 181 614 in
210 571 461 626 stipendium
494 570 677 622 castelli,
726 570 837 623 quod
877 569 975 610 olim
1017 568 1196 611 Helvetii
1235 569 1321 610 suis
1364 567 1563 608 militibus
1597 579 1647 608 ac

138 647 356 701 stipendiis
388 646 620 688 tuebantur.
673 644 817 699 Aegre
848 644 889 685 id
919 644 1034 698 passi
1056 643 1249 694 Helvetii,
1284 642 1524 696 interceptis
1556 641 1682 695 epi-5

135 721 256 763 ‹stulis
287 733 394 775 quae
425 721 594 762 nomine
617 719 855 762 Germanici
886 719 1096 760 exercitus
1132 718 1184 759 ad
1215 717 1476 759 Pannonicas
1507 716 1651 771 legio-

138 807 215 856 nes
245 795 510 847 ferebantur,
558 794 845 836 centurionem
877 798 916 835 et
948 793 1149 846 quosdam
1182 792 1355 833 militum
1387 792 1428 832 in
1460 790 1651 832 custodia

138 869 386 912 retinebant.
449 869 629 911 Caecina
661 868 760 910 belli
792 867 938 909 avidus
970 867 1201 920 proximam
1236 878 1440 919 quamque
1473 864 1650 918 culpam,

140 947 360 998 antequam
390 944 648 997 paeniteret,
690 942 818 983 ultum
850 941 948 982 ibat.
1007 940 1119 982 Mota
1150 952 1329 994 propere
1362 943 1525 991 castra,
1572 951 1653 979 va-

139 1018 235 1059 stati
256 1018 373 1072 agri,
406 1017 590 1070 direptus
623 1016 748 1070 longa
780 1028 884 1069 pace
916 1015 958 1055 in
989 1014 1157 1055 modum
1189 1013 1404 1067 municipii
1437 1017 1649 1055 extructus
1666 1024 1705 1054 ιο

139 1092 283 1144 locus,
331 1103 508 1133 amoeno
555 1090 783 1133 salubrium
824 1101 1024 1143 aquarum
1069 1101 1146 1129 usu
1178 1088 1389 1141 frequens.
1450 1086 1567 1128 Missi
1599 1086 1652 1128 ad

139 1167 311 1210 Raetica
343 1159 496 1208 aukilia
529 1150 675 1218 nuntii,
708 1169 758 1206 ut'
780 1176 929 1206 versos
953 1164 994 1205 in
1014 1164 1227 1218 legionem
1247 1162 1462 1205 Helvetios
1485 1174 1506 1203 a
1530 1165 1650 1216 tergo

69 1241 488 1296 &adgrederentun
535 1241 597 1282 Illi
628 1245 723 1282 ante
755 1240 983 1281 discrimen
1015 1239 1197 1289 seroces,
1223 1237 1264 1278 in
1286 1236 1472 1291 periculo
1495 1235 1651 1290 pavidi,

141 1327 388 1370 quamquam
418 1316 553 1370 primo
586 1315 758 1356 tumultu
789 1314 1005 1356 Claudium
1037 1313 1237 1355 Severum
1269 1312 1419 1353 ducem
1446 1311 1708 1365 legerantffit

141 1402 226 1431 non
257 1403 371 1431 arma
401 1402 597 1450 noscere,
630 1402 714 1430 non
746 1389 917 1430 ordines
936 1388 1069 1441 sequi,
1102 1398 1187 1427 non
1210 1387 1394 1427 inunum
1415 1385 1706 1427 consulerem
1748 1400 1767 1422 ex

141 1464 374 1507 Exitiosum
406 1463 608 1506 adversus
641 1468 864 1505 veteranos
896 1462 1123 1516 proelium,
1168 1461 1297 1502 intuta
1340 1460 1506 1501 obsidio
1541 1459 1653 1500 dila-
1674 1443 1768 1480 ἀφ’

141 1540 229 1594 psis
259 1543 465 1582 vetustate
496 1539 728 1582 moenibus.
789 1537 896 1579 Hinc
923 1537 1110 1578 Caecina
1142 1548 1235 1577 cum
1266 1534 1406 1576 valido
1450 1534 1652 1586 exercitu,

922 1659 956 1693 3.
982 1656 1304 1690 unaetvicensimae
1332 1652 1397 1687 Ma.
1496 1653 1561 1686 mis
1594 1652 1651 1696 (in

283 1662 314 1694 1.
344 1661 426 1695 cede
452 1637 519 1694 Mass
595 1662 627 1695 2.
656 1660 729 1705 inp.
758 1658 822 1693 Ma.

141 1719 270 1747 versus
293 1709 384 1756 tine)
413 1720 507 1743 ssam
534 1707 599 1742 Ma.

142 1769 303 1804 quareque
328 1757 394 1792 Ma.

145 1806 183 1842 id
204 1806 465 1854 'estbproelium
490 1804 556 1840 Ma.

143 1918 240 1961 beat,
266 1917 472 1952 breviorem
498 1919 648 1953 formam
682 1922 863 1955 unetvice-

142 1968 251 2002 sintae
298 1967 490 2002 restituere
529 1969 567 2002 in
606 1968 759 2013 proclivi
796 1975 863 2004 est.

142 2015 230 2051 Mire
256 2020 377 2061 narrat
415 2014 571 2050 Orellius
608 2016 699 2051 hanc
740 2017 863 2063 legio-

142 2075 225 2098 nem
251 2064 450 2099 tetendisse
465 2064 728 2099 Vindonissae:
755 2067 863 2100 immo

144 2123 189 2147 ex
199 2112 388 2147 Germania
399 2140 402 2142 v
415 2123 494 2147 cum
517 2111 674 2148 Caecina
701 2124 764 2158 per
775 2114 863 2149 Hel-

143 2161 262 2195 vetios
277 2162 314 2195 in
324 2161 464 2196 Italiam
481 2162 644 2206 profecta
665 2167 731 2196 est.
756 2162 862 2198 Orel—

144 2209 231 2244 lium
257 2209 389 2244 fefellit
425 2211 551 2254 opinio
579 2215 727 2255 propter
754 2212 865 2246 verba

143 2257 186 2292 Η.
215 2257 260 2291 lv
285 2258 344 2301 70,
369 2258 430 2292 ubi
457 2260 742 2294 unaetvicesima
770 2260 862 2293 Vin-

145 2306 291 2340 donissa
333 2308 370 2340 in
406 2306 630 2341 Germaniam
667 2309 863 2352 irrumpere

144 2358 318 2396 narratur,
347 2353 381 2387 h.
398 2365 430 2388 e.
459 2355 558 2400 legio
583 2355 648 2389 illa
674 2357 709 2389 in
734 2357 864 2390 itinere

146 2412 191 2436 ex
225 2401 328 2436 ltalia
373 2403 410 2436 in
447 2402 671 2437 Germaniam
714 2404 809 2438 facto
845 2417 865 2438 a

145 2450 362 2484 Vindonissa
390 2452 427 2484 in
447 2450 671 2485 Germaniam
697 2455 863 2497 superio-

144 2509 219 2533 rem
247 2499 536 2544 appropinquare
562 2500 703 2534 dicitur.

217 2558 364 2581 amoeno
390 2548 585 2582 salubrium
611 2560 784 2593 aquarum
800 2562 865 2584 usu

99 2635 111 2645 Ἦ
144 2596 336 2640 frequense
385 2601 469 2629 sunt
509 2608 623 2642 aquae
663 2597 863 2632 Helveticae

108 2648 115 2680 ᾗ
146 2643 191 2678 ud
216 2643 393 2678 Limatum
426 2643 574 2679 fluvium
607 2645 788 2691 (Limmat,
827 2648 864 2680 in

146 2701 240 2738 pago
272 2692 490 2738 Argoviensi
509 2719 518 2734 ‚
556 2702 629 2727 non
665 2693 790 2738 procul
819 2695 863 2728 ab

146 2740 278 2783 oppido
290 2740 417 2775 Turico
437 2741 621 2775 meridiem
633 2752 758 2776 versus
781 2743 863 2786 sito,

147 2796 234 2831 quas
262 2787 371 2823 bodie
408 2788 552 2823 Baaden
586 2795 740 2833 vocant3
782 2790 864 2825 vide

148 2833 343 2872 D’Anvillii
390 2836 519 2871 Notice
570 2836 614 2871 de
658 2837 863 2873 l’ancienne

148 2880 261 2918 Gaulo
286 2894 321 2928 p·.
341 2885 447 2930 vesq.
482 2884 620 2919 Nomen
646 2896 792 2921 amoeno
820 2887 864 2921 ab

148 2930 249 2976 aquis
275 2930 319 2967 nd
339 2936 442 2967 usum
467 2933 690 2969 translatum.
741 2935 863 2969 Kiess-

147 2977 283 3026 lingius
333 2985 417 3026 apte
461 2982 682 3028 comparavit
725 2982 863 3018 Horatii

672 1709 705 1742 5.
735 1707 821 1753 eplis
848 1717 927 1740 cum
952 1705 1014 1739 lin.
1043 1710 1246 1738 transversa
1273 1704 1309 1736 iu
1336 1702 1405 1736 litt.
1434 1700 1446 1734 l
1472 1700 1537 1735 Ma.
1615 1699 1652 1734 8.

476 1760 529 1792 12.
556 1758 671 1791 retica
699 1754 761 1789 illa.
811 1754 973 1790 heluitios
997 1752 1062 1790 Ma.

1120 1752 1174 1786 16.
1198 1751 1308 1802 plium
1337 1761 1416 1784 cum
1440 1761 1464 1799 p
1489 1748 1653 1795 caudato,

935 1920 1049 1955 Car-m.
1083 1920 1131 1954 111
1163 1922 1175 1954 1
1208 1921 1285 1954 42:
1323 1918 1444 1963 quodsi
1480 1916 1655 1951 dolentem

934 1981 1000 2003 nec
1011 1969 1182 2014 Phryyius
1209 1967 1299 2013 lapis
1326 1978 1392 2000 nec
1415 1976 1655 2011 purpurarum

932 2018 1048 2052 sidere
1079 2017 1215 2051 clarior
1243 2015 1372 2050 delenit
1397 2027 1492 2049 usus.

1020 2065 1104 2110 Cap.
1134 2065 1193 2101 68.
1245 2076 1317 2098 non
1345 2075 1449 2097 arma
1481 2074 1652 2097 noscere.-
1679 2100 1681 2103 ,

933 2116 1116 2159 proprium
1144 2114 1214 2147 hoc
1250 2112 1392 2149 dice-ndi
1434 2122 1548 2158 genus
1587 2116 1654 2154 est,

933 2174 1004 2209 quo
1031 2163 1172 2196 Tacitus
1205 2172 1276 2195 non
1302 2167 1372 2194 tam
1400 2162 1544 2206 ignaros
1574 2161 1652 2194 eius

932 2214 1004 2254 rei,
1043 2222 1147 2257 quam
1176 2210 1269 2244 haud
1298 2219 1448 2244 noscere
1474 2209 1654 2251 dicuntur,

933 2260 1162 2305 designavit,
1206 2269 1310 2303 quam
1337 2258 1536 2299 indicavit,
1570 2257 1654 2291 illos

934 2309 977 2342 ab
1007 2319 1074 2341 usu
1102 2307 1346 2341 abhorruisse.
1403 2306 1462 2340 Sic
1494 2303 1677 2340 Helvetii'

933 2367 1027 2390 arma
1053 2367 1146 2401 quae
1173 2359 1343 2398 ceperant
1371 2353 1538 2389 abiecere
1565 2353 1655 2398 (hoc

934 2410 988 2439 est
1013 2405 1104 2438 illud
1130 2415 1202 2437 non
1230 2414 1333 2437 arma
1357 2406 1537 2449 noscere).
1565 2401 1655 2436 Per-

935 2453 1017 2487 inde
1045 2453 1086 2486 H.
1114 2451 1144 2486 ΙΙ
1172 2453 1245 2487 932
1285 2452 1346 2485 sed
1370 2450 1470 2484 miles
1497 2471 1542 2478 —-
1568 2451 1654 2485 urbe

936 2508 1009 2535 tota
1033 2512 1142 2546 vayus
1175 2512 1246 2534 non
1287 2500 1469 2545 principia
1494 2511 1653 2541 noscere,

935 2551 969 2584 h.
998 2561 1030 2584 e.
1057 2550 1149 2583 nihil
1175 2560 1305 2582 curare
1334 2549 1522 2592 principia.
1563 2548 1603 2582 H.
1622 2548 1654 2582 11

938 2599 1002 2633 12:
1029 2609 1101 2631 non
1128 2604 1259 2640 castra,
1290 2608 1362 2630 non
1388 2596 1510 2630 ducem
1533 2599 1653 2629 nosci-

934 2647 1100 2681 tantilms.
1131 2647 1229 2681 A.5;
1259 2657 1405 2679 noscere
1416 2645 1652 2691 provinciam,

933 2696 1033 2729 nosci
1046 2694 1376 2737 exercitu17.Quippe
1387 2703 1533 2726 noscere
1546 2702 1653 2735 prae-

935 2743 1059 2789 gnanti
1092 2742 1298 2788 significatu
1339 2741 1493 2784 posit-um
1531 2744 1567 2772 et
1593 2740 1654 2773 in-

934 2790 1103 2837 telligere
1129 2801 1204 2824 rem
1232 2794 1267 2822 et
1294 2799 1360 2821 usu
1380 2789 1558 2821 sust-inere
1587 2786 1653 2820 de-

934 2843 1044 2872 notat.
1098 2837 1170 2871 Nos
1197 2848 1301 2871 arma
1326 2847 1472 2869 noscere
1502 2834 1653 2869 dicimus

933 2887 1009 2921 sich
1035 2887 1105 2929 auf
1133 2885 1267 2930 Wafftm
1295 2884 1489 2918 ven-slehen.

1003 2934 1186 2968 eoeitiosum
1200 2955 1245 2960 —-
1260 2931 1459 2967 moenibus.-
1485 2932 1576 2967 haec
1590 2942 1652 2967 re-

933 2982 1003 3017 fert
1043 2982 1196 3026 scriptor
1236 2980 1279 3016 ah
1322 2979 1498 3018 Helvetiis
1530 2986 1652 3017 mente
