1768 3216
132 232 207 267 248

722 214 1032 252 HISTORIARVM

1424 225 1457 249 a.
1484 224 1520 249 ιι.
1547 213 1633 252 822.

135 347 255 390 nibus
287 345 446 396 situque
477 337 608 392 magis
640 346 761 388 quam
796 334 980 387 ipsorum
1014 331 1188 387 ingenio
1221 335 1361 372 tutam.
1415 333 1531 381 Quae
1561 328 1704 373 ubi58

138 419 300 463 Vitellio
349 414 544 469 cognita,
599 413 716 463 parte
761 408 973 462 copiarum
1019 407 1201 449 Narniae
1258 418 1349 447 cum
1405 406 1632 459 praesectis

139 491 335 549 praetorii
364 487 510 529 relicta
530 484 698 526 Lucium
718 481 926 524 Vitellium
958 482 1128 523 fratrem
1161 493 1253 522 cum
1285 492 1362 522 sex
1393 480 1635 522 cohortibus

138 571 178 607 et
196 561 428 618 quingentis
448 559 653 613 equitibus
676 557 887 612 ingruenti
905 568 982 610 per
1004 556 1271 610 Campaniam
1289 554 1400 597 bello
1423 554 1631 609 opposuit.

270 706 304 740 3.
331 689 525 750 praetoriis
551 700 628 736 Ma:
657 700 685 735 G
706 700 904 746 praetoriy.
957 698 999 734 L.
1023 697 1088 734 Ma.

136 861 212 884 rum
252 848 392 892 inqenio
428 851 557 880 tutam:
591 845 660 890 ipsi
699 843 850 892 (αὐτοί)

136 903 216 933 sunt
230 896 439 930 Tarracinae
467 895 577 936 cives,
603 892 732 938 quibus
753 904 851 927 moe-

136 948 199 980 nia
224 946 372 988 situsque
398 946 635 987 opponuntur.
663 942 776 976 Recte
799 942 852 975 sic

137 999 279 1028 veteres
307 994 532 1036 interpretes,
560 990 660 1024 nullo
678 1000 849 1024 successu

138 1053 232 1077 nova
255 1040 425 1075 moliente
446 1038 644 1081 Walthero,
671 1039 732 1083 qui
760 1039 852 1084 ipsos

138 1091 313 1125 lulianum
341 1094 375 1123 et
388 1088 631 1132 Apollinarem
656 1087 852 1132 copiasque

139 1139 209 1173 dici
237 1137 387 1172 affirmat
415 1142 450 1171 et
476 1136 632 1170 Tacitum
660 1135 852 1169 obscurum

119 1187 264 1225 „reddin
328 1185 473 1219 Scilicet
504 1184 678 1218 adduntur
716 1183 808 1218 haec
833 1194 853 1216 a

138 1235 277 1278 'l'acito,
311 1239 348 1267 ut
379 1233 524 1278 patefiat
560 1232 739 1277 quomodo
766 1231 853 1266 Fla-

137 1284 234 1318 viani
273 1282 494 1316 Tarracinam
541 1280 710 1325 oppidum
759 1280 853 1314 bene

139 1332 311 1365 munitum
338 1334 372 1364 et
399 1329 513 1363 adhuc
539 1330 575 1362 in
602 1328 761 1373 partibus
787 1329 853 1362 vi-

140 1380 230 1414 tellii
257 1381 333 1413 sine
348 1388 445 1411 mora
462 1388 641 1422 occupare
659 1379 854 1422 potuerint.

141 1428 193 1462 De
227 1428 297 1461 situ
322 1427 533 1460 Tarracinae
569 1427 627 1460 cui
654 1431 759 1460 vetus
786 1436 855 1459 no-

142 1487 222 1510 men
238 1477 363 1510 Anxur
380 1475 545 1509 Horatius
571 1474 680 1509 Serm.
708 1474 723 1508 1
749 1475 854 1510 526:

141 1525 334 1570 impositum
372 1524 470 1558 saxis
516 1523 586 1557 lale
626 1523 855 1557 candentibus

139 1574 277 1607 Anxur.

211 1622 297 1664 Cap.
325 1620 382 1656 58.
422 1626 526 1666 parte
554 1621 735 1666 copiarum
756 1620 855 1654 Nar-

139 1671 220 1703 niae
242 1690 284 1696 -—
307 1668 459 1702 relicta:
493 1669 691 1702 Mevaniam
718 1668 856 1702 duobus

139 1719 215 1752 fere
255 1719 378 1752 castris
415 1719 698 1761 septentrionem
732 1727 857 1751 versus

143 1771 177 1800 et
203 1767 348 1810 propius
375 1766 603 1810 Apenninum
630 1766 733 1799 sitam
764 1767 856 1799 omi-

141 1816 187 1848 sit
228 1820 262 1848 et
297 1815 459 1859 exercitu
496 1815 532 1847 in
577 1815 638 1848 via
682 1814 858 1848 Flaminia

142 1863 326 1897 meridiem
352 1873 478 1896 versus
498 1867 594 1896 moto
621 1863 855 1907 ipseRomam

141 1911 323 1955 profectus
351 1915 405 1945 est
433 1914 482 1956 (c.
511 1911 557 1945 56
584 1916 619 1945 et
645 1911 730 1956 59),
756 1915 857 1955 parte

145 1961 324 2004 copiarum
348 1959 502 1993 Narniae
527 1959 679 2003 relicta,
707 1963 746 1992 ut
771 1959 858 1993 Fla-

142 2009 257 2041 vianis
272 2009 499 2052 Apenninum
526 2008 760 2053 transgressis
780 2007 859 2040 adi-

143 2061 198 2089 tus
236 2056 279 2089 ad
308 2055 430 2090 urbem
470 2055 739 2097 obstrueretur,
778 2066 858 2088 cum

144 2106 272 2138 ceteris
300 2104 446 2138 Lucium
490 2103 677 2138 Vitellium
712 2104 858 2137 fratrem

144 2154 325 2198 ingruenti
369 2163 433 2196 per
475 2150 704 2197 Campaniam
759 2151 858 2185 bello

145 2202 324 2245 opposuit.

215 2250 339 2283 vocari
356 2249 464 2284 tribus
491 2248 606 2282 iubet.-
630 2247 744 2280 tribus
765 2251 860 2280 tem-

146 2297 289 2342 poribus
327 2298 518 2332 Caesarum
566 2297 679 2341 fuisse
716 2295 859 2340 <vil-issi-

146 2357 241 2391 mam
264 2345 546 2391 populi‘Romani
572 2350 709 2389 partem
729 2353 860 2377 excus-

146 2389 194 2427 si‘s'
227 2390 410 2427 doctrinae
446 2390 533 2427 suae
569 2392 747 2427 thesauris
775 2402 860 2435 pro-

148 2442 325 2475 nuntiavit
352 2441 611 2475 eruditissimus
629 2440 860 2475 Casaubonus

148 2489 191 2522 ad
219 2489 381 2523 Suetonii
406 2488 640 2523 Octavianum
676 2499 753 2532 cap.
780 2489 858 2531 101,

150 2547 298 2582 eamque
342 2538 547 2580 opinionem
588 2542 623 2570 et
674 2536 859 2570 Ernestius

147 2584 370 2630 Wolfiusque
409 2585 452 2618 ad
485 2585 647 2618 Suetonii
683 2585 858 2619 Neronem

149 2644 178 2666 c.
222 2632 270 2668 44
307 2639 616 2679 propagaverunt,
668 2638 703 2667 et
748 2644 862 2677 nuper

147 2680 279 2715 Theod.
292 2681 506 2715 Momsenius
524 2682 564 2715 dc
584 2682 747 2716 Tribubus
770 2681 861 2726 (dic

147 2728 269 2762 Tribus
310 2730 346 2763 in
386 2729 688 2764 administrativer
729 2730 860 2764 Bezie-

149 2776 270 2822 hung'.
300 2778 431 2812 Altona
457 2778 567 2823 1844)
607 2789 641 2823 p.
672 2779 859 2814 194-201

150 2829 293 2859 strenue
309 2827 493 2860 vindicare
520 2832 668 2861 conatus
698 2832 762 2861 est.
792 2827 862 2862 Sed

150 2874 271 2916 primis
305 2874 442 2909 duobus
482 2886 502 2908 a
539 2874 620 2909 Chr.
655 2876 788 2910 seculis
825 2875 861 2909 id

111 2949 114 2952 .
152 2930 255 2954 secus
287 2921 400 2957 fuisse
426 2922 565 2958 Tacitus
597 2929 633 2959 et
668 2924 740 2959 alia
766 2924 861 2958 anti-

112 2983 119 3010 ξ
153 2969 295 3012 quitatis
313 2971 517 3006 testimonia
542 2972 745 3008 ostendunt.
761 2968 862 3007 Ete-

923 845 996 878 nim
1022 846 1083 890 qui
1114 844 1182 879 hoc
1215 844 1297 879 loco
1325 846 1479 880 citantur
1506 845 1551 880 ad
1575 846 1642 880 de-

924 893 1056 927 lectum
1083 893 1294 936 militarem,
1336 894 1381 928 iis
1417 893 1525 939 paulo
1561 899 1643 940 post

925 941 1084 975 libertini
1117 946 1153 975 et
1185 953 1215 976 c.
1251 941 1300 977 80
1323 942 1446 988 vulqus
1469 942 1644 977 urbanum

924 995 1174 1034 opponuntur:
1192 989 1313 1035 vulqus
1329 994 1450 1025 autem
1469 991 1644 1026 urbanum

923 1037 983 1072 vel
1009 1038 1106 1084 plebs
1132 1038 1276 1072 sordida
1290 1039 1352 1084 (Η.
1380 1039 1395 1073 1
1420 1041 1462 1086 4)
1488 1038 1548 1074 vel
1574 1041 1643 1074 im-

921 1087 1038 1132 perita
1061 1086 1168 1132 plebs,
1197 1088 1305 1121 etiam
1329 1087 1454 1133 vulqus
1477 1087 1643 1123 absolute

925 1135 995 1179 (H.
1030 1134 1045 1168 1
1071 1136 1143 1179 50)
1189 1146 1252 1170 eos
1291 1137 1542 1182 complectitur
1583 1138 1643 1183 qui

923 1183 1103 1217 frumento
1120 1183 1265 1228 publico
1292 1185 1447 1227 aluntur,
1480 1184 1562 1234 dum
1582 1187 1643 1232 qui

923 1242 988 1265 suo
1016 1242 1100 1266 aere
1118 1233 1298 1267 sustinere
1323 1244 1363 1267 se
1385 1238 1546 1278 possunt,
1573 1244 1642 1269 ne-

913 1291 993 1327 *que
1009 1285 1125 1314 tamen
1142 1281 1256 1315 ordini
1280 1287 1416 1326 patrum
1435 1283 1643 1328 equitumve

924 1333 984 1362 aut
1029 1328 1277 1363 libertinorum
1317 1331 1458 1375 corpori
1498 1332 1644 1376 ascripti

924 1382 1019 1420 sunt,
1042 1377 1165 1423 populi
1186 1389 1274 1424 pars
1299 1379 1441 1424 integra
1456 1379 1518 1424 (H.
1545 1379 1560 1414 1
1585 1383 1642 1427 4),

924 1436 1035 1469 saepe
1058 1426 1207 1471 populus
1234 1427 1448 1472 simpliciter
1473 1438 1492 1461 a
1521 1427 1643 1462 Tacito

925 1478 1100 1507 vocantur
1136 1474 1198 1519 (H.
1223 1475 1237 1508 l
1263 1476 1310 1510 36
1353 1481 1388 1510 et
1415 1477 1464 1512 40
1501 1481 1537 1510 et
1561 1475 1642 1523 82).

1692 1328 1739 1364 ‘L

926 1521 1025 1556 Hanc
1061 1522 1304 1558 honestiorem
1339 1524 1464 1569 populi
1507 1520 1684 1570 pai-tems}

926 1570 1035 1604 tribus
1060 1570 1174 1605 fuisse
1204 1582 1277 1605 non
1296 1572 1400 1606 modo
1428 1572 1543 1607 verba.
1558 1572 1643 1608 huic

927 1621 1149 1653 annotationi
1209 1622 1414 1665 praeposita
1459 1621 1523 1655 sed
1580 1621 1644 1656 alii

928 1668 1032 1701 etiam
1060 1667 1130 1701 loci
1160 1668 1310 1703 Tacitini
1337 1681 1394 1704 me
1427 1669 1547 1704 iudice
1576 1669 1643 1704 de-

927 1720 1136 1750 monstrant.
1176 1717 1234 1751 Sic
1259 1717 1351 1752 Nero
1380 1730 1423 1752 ex
1450 1717 1645 1763 Campania

927 1764 1074 1798 Romam
1103 1775 1270 1800 reversus
1304 1767 1422 1801 obvias
1451 1766 1560 1801 tribus
1586 1766 1642 1810 (h.

929 1824 960 1846 e.
987 1813 1176 1847 lautiorem
1203 1816 1336 1848 civium
1359 1818 1531 1861 partem),
1555 1817 1644 1861 festo

929 1861 1022 1894 cultu
1055 1867 1214 1895 senatum
1260 1864 1401 1898 invenit
1435 1862 1537 1908 (XIV
1568 1864 1644 1910 13).

927 1908 1019 1942 Dum
1046 1909 1177 1956 vulgus
1203 1910 1265 1945 vel
1283 1911 1387 1956 plebs
1406 1912 1646 1946 communium

929 1967 1091 1991 curarum
1119 1968 1247 2002 expers
1272 1964 1415 1994 notatur
1435 1960 1495 2006 (H.
1524 1960 1537 1993 1
1563 1959 1644 2006 89),

928 2005 1037 2039 tribus
1068 2012 1192 2040 curant
1220 2008 1271 2040 rei
1301 2008 1469 2052 publicae
1495 2007 1646 2042 adversa

929 2057 990 2086 aut
1015 2054 1184 2088 secunda.
1212 2056 1303 2089 Hine
1329 2061 1469 2090 mortuo
1497 2055 1646 2090 Germa-

929 2102 1012 2135 nico
1036 2102 1185 2147 populus
1214 2115 1281 2149 per
1319 2105 1429 2138 tribus
1454 2104 1647 2138 concidisse

928 2160 1003 2183 rem
1026 2151 1227 2195 publicam,
1260 2152 1351 2186 nihil
1375 2153 1451 2199 spei
1475 2153 1647 2198 reliquum

930 2197 1160 2233 clamitabant
1207 2200 1281 2245 (ΙΙΙ
1306 2202 1371 2247 4).
1434 2200 1590 2235 Eaedem
1627 2211 1646 2235 a

929 2245 1040 2292 vulgo
1071 2247 1248 2282 discretae
1269 2254 1510 2284 memorantur
1534 2250 1572 2286 iu
1587 2254 1646 2284 tc-

930 2299 1106 2328 stamento
1132 2296 1300 2342 Augusti.
1336 2297 1370 2331 Is
1397 2299 1491 2332 enim
1519 2297 1648 2344 legavit

931 2343 1113 2386 (Suetonii
1142 2345 1254 2379 verba
1279 2346 1372 2391 Aug.
1407 2347 1493 2393 101)
1519 2345 1646 2392 populo

933 2393 1093 2426 Romano
1136 2394 1422 2439 quadrinyenties
1440 2420 1449 2438 ,
1493 2395 1648 2429 tribubus

931 2441 1048 2474 tricies
1076 2442 1257 2486 quinquies
1281 2443 1487 2476 sestertium.
1535 2442 1645 2485 Idem,

930 2499 1143 2533 quamquam
1171 2485 1503 2533 minus'distincte‚
1527 2495 1647 2524 narrat

929 2536 1070 2570 Tacitus
1095 2538 1110 2570 1
1133 2537 1182 2572 8:
1222 2538 1340 2583 leqata
1373 2549 1445 2572 non
1468 2538 1577 2572 ultra>
1592 2539 1645 2572 ci-

929 2584 1032 2619 vilem
1057 2585 1213 2628 modum,
1251 2587 1322 2620 nisi
1345 2587 1434 2631 quod
1456 2586 1585 2633 populo
1615 2592 1648 2621 et

926 2633 1022 2680 plebi
1059 2634 1346 2680 quadrinyenties
1381 2636 1501 2668 tricies
1541 2636 1646 2680 quin-

931 2683 1026 2726 quies
1053 2703 1098 2709 -
1128 2682 1232 2717 dedit.
1277 2684 1337 2716 His
1364 2684 1399 2716 in
1425 2683 1516 2718 locis
1546 2684 1646 2718 cives

931 2730 1027 2764 urbis
1054 2730 1209 2772 Romae,
1252 2732 1376 2766 ordine
1403 2733 1584 2766 senatorio
1611 2737 1647 2766 et

932 2779 1088 2824 equestri
1128 2785 1305 2824 excepto,
1356 2781 1483 2824 partim
1519 2780 1646 2826 populo

930 2828 1056 2871 partim
1081 2826 1178 2872 plebe
1202 2829 1262 2862 vel
1289 2829 1444 2863 tribubus
1469 2830 1646 2862 contineri

930 2875 1105 2909 videmus.
1134 2876 1272 2921 Populo
1298 2876 1442 2922 grandis
1469 2877 1647 2921 pecuniae

932 2924 1014 2966 vis,
1049 2923 1211 2959 tribubus
1250 2927 1383 2971 exigua
1423 2925 1545 2971 legata
1579 2930 1645 2960 est.

933 2972 1003 3009 Sed
1028 2982 1107 3007 cum
1133 2984 1263 3019 magna
1289 2973 1423 3008 civium
1449 2973 1546 3008 urbis
1570 2973 1646 3009 Ro-

1676 1561 1768 1618 ist<

1676 1605 1731 1722 ι’
