1768 3216
746 191 1105 243 msromanvnsfff·
1427 202 1460 227 a.
1486 198 1526 228 u.
1550 184 1635 228 822.

167 224 214 258 18

163 335 443 391 qualicumque
494 327 674 384 principe
724 327 818 378 post
864 320 1185 375 experimentum
1237 310 1394 357 domini
1447 308 1636 394 minoris.

161 412 276 453 Duae
313 403 596 454 Mauritaniae,
644 398 809 450 Raetia,
854 396 1071 446 Noricum,
1109 391 1283 434 Thracia
1322 393 1363 432 et
1392 397 1500 443 quae
1530 386 1639 470 aliae

161 480 489 540 procuratoribus
521 476 777 526 cohibentur,
807 476 851 513 ut
882 471 1029 524 cuique
1060 466 1260 511 exercitui
1290 464 1477 516 vicinae,
1510 461 1565 504 ita
1596 471 1640 502 m

162 561 342 603 favorem
374 559 440 598 aut
469 552 607 595 odium
639 552 829 592 contactu
853 546 1123 603 valenti-orum
1155 542 1396 597 agebantur.
1455 538 1640 580 lnermes

4 614 48 678 ἦ»
79 587 397 689 pl'g‘gl'provinciae
444 633 565 682 atque
608 626 697 680 ipsa
742 623 783 664 in
820 621 962 676 primis
1002 619 1139 671 Italia,
1185 617 1427 670 cuicumque
1467 610 1640 655 servitio

0 676 61 708 w,
161 707 372 762 exposita,
416 705 459 745 in
499 701 671 757 pretium
716 698 812 740 belli
859 708 1053 738 cessurae
1091 697 1220 736 erant.
1280 691 1357 732 llic
1397 689 1473 732 fuit
1501 697 1640 730 rerum

160 783 432 825 Romanarum
470 781 625 828 status,
671 787 760 816 cum
799 772 965 815 Servius
1011 770 1135 811 Galba
1177 769 1322 810 iterum
1352 765 1464 806 Titus
1495 761 1641 804 Vinius

165 853 357 898 consules
387 851 638 894 inchoavere
669 860 815 891 annum
846 846 925 889 sibi
954 845 1158 897 ultimum,
1199 842 1260 885 rei
1289 840 1481 895 publicae
1510 848 1642 893 prope

353 941 405 969 m.

164 940 445 1044 Suprfflssgums
474 1003 567 1054 post
597 997 793 1040 kalendas
824 995 1034 1037 lanuarias
1066 994 1209 1035 diebus
1238 991 1401 1045 Pompei
1422 987 1643 1044 Propinqui
1657 989 1712 1029 ¹2

165 1076 444 1133 procuratoris
479 1087 502 1116 e
531 1072 698 1127 Belgica
728 1072 888 1113 litterae
919 1069 1178 1120 adferuntur,
1211 1066 1438 1121 superioris
1469 1065 1645 1107 Germa-

167 1154 261 1194 niae
290 1151 478 1206 legiones
507 1152 624 1202 rupta
655 1145 900 1189 sacramenti
930 1144 1160 1187 reverentia
1202 1143 1489 1196 imperatorem
1522 1140 1644 1182 alium

166 1227 375 1281 flagitare,
428 1228 468 1266 et
516 1222 676 1265 senatui
713 1235 761 1263 ac
799 1220 948 1275 populo
986 1220 1170 1261 Romano
1210 1218 1420 1260 arbitrium
1461 1215 1644 1271 eligendi

166 1299 413 1354 permittere,
446 1309 525 1351 quo
556 1296 705 1339 seditio
736 1295 897 1336 mollius
929 1293 1198 1347 acciperetur.
1249 1291 1467 1334 Maturavit
1497 1303 1545 1333 ea
1576 1298 1645 1332 res

115 1391 155 1421 1⁵
171 1373 384 1418 consilium
427 1372 580 1414 Galbae
620 1370 700 1412 iam
745 1369 902 1423 pridem
944 1369 994 1410 de
1037 1367 1258 1422 adoptione
1296 1379 1436 1410 secum
1479 1370 1519 1408 et
1558 1377 1648 1407 cum

114 1024 155 1054 10

263 1512 297 1545 2.
325 1509 418 1544 retia
434 1507 498 1543 Ma.
548 1510 582 1542 4.
608 1507 764 1552 faborem
791 1504 854 1540 Ma.
906 1506 939 1541 5.
963 1504 1167 1551 provinciae
1192 1502 1257 1546 ltlfl,
1283 1514 1354 1538 non
1386 1502 1535 1537 Victorii
1559 1514 1647 1549 pro-

167 1558 311 1592 vintiae.
410 1557 443 1592 6.
471 1557 626 1602 exposita
654 1554 747 1598 Gaia,
775 1556 948 1600 expositae
975 1554 1015 1588 R.
1098 1554 1210 1600 filium
1237 1552 1301 1587 Ma.
1401 1563 1542 1586 cessura
1568 1550 1646 1586 ΝΜ

167 1610 362 1640 correctum
387 1606 424 1639 in
450 1604 478 1639 G
506 1609 541 1638 et
575 1603 847 1638 Oxoniensibus.
925 1603 958 1637 9.
986 1602 1147 1649 supinum
1173 1600 1237 1636 Ma.
1307 1602 1362 1636 10.
1390 1600 1449 1635 Κὶ.
1481 1611 1559 1635 cum
1582 1600 1646 1636 lin.

164 1657 364 1688 transversa
391 1654 427 1686 in
452 1653 523 1688 litt.
549 1652 562 1686 l
587 1651 652 1687 Mfl.
725 1653 862 1698 pompei
888 1650 981 1685 Gilia.
1070 1653 1123 1686 13.
1157 1650 1304 1685 arbitrio
1331 1660 1506 1694 superscr.
1533 1651 1557 1685 vi
1583 1649 1647 1684 lit-

163 1706 259 1737 terae
285 1713 303 1736 ο
334 1699 399 1736 Ma.

166 1838 255 1871 rium
282 1838 450 1871 affectans
468 1847 596 1872 nomen
617 1838 762 1883 leyionis
781 1848 869 1871 con-

170 1890 347 1929 cesserat,
380 1890 418 1919 ut
451 1886 574 1931 colligi
618 1886 700 1920 inde
736 1891 866 1930 potest,

170 1933 262 1979 quod
290 1935 325 1967 in
359 1936 508 1967 nummis
537 1933 652 1968 Clodii
685 1935 791 1968 Macri
825 1935 867 1968 al)

170 1981 367 2015 Akermano
403 1982 506 2016 editis
534 1982 768 2028 (Descriptive
796 1983 869 2016 Ca-

171 2029 306 2074 taloyue
332 2032 372 2075 of
398 2041 482 2064 rare
508 2030 579 2063 and
602 2031 764 2065 uneditetl
793 2032 867 2065 Ro-

169 2088 251 2110 man
274 2079 387 2112 Coins.
427 2077 571 2112 London
602 2079 703 2114 1834.
732 2079 762 2113 ll
783 2079 867 2113 voll.

940 1838 1115 1871 sublatum
1137 1839 1286 1882 imperio
1302 1839 1458 1872 Romano
1478 1838 1645 1883 subiecti,

940 1896 1021 1919 mox
1048 1897 1067 1920 a
1088 1886 1236 1919 Claudio
1266 1887 1300 1919 in
1328 1887 1413 1920 duas
1441 1888 1645 1931 provincias

943 1934 1047 1968 divisi
1094 1939 1127 1968 et
1174 1935 1310 1968 duobus
1354 1936 1642 1979 procuratoribus

938 1983 1055 2016 traditi
1098 1988 1189 2017 sunt.
1241 1983 1374 2017 Plinius
1405 1985 1433 2018 V
1465 1987 1504 2018 ¹:
1540 1986 1645 2031 prin-

938 2032 1026 2076 cipio
1053 2037 1230 2065 terrarum
1254 2032 1497 2067 Mauritaniae
1521 2034 1646 2080 appel·

939 2079 1070 2122 lcmlur,
1098 2092 1201 2125 usque
1224 2081 1269 2114 ml
1296 2082 1419 2115 Gaium
1456 2082 1646 2118 Caesarem

170 2125 212 2171 8)
246 2135 279 2169 p.
323 2126 387 2161 167
421 2137 473 2172 sq.
512 2131 564 2160 ter
603 2127 699 2172 legio
733 2127 747 2161 1
786 2129 867 2161 Ma-

173 2173 300 2206 criana
325 2174 545 2217 Liberali-ix,
581 2177 767 2220 quinquies
807 2177 870 2210 Li-

172 2221 328 2255 beratrix
352 2223 508 2267 Auyusea
537 2223 642 2268 Legio
670 2224 730 2257 111
754 2226 869 2258 nomi-

171 2274 293 2312 natur,
327 2270 407 2304 inde
435 2276 550 2305 tamen
584 2272 671 2305 nihil
705 2273 869 2316 praesidii

171 2317 392 2351 vindicandis
427 2319 480 2352 his
515 2319 623 2354 Taciti
658 2321 775 2354 verbis
812 2324 870 2367 (ac

172 2365 321 2409 leyiones
360 2366 397 2398 in
431 2370 487 2412 ea)
519 2369 589 2411 peti
629 2374 757 2412 potest.
806 2370 870 2404 Ni-

171 2413 294 2445 mirum
345 2414 499 2449 cohortes
544 2415 623 2450 illas
674 2429 694 2451 a
747 2417 868 2452 Clodio

173 2461 341 2504 scriptas,
367 2463 443 2496 sive
468 2465 578 2497 mavis
605 2475 682 2498 cum
710 2466 786 2509 ipso
817 2467 869 2500 le-

173 2509 309 2553 gionem
335 2511 527 2554 nominare,
544 2511 650 2546 Galba
679 2513 869 2558 dimiserat,

171 2560 210 2589 ut
235 2556 490 2593 tradit'l'acitus
506 2560 546 2593 H.
576 2560 606 2594 ll
635 2561 691 2604 97,
721 2567 754 2595 et
779 2574 871 2598 nunc

171 2609 284 2637 status
300 2607 558 2648 provinciarum
585 2609 795 2644 describitur
812 2614 870 2656 qui

171 2652 236 2685 suit
248 2651 356 2687 Galba
383 2656 529 2689 etVinio
558 2658 773 2702 consulibus,
792 2671 868 2694 cum

168 2701 203 2732 in
219 2700 341 2734 Africa
369 2712 437 2736 una
464 2703 560 2749 legio
588 2705 656 2739 fuit
684 2711 718 2740 et
745 2710 869 2752 copiae

170 2753 266 2782 extra
302 2749 459 2785 ordinem
496 2757 577 2787 ante
610 2754 771 2790 delectae
801 2758 867 2791 iam

169 2795 330 2830 dimissae
358 2805 466 2834 erant.

241 2845 327 2878 duae
347 2846 607 2883 Mauritaniae:
628 2849 869 2887 Caesariensis

174 2895 209 2924 et
258 2891 452 2937 Tingitana.
502 2898 610 2932 Mauri
663 2902 756 2934 enim
791 2907 870 2946 post

98 2956 101 2958 -
168 2948 291 2986 regem
309 2939 544 2980 Ptolemaeum
570 2958 589 2982 a
607 2946 692 2983 Gaio
717 2949 869 2986 Caesare

941 2128 1142 2162 Germanici
1177 2128 1286 2172 filium
1324 2141 1453 2175 reyna,
1495 2133 1644 2166 saevitia

938 2178 1010 2210 eius
1051 2178 1088 2210 in
1137 2178 1223 2211 duas
1264 2178 1393 2212 ‹Iit-isac
1427 2181 1644 2225 prouincias.

937 2225 1116 2259 Postrema
1149 2227 1183 2259 in
1220 2228 1325 2261 nimia
1363 2228 1538 2264 brevitate
1573 2239 1645 2264 no-

938 2275 1021 2307 satis
1065 2280 1230 2309 accurate
1264 2276 1394 2320 scripta
1428 2282 1522 2312 sunt.
1576 2278 1646 2313 Dio

937 2323 971 2355 in
999 2324 1086 2356 actis
1114 2325 1194 2357 anni
1221 2326 1268 2359 42
1294 2335 1313 2359 a
1341 2325 1424 2361 Chr.
1455 2324 1515 2360 Lx
1539 2325 1583 2362 9:
1624 2329 1644 2364 ὁ

935 2372 1127 2412 Κλαύδιος
1181 2373 1265 2419 διχῆ
1318 2371 1407 2415 τοὺς
1455 2372 1647 2423 Μαύρους

939 2419 1126 2463 ὑπηκόους
1152 2422 1319 2469 ἔνειμεν,
1349 2424 1388 2463 ἔς
1413 2435 1451 2459 τε
1480 2421 1524 2460 τά
1557 2429 1645 2474 περὶ

941 2472 1078 2518 Τέγγι-ιι
1093 2472 1154 2504 καὶ
1167 2471 1204 2510 ἐς
1219 2466 1262 2504 πὶ
1280 2475 1367 2518 περὶ
1384 2473 1647 2520 Καισάρειαν,

940 2517 1007 2564 ἀφ’
1035 2519 1161 2562 ὧνπερ
1188 2522 1251 2554 καὶ
1281 2517 1559 2569 ὀνομάζονται,
1580 2525 1644 2559 καὶ

938 2566 1005 2600 δύο
1020 2565 1206 2613 ἄρχουσιν
1221 2569 1403 2606 ἱππεῦσιν
1417 2574 1642 2619 προσέιαξε.

938 2613 1040 2647 Coni'.
1068 2620 1187 2649 annot.
1216 2615 1259 2650 ad
1286 2617 1335 2651 lv
1363 2619 1398 2656 5.

1000 2662 1084 2707 Cap.
1100 2666 1154 2699 12.
1182 2664 1322 2711 Pompei
1343 2666 1534 2713 Propinqui
1557 2679 1647 2714 prv-

937 2713 1129 2746 curatoris:
1154 2724 1210 2747 res
1226 2714 1390 2749 Caesaris
1405 2716 1497 2760 apud
1511 2714 1646 2763 Belgas

936 2759 1200 2795 administrabat
1225 2768 1261 2797 et
1285 2764 1391 2798 simul
1417 2766 1590 2799 minorem
1611 2770 1646 2800 et

936 2807 1101 2843 inermem
1133 2813 1349 2854 provinciam
1382 2812 1531 2847 Galliam
1556 2814 1646 2848 Bel-

937 2857 1052 2900 gicam
1079 2859 1288 2904 cohibebat3
1316 2860 1364 2895 cf.
1378 2861 1421 2895 ad
1438 2861 1453 2895 l
1470 2861 1530 2897 80.
1558 2862 1645 2897 Gal-

936 2904 1001 2939 bae
1018 2907 1174 2950 partibus
1193 2909 1281 2944 fidus
1303 2920 1324 2943 a
1341 2909 1546 2946 Vitellianis
1562 2921 1645 2946 mox

936 2955 1130 2989 occiditur:
1160 2957 1202 2992 H.
1230 2958 1245 2993 l
1272 2957 1330 2994 58.
