1768 3216
619 223 757 259 LIBER
784 222 845 259 1v.
897 223 983 259 CAr.
1009 224 1171 260 40-42.

116 237 139 263 a
160 224 204 262 G.
232 226 292 262 70.
1547 224 1619 260 323

113 347 276 404 patoes,
308 342 536 409 periurium
567 342 810 407 arguebant.
872 342 1014 395 anue
1043 341 1155 384 velut
1187 353 1364 383 censura
1395 341 1437 382 in
1470 341 1620 384 Sario-

46 1248 102 1288 42

113 419 252 463 lenum
295 418 496 461 Voculam
532 410 584 460 ‘et
628 417 805 460 Nonium
857 416 1067 458 Attianum
1111 421 1150 459 et
1197 417 1378 459 Cestium
1420 416 1618 460 Severum

115 495 319 537 acerrime
349 494 548 546 incubuit,
583 493 743 535 crebris
766 492 870 546 apud
887 492 1095 534 Neronem
1121 491 1397 534 delationibus
1421 491 1618 534 famosos.

115 569 375 613 Sariolenum
411 573 452 611 et
480 580 631 611 recens
664 568 822 609 crimen
853 567 1053 622 urgebat,
1104 567 1214 621 quod
1259 568 1365 621 apud
1411 567 1618 610 Vitellium

115 644 281 686 molitus
313 643 460 686 eadem
502 643 624 685 soret.
683 642 772 684 Nec
826 641 981 684 destitit
1017 645 1188 683 senatus
1237 654 1382 683 manus
1414 642 1651 684 intentares.

115 718 327 771 Voculae,
379 717 514 760 donec
557 717 671 759 curia
719 716 958 759 excederet.
1027 715 1091 757 Ad
1136 715 1327 757 Paccium
1374 717 1618 758 Africanum

114 793 369 848 transgressi
400 802 492 834 eum
524 804 689 846 quoque
722 791 979 846 proturbant,
1012 794 1217 844 tamquam
1253 790 1412 832 Neroni
1443 791 1620 833 Scribo-

115 867 208 909 nios
240 867 390 908 fratres
422 867 652 908 concordia
684 866 914 920 opibusque
954 865 1143 919 insignes
1186 864 1235 907 ad
1278 865 1448 906 exitium
1494 878 1619 906 mon-

114 942 343 984 stravisset.
403 941 629 983 Africanus
677 953 812 994 neque
863 940 985 982 fateri
1026 939 1207 982 audebat
1249 951 1384 994 neque
1434 939 1619 980 abnuere

112 1020 301 1071 poterat:
333 1016 375 1057 in
406 1016 568 1057 Vibium
601 1015 804 1069 Crispum,
835 1015 952 1056 cuius
985 1015 1386 1070 interrogationibus
1410 1014 1672 1069 satigaha-io

113 1095 192 1144 tur,
222 1090 331 1132 ultro
363 1102 617 1143 conversus,
654 1090 870 1147 miSssQdO
901 1102 1006 1143 quae
1035 1089 1265 1132 defendere
1296 1089 1508 1143 nequibat,
1543 1073 1768 1141 sos-2221&-

119 1166 271 1208 cictate
301 1165 446 1220 culpae
477 1165 676 1207 invidiam
707 1165 946 1206 declinavit.

249 1238 440 1296 Magnam
472 1253 522 1282 eo
558 1240 625 1282 die
655 1240 818 1294 pietatis
851 1239 1196 1293 eloquentiaeque
1228 1238 1378 1280 samam
1397 1238 1618 1292 Vipstanus

114 1315 292 1359 Messala
337 1315 510 1370 adeptus
557 1320 642 1368 est,
682 1315 865 1357 nondum
911 1315 1124 1356 senatoria
1173 1317 1333 1366 aetate,
1376 1326 1500 1355 ausus
1541 1325 1617 1367 pro

115 1390 245 1435 fratre
261 1390 429 1445 Aquilio
450 1390 611 1446 Regulo
642 1390 874 1444 deprecari.
919 1389 1119 1444 Regulum
1150 1387 1352 1430 subversa
1370 1389 1677 1455 Crassorumii
1699 1444 1703 1445 ⁷
1744 1422 1768 1446 a

114 1470 158 1508 et
184 1465 302 1510 Orfiti
333 1466 478 1508 domus
501 1466 542 1507 in
572 1478 773 1508 summum
805 1466 944 1507 odium
971 1465 1186 1507 extulerat.
1249 1465 1404 1517 Sponte
1435 1476 1617 1505 accusa-

114 1540 270 1583 tionem
297 1540 460 1583 subisse
491 1541 653 1583 iuvenis
688 1540 933 1593 admodum,
965 1553 1042 1583 nec
1076 1541 1312 1595 depellendi
1338 1539 1513 1595 periculi
1541 1539 1616 1581 sed

848 1665 926 1700 illa:
953 1666 1115 1700 accianus
1143 1666 1182 1701 G.
1260 1666 1293 1700 5.
1327 1666 1426 1699 destit
1452 1662 1526 1698 Ma:
1554 1664 1617 1697 ‹lc-

1035 1715 1069 1749 6.
1105 1715 1270 1749 Paccium
1295 1713 1371 1748 Ma:
1395 1714 1553 1759 pactium
1578 1712 1617 1746 G.

1434 1762 1620 1807 Vipstanus

251 1667 285 1703 2.
312 1666 493 1701 Attianum
517 1670 606 1713 (non
633 1667 820 1712 tatianum)

115 1716 200 1752 stitit
225 1714 265 1750 G.
364 1716 556 1750 intentaret
586 1714 662 1749 M'd:
691 1714 717 1748 G
745 1716 933 1749 intentare.

114 1765 149 1801 9.
189 1764 365 1799 arad-ebant
392 1763 464 1798 Ma:
513 1764 664 1798 audehat
692 1763 730 1797 G.
862 1764 917 1798 13.
956 1763 1215 1808 eloquenticque
1242 1762 1308 1798 Ma.

115 1813 293 1858 Ryckius:
321 1811 373 1847 Ma
396 1814 573 1859 ieiptanus,
598 1812 625 1846 G
659 1811 842 1857 Vipsanas.
948 1814 1003 1847 14.
1047 1811 1217 1846 Messalla
1242 1812 1308 1855 illa,
1339 1821 1420 1844 mox
1449 1811 1617 1844 Messala.

121 1863 175 1897 15.
203 1862 336 1908 ‹lfa-ari
362 1860 427 1896 Ma.
545 1867 741 1898 castrorum
766 1859 831 1904 Ma,
859 1860 921 1895 sed
949 1862 984 1893 in
1011 1871 1081 1906 mg.
1111 1861 1154 1895 ab
1182 1860 1305 1895 cadem
1333 1871 1440 1894 manu
1468 1860 1619 1893 Crasso-

114 1938 203 1960 rum.
272 1927 326 1962 16.
354 1933 474 1973 sponte
498 1927 634 1962 editor:
661 1925 713 1961 Ma
739 1932 859 1973 sponte
888 1938 931 1960 eat
951 1915 1025 1961 -S—C.
1105 1927 1282 1960 accusatio
1313 1924 1384 1959 Ma:
1413 1925 1616 1959 accusatio-

114 1987 194 2010 nem
221 1974 260 2010 G.

115 2091 197 2121 ante
222 2086 316 2132 quod
342 2085 501 2121 Annales
529 2086 720 2130 deliciunt,
761 2096 828 2120 co-

115 2135 194 2169 dem
224 2141 385 2180 tempore
410 2145 480 2181 quo
509 2135 678 2177 Corbulo,
706 2146 830 2169 arces-

115 2185 174 2219 siti
211 2184 247 2217 in
282 2184 465 2218 Graeciam
506 2185 594 2218 mori
634 2185 721 2217 iussi
749 2188 832 2217 sunt

115 2232 295 2266 Scribonii
318 2234 431 2277 Rufus
457 2239 488 2266 et
506 2232 684 2266 Proculus.
733 2232 830 2279 chc

117 2281 270 2316 Dionem
298 2281 392 2326 apud
418 2281 551 2326 Xiphil.
582 2280 687 2315 LXlll
717 2282 770 2316 17.

188 2347 275 2390 Cap.
291 2348 349 2382 42.
378 2347 530 2380 nondum
557 2347 738 2380 senatoria
765 2357 829 2380 ae-

116 2401 207 2430 tate:
237 2395 271 2429 h.
301 2405 333 2428 e.
360 2395 516 2428 nondum
558 2395 600 2429 ad
628 2405 758 2428 atinum
785 2395 830 2430 25

115 2444 243 2478 aetatis
273 2449 487 2488 provectus:
512 2444 579 2477 Dio
599 2443 656 2477 Lll
682 2445 740 2486 22,
770 2443 829 2476 ubi

115 2494 397 2540 καταλέγεσθαι
439 2492 480 2527 δὲ
511 2487 582 2539 χρὴ
631 2514 672 2520 -
719 2497 756 2531 (ς
788 2487 829 2528 τὸ

116 2541 319 2586 συνέδριον
330 2545 721 2577 πεντεκαιεικοσιέιεις
734 2541 810 2574 Mae
821 2562 830 2568 -

115 2601 222 2625 cenas
249 2599 366 2623 coram
383 2589 580 2624 Octaviano
607 2590 826 2634 pronuntiat.

116 2638 171 2674 ef.
200 2638 377 2672 Prooeinii
405 2639 516 2672 nostri
544 2650 574 2672 c.
603 2641 636 2674 2.
681 2637 831 2672 Messala

115 2688 258 2731 saepius
304 2687 414 2733 legati
458 2689 627 2731 praetorii
667 2687 748 2720 vice
795 2687 828 2719 in

115 2736 212 2770 hello
243 2737 405 2780 proximo
434 2736 578 2770 functus
595 2740 693 2770 erat:
722 2735 762 2768 Η.
781 2734 829 2768 111

121 2786 162 2819 11
191 2789 226 2819 et
256 2784 310 2819 18.

187 2832 328 2876 Aquilio
356 2832 511 2876 Reyulo:
542 2831 637 2866 hunc
663 2831 728 2865 sub
755 2830 830 2864 Nc-

116 2888 205 2911 rone
234 2884 270 2912 et
283 2879 487 2912 Domitiano
515 2879 756 2919 delationibus
772 2879 828 2912 fa-

120 2933 255 2956 mosum
283 2926 398 2967 pingit
424 2925 561 2957 Plinius
585 2926 735 2968 Epistol.
764 2926 826 2967 15,

119 2969 150 3003 11
176 2970 234 3012 20,
261 2969 310 3003 lv
337 2971 360 3004 2
388 2974 424 3012 et
448 2971 481 3012 7,
510 2970 557 3003 v1
582 2973 615 3007 2.
657 2972 827 3007 inclaruit

901 2086 965 2121 sub
994 2085 1098 2120 linem
1114 2085 1265 2120 Neronis
1291 2085 1437 2119 subiens
1464 2095 1616 2119 accusa..

901 2136 1033 2175 tipnem
1062 2134 1234 2168 adversus
1263 2133 1446 2177 Crassum,
1477 2133 1615 2168 Pisonis

901 2195 919 2217 a
948 2184 1058 2218 Galba
1083 2182 1242 2228 adoptati
1269 2183 1432 2225 fratrem,
1463 2187 1501 2217 et,
1525 2182 1616 2216 Cor-

902 2232 1035 2266 nelium
1053 2232 1201 2266 Orfitum
1218 2231 1442 2266 consularem
1461 2231 1614 2276 (X1141‚

902 2281 976 2315 XVl
1010 2283 1084 2322 12).
1124 2279 1243 2314 (31:11.
1274 2280 1285 2312 l
1318 2283 1361 2314 14
1387 2290 1466 2312 cum
1493 2284 1614 2312 annot.

903 2335 937 2363 et
963 2329 1022 2363 48.
1051 2330 1147 2362 llaec
1176 2329 1211 2361 iu
1240 2333 1398 2361 extrema
1423 2327 1616 2361 Annalium

901 2382 1001 2422 parte
1029 2377 1171 2411 Tacitus
1200 2381 1372 2411 executus
1401 2380 1487 2410 erat.
1515 2375 1615 2409 Adde

901 2430 1022 2460 annot.
1051 2426 1095 2460 ad
1123 2424 1163 2460 Ο.
1195 2426 1251 2460 15.

981 2497 1101 2537 sponte
1143 2493 1204 2538 [ex
1229 2479 1318 2535 δῖ]
1355 2487 1637 2523 accusationem

898 2540 1052 2573 subisse:
1099 2539 1275 2573 emblema
1312 2550 1355 2571 ea:
1382 2543 1617 2571 senatuscon-

901 2588 989 2622 sulto
1018 2588 1173 2634 glossam
1204 2599 1283 2622 esse
1306 2586 1493 2620 admodum
1521 2586 1617 2618 anti-

902 2648 1005 2682 quam
1046 2638 1223 2671 existimo.
1303 2635 1354 2668 Ea
1390 2635 1483 2668 enim
1523 2632 1617 2665 haud

901 2685 1009 2719 dubie
1044 2697 1088 2719 ex
1130 2686 1207 2728 ipsa
1241 2684 1351 2717 'faciti
1391 2682 1614 2722 narratione,

901 2745 991 2778 quac
1019 2734 1087 2767 suit
1124 2734 1159 2766 in
1188 2731 1380 2766 Annalium
1419 2733 1519 2772 parte
1546 2737 1616 2760 no-

900 2781 954 2815 bis
982 2781 1185 2824 deperdita,
1229 2778 1406 2823 provenit.
1457 2776 1508 2809 Ibi
1537 2786 1616 2809 cum

899 2829 1049 2862 relatum
1078 2832 1185 2868 esset,
1213 2825 1479 2859 accusationem
1499 2822 1618 2858 Crassi

902 2882 937 2910 ct
963 2875 1061 2909 Orfiti
1090 2875 1227 2908 volenti
1257 2872 1397 2918 Regulo
1437 2883 1457 2905 a
1490 2876 1618 2906 senatu

901 2933 1108 2957 concessam
1159 2932 1238 2955 esse
1260 2947 1269 2964 ,
1329 2930 1478 2964 pronum
1538 2924 1616 2954 erat

897 2971 1077 3006 ascribere
1121 2968 1310 3015 supplendi
1351 2974 1386 3003 ct
1413 2967 1617 3014 corrigendi

1663 1455 1711 1482 ex
1730 1455 1759 1475 ι)

1644 1499 1706 1552 23³(
1726 1506 1768 1558 le.

1678 1604 1689 1614 ὁ,
1700 1589 1710 1608 ’ἶ
1719 1591 1768 1610 -RL
