1768 3216
737 220 977 256 Hts'romAR
983 219 1045 253 VM
1429 227 1462 251 a.
1488 225 1524 251 u.
1551 215 1636 253 822.

153 233 223 268 144

155 361 246 390 nem
278 347 403 388 fuisse
434 348 500 385 aut
530 340 846 382 oblivisceretur
873 349 1053 390 unquam
1074 338 1142 376 aut
1172 333 1343 374 nimium
1367 328 1637 376 meminisset.

153 424 248 464 Post
287 432 389 474 quae
433 416 597 458 dimotis
639 413 826 454 omnibus
869 412 1031 465 paulum
1067 409 1285 463 requievit.
1345 404 1484 462 Atque
1524 408 1711 452 inum49

153 505 359 548 supremas
391 491 470 532 iam
502 501 622 530 curas
654 488 789 528 animo
821 485 1073 526 volutantem
1100 475 1256 537 repens
1287 481 1482 524 tumultus
1514 494 1642 524 aver-
1703 499 1708 506 ’

153 570 210 619 tit,
242 566 421 607 nuntiata
453 562 788 604 consteinatione
821 572 869 602 ac
900 558 1069 601 licentia
1101 557 1286 599 militum.
1328 557 1514 610 Namque
1535 555 1642 598 abe-

120 642 310 683 suntibus
353 639 518 680 exitium
556 620 870 686 minitabantur,
919 633 1182 691 atrocissima
1226 632 1267 673 in
1307 631 1553 687 Verginium
1582 630 1639 684 vi,

151 728 268 770 quem
307 714 446 755 clausa
477 712 598 754 domo
632 710 890 752 obsidebant.
945 682 1168 761 {ncrepffis
1200 706 1421 748 seditionis
1454 704 1644 748 auctori-

152 790 226 831 bus
258 799 476 843 regressus
506 786 670 828 vaeavit
700 784 936 826 abeuntium
969 782 1192 836 adloquiis,
1226 781 1363 823 donec
1395 791 1541 823 omnes
1573 780 1644 821 in-

149 864 290 906 violati
322 862 651 917 digrederentur.
703 861 1035 913 Vesperascente
1067 858 1135 899 die
1165 857 1274 899 sitim
1305 857 1457 899 haustu
1475 849 1643 911 gelidae

153 950 281 991 aquae
312 937 484 980 sedavit.
544 936 642 977 Tum
674 935 818 977 adlatis
849 933 1127 988 pugionibus,
1169 944 1262 974 cum
1292 936 1511 985 utrumque
1539 942 1644 985 per-

103 1016 407 1066 intemptasset,
449 1010 619 1052 alterum
651 1009 774 1063 capiti
805 1008 1000 1050 subdidit.
1061 1008 1113 1049 Et
1159 1007 1375 1061 explorato
1417 1006 1498 1048 iam
1537 1017 1644 1060 pro·-

0 1108 37 1137 ες»,
79 1126 83 1136 ,
153 1088 284 1129 sectos
316 1087 494 1138 amicos,
526 1089 686 1126 noctem
719 1085 921 1138 quietam,
953 1087 1078 1137 utque
1109 1081 1370 1135 adfirmatur,
1401 1093 1486 1123 non
1519 1080 1643 1122 inso-

0 1152 44 1213 ΑΞ·
153 1175 286 1204 mnem
329 1162 424 1216 egit
483 1161 591 1202 luce
633 1160 762 1214 prima
814 1160 855 1200 in
897 1146 1269 1212 ferrumfflectore
1317 1156 1516 1199 incubuit.
1575 1155 1643 1198 Ad

151 1237 342 1290 gemitum
374 1236 585 1277 morientis
617 1235 798 1289 ingressi
829 1234 967 1275 liberti
999 1233 1195 1287 servique
1227 1236 1268 1274 et
1297 1232 1452 1274 Plotius
1483 1231 1645 1273 Firmus

150 1310 342 1363 praetorii
373 1309 604 1363 praefectus
634 1321 758 1349 unum
789 1308 935 1350 vulnus
964 1308 1179 1349 invenere.
1219 1306 1356 1348 Funus
1380 1309 1643 1348 maturatum.

103 1384 389 1426 ¹⁵Amb1tios1s
420 1384 460 1424 id
490 1384 683 1437 precibus
721 1384 919 1437 petierat,
961 1395 1013 1424 ne
1043 1386 1325 1436 amputaretur
1366 1385 1488 1435 caput
1532 1379 1646 1422 ludi-

152 1439 241 1500 brio
273 1459 461 1504 futurum

291 1604 320 1636 1.
347 1613 505 1646 umquam
531 1601 596 1636 Ma.

153 1660 230 1684 corr
257 1650 293 1684 G.
392 1653 426 1685 4.
457 1662 594 1695 nanque
621 1649 686 1684 Ma.
786 1651 819 1686 9.

150 1700 319 1742 utrimque
345 1710 519 1743 superscr.
545 1711 565 1733 υ
593 1699 734 1733 litterae
759 1700 773 1732 i
800 1698 863 1733 Ma.

156 1748 209 1782 15.
240 1748 362 1793 ficibus
388 1747 452 1782 Ma.

156 1868 325 1902 livionem
366 1879 441 1902 eam
488 1869 595 1901 vitam
640 1868 863 1902 commendat

159 1927 247 1961 quae
277 1916 382 1961 digna
407 1917 452 1950 sit
479 1918 555 1950 viro
584 1928 602 1950 e
631 1917 734 1950 domo
762 1919 863 1961 prin-

161 1965 265 2008 cipali
294 1969 383 2007 orto,
409 1966 551 1998 nimiam
573 1967 774 1999 memoriam
799 1966 865 1999 de-

160 2013 334 2056 precando
351 2014 549 2056 superbiam
577 2018 611 2046 et
632 2014 756 2047 fastum
780 2024 865 2057 pro-

162 2060 218 2094 cul
254 2060 400 2094 haberet
443 2063 594 2106 rogavit.
660 2062 735 2096 Non
774 2062 865 2096 bene

161 2108 397 2154 Kiesslingius
451 2115 627 2154 postrema
672 2111 781 2144 verba
823 2110 866 2144 de

163 2158 271 2190 nimio
298 2157 395 2191 luctu
420 2160 571 2202 accepit.

221 2205 303 2249 Cap.
331 2206 389 2241 49.
431 2209 567 2250 avertit,
595 2207 627 2240 h.
653 2218 683 2241 e.
704 2219 866 2252 asupre-

161 2254 226 2286 mis
253 2254 343 2287 curis
371 2265 456 2299 quas
482 2256 675 2290 volutabat.
737 2258 772 2290 Si
800 2257 867 2290 ad-

160 2303 261 2335 vertit
295 2304 523 2347 scripsisset,
570 2304 663 2349 quod
700 2304 867 2339 Heinsius

160 2350 286 2392 voluit,
315 2352 466 2385 animum
481 2351 630 2386 Othonis
663 2352 706 2386 ad
733 2353 867 2386 tumul-

160 2403 232 2431 tum
267 2399 467 2433 adiunctum
501 2411 543 2434 eo
581 2401 691 2435 verbo
726 2402 868 2447 signifi-

163 2451 288 2481 casset.
400 2455 500 2493 utque
528 2450 753 2493 adfirmatur:
782 2449 867 2483 bre-

161 2495 254 2528 viter
282 2505 344 2539 pro
388 2502 515 2540 atque,
563 2502 601 2530 ut
641 2498 868 2541 adfirmatur,-

163 2543 256 2576 conf.
284 2549 402 2578 annot.
431 2546 474 2579 ad
501 2544 539 2579 O.
569 2546 627 2580 34.

235 2592 420 2626 ambitiosis
442 2594 624 2638 precibus,
663 2592 698 2626 h.
727 2604 758 2626 e.
785 2604 870 2637 pre-

163 2639 261 2672 cibus
285 2641 429 2674 intentis
458 2647 492 2675 et
518 2642 650 2674 intimis
666 2641 740 2687 (mit
754 2642 870 2674 nach-

164 2687 388 2722 clritcltliclten
418 2690 573 2735 Bitten)‚·
611 2689 657 2723 cf.
684 2688 870 2722 Ernestius

165 2735 206 2768 ad
232 2735 266 2769 Ιι.
294 2737 318 2770 l.

233 2784 354 2818 vulnus
393 2797 581 2830 manusque
619 2786 691 2819 eius
726 2797 872 2868 εἴσεαι-

166 2829 275 2864 lantes
297 2844 306 2863 .·
336 2833 381 2866 cf.
409 2833 617 2868 Plutarchus
637 2833 718 2868 Oth.

240 2879 459 2923 celebratum,
489 2882 524 2916 h.
542 2894 573 2917 e.
600 2836 765 2926 saepius1
767 2893 873 2916 usur-

169 2929 298 2967 patum.
396 2935 426 2962 et
451 2940 672 2963 mansurum:
697 2931 874 2964 modicum

171 2980 431 3009 monumentum
457 2988 573 3023 neque
589 2978 728 3012 Vitellii
755 2989 874 3024 neque

696 1603 728 1638 3.
756 1602 903 1647 suifmas
928 1601 992 1636 Ma.

858 1650 1066 1696 puyionibus
1102 1648 1173 1683 Ma:

517 1458 664 1500 Tulere
697 1471 770 1500 coi
773 1471 847 1512 pus
878 1458 1116 1512 praetoriae
1148 1457 1368 1510 cohortes,
1411 1468 1505 1498 cum
1545 1455 1642 1498 lau·-

1091 1600 1305 1635 voluntatem
1331 1597 1405 1633 Ma:
1431 1599 1648 1634 volutantem

1215 1648 1424 1695 puqionib'us
1451 1646 1581 1682 duobus
1606 1645 1648 1681 G.

961 1700 1016 1734 13.
1044 1699 1174 1744 gemitu
1200 1696 1264 1732 Ma.

933 1867 1083 1902 aliorum
1114 1867 1184 1901 iras
1212 1866 1395 1901 excitavit.
1438 1864 1537 1899 Vidit
1549 1863 1651 1898 Plut-

934 1917 1063 1951 archus
1090 1927 1120 1950 c.
1141 1916 1206 1950 18:
1235 1914 1340 1951 εἶδον
1369 1915 1403 1950 δ’
1431 1915 1472 1951 ἐν
1497 1916 1651 1961 Βριξίλ-

935 1967 985 2014 λῳ
1011 1964 1220 2017 γενόμενος
1246 1967 1309 1999 καὶ
1333 1961 1468 2024 μνῆμα
1493 1967 1653 2011 μέτριον

934 2018 996 2048 καὶ
1025 2015 1091 2059 τὴν
1116 2009 1346 2060 Entjpaiptjv
1386 2010 1505 2051 οὕτως
1541 2012 1654 2058 ἔχου-

936 2075 1030 2106 σαν,
1069 2065 1103 2098 εἰ
1126 2062 1448 2120 μειαᾲρασθείη,
1483 2059 1655 2103 Δηλωοει

936 2111 989 2154 (h.
1011 2123 1042 2146 e.
1060 2111 1269 2156 memoriae)
1289 2109 1454 2155 Μάρκου
1468 2108 1653 2146 Ὄθωνος·

935 2159 1165 2195 Cf.Suet0n.
1198 2158 1410 2194 vitell.10.

1009 2210 1152 2254 septimo
1180 2213 1211 2242 et
1240 2207 1415 2241 tricesimo
1439 2205 1567 2238 aetatis
1584 2214 1651 2238 an-

934 2268 1007 2290 no.-
1039 2257 1218 2290 consentit
1237 2255 1305 2290 Dio
1319 2265 1377 2299 ap
1392 2252 1654 2298 xiphit.1.xtv

939 2307 993 2340 15.
1040 2304 1171 2339 Contra
1200 2305 1392 2339 Suetonius
1422 2304 1485 2337 1¹:
1525 2301 1654 2336 exani-

935 2360 1048 2388 matus
1088 2359 1138 2387 est
1168 2374 1214 2380 ——
1255 2353 1429 2387 tricesimo
1467 2356 1499 2384 et
1532 2355 1654 2385 octavo

936 2403 1062 2436 aetatis
1109 2413 1203 2435 anno
1263 2407 1296 2435 et
1338 2398 1567 2445 nonayesimo
1623 2403 1656 2432 et

937 2452 1054 2495 quinto
1080 2451 1220 2496 imperii
1244 2450 1326 2491 die,
1359 2447 1422 2482 sed
1460 2446 1551 2480 haec
1576 2447 1655 2490 ipsa

936 2509 1007 2532 non
1037 2503 1203 2533 accurate
1230 2497 1452 2532 conveniunt
1485 2495 1538 2529 eis
1561 2503 1654 2540 quae

936 2547 1028 2581 idem
1071 2559 1101 2581 c.
1128 2549 1151 2583 2
1194 2545 1357 2587 tradidit,
1395 2543 1451 2578 lV
1485 2541 1656 2576 kalendas

939 2596 1057 2629 Maias
1089 2600 1193 2629 natus
1223 2599 1272 2628 est
1307 2591 1456 2627 Gamitlo
1482 2590 1654 2625 Arruntio

939 2644 1089 2677 Domitio
1117 2642 1327 2677 Aenobarbo
1365 2639 1562 2675 consulibus
1601 2641 1654 2683 (a.

938 2702 972 2725 u.
1004 2692 1113 2738 7853:
1152 2692 1242 2724 ratio
1273 2691 1367 2724 enim
1410 2688 1494 2722 hine
1519 2686 1656 2721 subdu-

940 2740 1051 2773 cenda
1081 2739 1248 2782 ostendit,
1279 2739 1403 2773 decem
1432 2735 1657 2782 (xiphilinus

938 2788 1100 2821 undecim
1133 2789 1252 2833 ponit)
1292 2788 1371 2822 dies
1411 2784 1542 2819 Othoni
1589 2784 1659 2818 de-

942 2835 1073 2878 fuisse,
1113 2838 1302 2881 quominus
1342 2835 1490 2880 triginta
1518 2837 1655 2878 septem

941 2894 1051 2917 annos
1082 2885 1257 2928 expleret.

1016 2931 1100 2975 Cap.
1130 2934 1188 2968 50.
1247 2945 1264 2966 e
1297 2932 1488 2977 municipio
1521 2930 1655 2964 Feren-

943 2980 1036 3014 tino:
1065 2981 1160 3027 quod
1185 2982 1220 3015 in
1251 2979 1304 3016 Ma
1331 2981 1464 3027 legitur
1479 2978 1656 3021 Ferentio,

1358 1697 1412 1732 14.
1438 1695 1562 1731 volnus
1587 1694 1646 1730 Or.
1701 1712 1707 1716 «
