1768 3216
169 205 244 245 ‘³116
813 203 1076 240 AGRICOLAE

164 336 257 366 -non
288 322 434 366 studiis
460 320 632 376 privatis
659 332 740 363 nec
767 333 820 364 ex
850 322 1216 365 commendatione
1247 325 1317 365 aut
1345 323 1540 377 precibus
1561 335 1667 366 cen—

166 399 390 450 turionem,
423 396 593 438 militem
625 396 786 450 ascire,
829 395 904 439 sed
947 397 1143 451 optimum
1185 408 1388 452 quemque
1425 396 1666 441 fidissimum

161 475 327 525 putare.
391 470 539 512 Omnia
584 471 718 523 scire,
763 482 848 512 non
888 472 1026 512 omnia
1065 471 1227 526 exequi.
1296 472 1439 515 Parvis
1479 472 1666 527 peccatis

170 545 350 599 veniam,
382 545 549 600 magnis
582 546 849 588 severitatem
879 546 1177 599 commodare3
1209 559 1290 590 nec
1318 558 1454 602 poena
1485 557 1663 601 semper,

135 619 245 665 ssed
277 619 444 674 saepius
474 619 726 674 paenitentia
759 624 978 663 contentus
1010 633 1104 664 esse
1115 634 1127 673 ;
1159 621 1309 664 officiis
1336 624 1377 664 et
1395 620 1665 664 administra-

164 693 347 736 tionibus
392 693 529 749 potius
569 706 655 736 non
695 700 943 749 peccaturos
984 707 1272 750 praeponere,
1314 707 1434 751 quam
1466 696 1664 741 damnare

165 781 256 811 cum
272 773 533 824 peccassent.
566 769 778 814 Frumenti
805 775 846 814 et
863 771 1108 814 tributorum
1128 771 1391 814 exactionem
1416 770 1664 827 aequalitate

261 894 294 929 1.
316 894 467 940 privatis
492 895 683 939 posteriori
711 893 780 929 litt.
806 896 821 929 i
845 906 1024 940 superscr.
1051 907 1075 931 u
1102 898 1140 939 Γ,
1164 895 1338 942 privatius
1369 897 1412 931 Δ.
1539 901 1664 931 centu-

163 940 301 976 rionem
325 941 409 978 rA:
438 944 681 978 centurionum
706 942 937 978 Puteolanus.
1061 946 1094 980 2.
1120 943 1263 978 militem
1289 944 1405 979 ascire
1431 943 1568 979 editor:
1593 945 1664 979 mi-

162 990 240 1025 lites
264 992 401 1026 nescire
427 993 500 1034 ΓΔ,
527 991 653 1027 milites
679 993 795 1027 ascire
819 991 1049 1028 Puteolanus.
1160 992 1363 1037 fidissimum
1388 994 1420 1028 Γ
1417 994 1473 1029 A:
1496 991 1662 1038 fidelissi-

161 1050 254 1073 mum
277 1039 506 1074 Puteolanus.
605 1041 639 1075 6.
664 1052 885 1087 praeponere
910 1043 991 1077 TA:
1030 1042 1162 1075 omittit
1186 1041 1415 1076 Puteolanus.
1450 1040 1570 1076 Ursini
1597 1050 1662 1076 co-

161 1085 230 1120 dex
251 1098 473 1134 praeponere
497 1089 612 1133 potius
637 1100 709 1122 non
730 1095 939 1135 peccaturos
960 1117 970 1134 ,
998 1089 1060 1124 sed
1090 1089 1134 1123 de
1161 1089 1242 1124 loco
1269 1090 1370 1125 verbi
1394 1089 1485 1124 falsa
1510 1099 1575 1134 per
1600 1100 1660 1124 er-

157 1144 276 1169 rorem
302 1137 446 1171 videtur
471 1136 616 1171 Ursinus
643 1137 840 1172 rettulisse.
984 1139 1017 1173 7.
1046 1139 1266 1172 exactionem
1289 1140 1323 1173 Δ
1346 1137 1496 1183 (litteris
1522 1149 1567 1172 ex
1591 1136 1661 1172 dno

159 1188 294 1228 puncta
319 1185 564 1231 superposita)
593 1190 629 1219 et
653 1196 726 1231 mg.
757 1188 789 1221 Γ
810 1187 967 1230 ascripto
994 1186 1077 1221 Al':
1114 1187 1312 1220 auctionem
1338 1188 1370 1222 Γ
1392 1191 1428 1221 et
1453 1197 1525 1234 mg.
1553 1188 1589 1224 A
1612 1186 1660 1235 (is

161 1229 271 1267 habet
299 1259 307 1268 .
337 1259 345 1268 .
376 1233 592 1280 auctionem)
622 1237 658 1268 et
682 1233 914 1269 Puteolanus.
991 1235 1030 1268 in
1056 1234 1305 1280 aequalitatem
1332 1236 1369 1271 Γ.

87 2108 91 2110 —
151 2090 281 2123 ascire.

243 1365 501 1410 centurionem,
545 1366 690 1402 militem
729 1369 869 1402 ascire:

157 1415 397 1448 centurionem
445 1416 602 1459 pessime
653 1414 870 1450 Puteolanus

154 1464 306 1496 mutavit
333 1464 586 1498 centurionum.
616 1463 718 1506 Quod
744 1465 870 1510 sequi-

154 1515 211 1542 tur
236 1511 272 1543 in
301 1511 485 1545 codicibus
510 1512 637 1546 milites
654 1514 805 1556 nescire,
835 1512 870 1546 id

152 1558 285 1593 litteris
320 1559 499 1594 distractis
534 1561 662 1605 (milite
697 1562 868 1607 mascire)

155 1606 386 1651 depravatum
403 1613 438 1642 et
457 1608 550 1643 male
577 1614 775 1644 correctum
802 1614 868 1652 est,

153 1654 235 1688 dum
262 1666 326 1700 pro
353 1662 511 1691 monstro
538 1659 690 1692 mascire
720 1658 869 1692 verbum

152 1702 316 1738 Latinum
358 1706 495 1740 nescire
538 1706 790 1751 substituitur,
827 1718 869 1741 ac

153 1761 218 1795 pro
258 1752 367 1787 milite
410 1759 471 1788 aut
511 1756 702 1801 corrigitur
743 1755 870 1789 milites

153 1804 214 1833 aut
253 1801 402 1846 quadam
448 1804 666 1838 assimilandi
712 1803 868 1838 inclina-

150 1849 252 1883 tione
299 1850 344 1883 ob
388 1852 586 1895 proximum
615 1853 792 1886 nes-cire
819 1853 869 1886 ita

152 1897 332 1932 scribitur.
393 1899 469 1933 Hoc
502 1901 531 1933 si
567 1910 691 1934 verum
719 1905 796 1944 est,
830 1905 869 1933 ut

149 1945 243 1978 iuste
273 1945 425 1980 dubitari
452 1949 596 1992 nequit,
627 1959 671 1982 ex
701 1959 745 1983 eo
771 1948 868 1995 quod

150 1991 286 2026 fontem
320 1994 405 2028 mali
457 2006 536 2029 esse
573 1996 758 2040 indicavi,
809 1996 867 2030 le·-

150 2041 297 2075 nissima
361 2044 585 2077 correctione
635 2044 673 2076 fit
724 2045 867 2079 militem

336 2089 423 2124 Cum
451 2092 574 2125 studiis
594 2093 745 2136 privatis
770 2093 865 2126 idem

149 2137 196 2171 sit
241 2136 335 2182 quod
374 2139 496 2173 studiis
533 2141 775 2185 privatorum,
828 2142 865 2174 in

149 2186 321 2228 proximis
369 2198 411 2219 ex
459 2188 757 2223 commendatione
805 2194 865 2222 aut

144 2233 308 2278 precibus
338 2233 409 2268 dici
447 2236 791 2271 commendationem
830 2241 865 2271 et

146 2291 274 2324 preces
291 2282 509 2325 privatorum
530 2284 656 2329 liquet.
684 2284 723 2318 In
743 2284 863 2319 verbis

147 2330 398 2373 centurionem,
424 2331 568 2367 militem
587 2333 682 2367 inest
701 2333 861 2379 gradatio

147 2388 167 2411 a
183 2379 318 2412 maiore
344 2378 387 2412 ad
409 2381 545 2423 minus3
572 2381 715 2415 militem
741 2383 863 2427 cogita

144 2424 383 2471 legionarium
408 2438 452 2461 ex
466 2429 593 2462 sociali
615 2430 862 2464 asciscendum

145 2478 182 2507 et
232 2474 390 2508 Romana
442 2477 587 2511 civitate
637 2478 860 2511 donandum:

143 2521 336 2567 legionarii
363 2523 457 2556 enim
476 2525 624 2558 civitate
644 2525 859 2570 gaudebant.

143 2568 329 2604 Eiusmodi
356 2575 473 2605 autern
500 2572 603 2606 miles
619 2578 657 2606 ut
674 2584 694 2606 a
711 2573 858 2619 legente

143 2617 380 2664 intelligatur,
409 2622 607 2664 proximum
636 2623 857 2655 centurionis

144 2676 274 2700 nomen
300 2668 400 2703 facit.
462 2667 565 2704 conf.
593 2674 715 2704 annot.
743 2669 786 2704 ad
813 2670 855 2704 H.

214 2786 416 2828 fidissimum
451 2793 599 2832 putare.-
645 2788 678 2822 h.
716 2799 748 2822 e.
786 2799 855 2834 quo

142 2830 252 2867 fidere
279 2835 432 2868 maxime
457 2841 591 2879 posset.
643 2836 697 2871 Cf.
727 2848 757 2870 c.
788 2837 855 2871 14:

141 2880 172 2912 is
216 2882 263 2914 ad
295 2888 457 2916 'nostram
496 2896 602 2930 usque
650 2885 855 2919 memoriam

135 2927 320 2972 fidissimus
357 2932 496 2967 mansit.
551 2933 592 2969 H.
632 2933 665 2969 11
701 2932 772 2969 46:
808 2945 854 2971 ue

937 1368 1142 1412 fidissimum
1182 1369 1374 1403 exercitum
1397 1389 1445 1395 —
1471 1367 1657 1405 desereret.

942 1416 1045 1459 Quod
1061 1415 1280 1455 Puteolanus
1308 1415 1542 1461 interpolavit
1564 1417 1657 1461 fide..

940 1464 1119 1509 tissimum,
1149 1465 1193 1499 ab
1221 1475 1264 1499 eo
1291 1464 1432 1499 Tacitus
1467 1464 1652 1509 abstinuit,

941 1518 1093 1557 excepta
1120 1513 1235 1547 forma
1262 1513 1496 1558 comparativi
1524 1512 1656 1560 gradus

935 1561 1072 1606 fidelius
1101 1561 1143 1596 Ο.
1171 1562 1230 1605 34,
1253 1561 1393 1606 fidelior
1417 1561 1483 1596 XV
1508 1561 1569 1598 67.

1009 1633 1179 1678 frumenti
1205 1639 1238 1667 et
1261 1633 1469 1668 tributorum
1495 1633 1655 1668 eoeactio-

936 1692 1017 1715 nem
1053 1702 1098 1710 -—
1142 1681 1302 1716 mollire:
1339 1683 1372 1717 Γ
1409 1682 1446 1715 in
1486 1685 1656 1716 contextu

938 1728 1047 1764 habet
1074 1731 1284 1773 auctionem,
1314 1734 1353 1763 ut
1379 1734 1433 1763 est
1461 1729 1555 1774 apud
1581 1729 1655 1764 Pu-

937 1778 1140 1821 teolanum,
1169 1778 1264 1824 quod
1289 1778 1505 1822 interpretes
1530 1778 1655 1812 vindi-

939 1837 1020 1860 care
1039 1827 1184 1861 student
1212 1826 1354 1861 collatis
1377 1827 1540 1862 Suetonii
1566 1837 1653 1861 ver-

936 1874 993 1908 bis
1022 1875 1132 1919 Vesp.
1166 1875 1232 1910 16:
1256 1886 1329 1909 non
1354 1875 1447 1910 enim
1473 1880 1654 1910 contentus

938 1923 1066 1958 omissa
1091 1923 1152 1958 sub
1180 1923 1295 1958 Galba
1321 1923 1512 1969 vectigalia
1547 1934 1653 1958 revo-

938 1982 1055 2014 casse,
1101 1983 1194 2006 nova
1228 1977 1260 2006 et
1295 1972 1425 2017 gravia
1463 1971 1650 2016 addidisse,

936 2020 1076 2054 auxisse
1101 2020 1231 2054 tributa
1242 2020 1450 2066 provinciis,
1473 2019 1652 2054 nonnullis

936 2073 969 2100 et
1006 2067 1201 2113 duplicasse
1212 2080 1226 2111 ‚·
1272 2068 1328 2101 his
1370 2066 1504 2102 similia
1543 2068 1650 2103 etiam

935 2114 1004 2148 Dio
1031 2115 1136 2149 LXVI
1165 2116 1199 2150 8.
1229 2115 1330 2150 Adde
1344 2115 1453 2150 Tacit.
1472 2115 1515 2150 H.
1538 2114 1647 2151 1184.

936 2162 1005 2198 Sed
1035 2163 1103 2197 hoc
1129 2164 1159 2197 si
1186 2163 1556 2208 Tacitusvoluisset,
1582 2162 1650 2198 ad-

935 2210 1020 2245 dere
1063 2212 1236 2246 nonnulla
1281 2212 1325 2246 de
1370 2212 1537 2247 auctione
1584 2210 1650 2246 illa

934 2259 1071 2303 debuit,
1098 2260 1200 2294 verbi
1226 2271 1333 2295 causa
1353 2266 1435 2295 tunc
1453 2260 1650 2307 impositam

933 2307 993 2341 vel
1009 2309 1151 2343 iussam.
1178 2308 1233 2343 De
1253 2309 1421 2343 auctione
1434 2308 1648 2343 tributorum

933 2355 1028 2390 nude
1054 2356 1153 2402 loqui
1179 2358 1258 2391 sine
1294 2357 1384 2392 vitio
1418 2357 1646 2392 obscuritatis

932 2414 1004 2437 non
1025 2407 1153 2449 potuit.
1179 2404 1310 2440 Contra
1324 2407 1462 2441 exactio
1476 2405 1647 2440 frumenti

932 2453 966 2485 in
981 2454 1151 2496 proximis
1167 2453 1393 2488 describitur.
1422 2454 1646 2488 Frumentum

931 2510 1026 2534 nunc
1069 2506 1301 2535 memoratum
1354 2503 1480 2546 accipe
1525 2511 1644 2546 neque

931 2548 1171 2592 decumanum,
1199 2560 1277 2583 cum
1296 2548 1464 2584 decumas
1480 2548 1644 2583 Britanni

927 2606 999 2629 non
1026 2597 1225 2641 penderent
1259 2598 1372 2643 (conf.
1409 2597 1452 2632 ad
1495 2609 1526 2632 c.
1565 2597 1641 2643 12),

927 2654 1045 2689 neque
1091 2652 1215 2680 emtum
1260 2645 1304 2680 ad
1351 2645 1499 2680 alendos
1541 2645 1642 2680 cives

926 2692 1117 2738 Romanos,
1141 2694 1308 2740 quoniam
1334 2693 1512 2728 frumento
1530 2703 1642 2729 naves

926 2746 1077 2776 onustae
1106 2748 1191 2777 tunc
1218 2754 1263 2777 ex
1288 2742 1496 2777 Britanniae
1512 2743 1639 2789 regio-
1701 2749 1704 2751 ’

925 2789 1030 2823 nibus
1057 2800 1129 2824 non
1163 2790 1428 2834 commeabant,
1470 2790 1534 2825 sed
1556 2792 1639 2835 sru-

923 2843 1074 2871 mentum
1104 2840 1143 2873 in
1175 2838 1337 2882 cellam„
1362 2838 1406 2873 ad
1438 2838 1639 2883 praesidem

923 2887 1131 2929 provinciae
1158 2888 1307 2933 eiusque
1335 2886 1486 2921 militem
1512 2887 1630 2931 copiis

923 2934 1170 2972 instruendum
1198 2934 1331 2973 deferri
1356 2934 1500 2974 solitum
1515 2960 1526 2982 ,
1570 2943 1636 2985 pro
