1768 3216
723 190 1035 243 utsTofflAuvlu
1419 199 1452 224 a.
1479 197 1517 229 u-
1545 187 1630 230 &22-

146 208 219 252 132

146 321 365 375 antiquitus
397 317 581 368 infausto
606 313 672 354 die
694 309 957 358 Cremerensi
972 306 1233 360 Allienslque
1265 305 1467 356 cladibus.
1511 304 1633 355 Adeo

146 395 278 450 anis
309 390 471 434 humani
503 387 713 440 divinique
749 384 850 437 iuris
881 394 1057 437 expers,
1096 381 1185 435 pari
1216 380 1322 424 libel
1326 384 1459 422 torum
1444 391 1637 450 Agu-

146 480 300 541 corum
301 463 532 531 socordia,
565 461 677 502 velut
706 461 814 513 inter
845 457 1092 507 temulentos
1125 439 1291 511 agebat.
1295 447 1442 497 “”8“εἰ1
1465 455 1635 503 comitia

146 518 356 583 consulum
389 551 478 579 cum
511 535 743 587 candidatis
776 533 954 574 civiliter
986 531 1228 584 celebrans,
1269 542 1432 574 omnem
1473 529 1637 579 infimae

113 615 272 670 splebis
304 625 533 664 rqurem,
568 611 607 653 in
640 609 801 656 theatro
832 612 875 659 ut
905 610 1138 660 spectator,
1179 606 1219 646 in
1253 605 1367 646 circo
1401 608 1444 654 ut
1482 604 1635 657 fautor,

143 688 376 750 adfectavit.
440 686 553 735 Quae
593 688 713 738 grata
751 695 853 733 sane
903 685 940 723 et
985 681 1226 736 popularia,
1277 680 1376 728 sia
1418 679 1637 729 vintutibus

141 762 527 817 proficiscerentur,
561 758 760 810 memoria
792 757 900 797 vitae
930 756 1084 810 priorIS
1116 755 1318 803 indecora
1353 758 1394 799 et
1422 754 1523 797 vilia
1554 767 1634 798 ae-
1660 813 1666 822 .

144 836 411 892 cipiebantur.
471 833 705 875 Ventitabat
748 831 790 872 in
835 835 1047 882 senatum,
1099 830 1222 881 etiam
1268 842 1360 872 cum
1401 829 1542 884 parvis
1586 828 1639 876 de.

141 910 265 952 rebus
295 913 432 963 patres
464 907 792 949 consulerentur.
853 905 917 946 Ac
948 908 1058 948 forte
1089 904 1252 959 l'riscus
1271 903 1486 951 Helvidius
1507 915 1637 958 prae-

95 996 132 1024 ¹0
145 988 210 1035 tor
259 983 498 1036 designatus
548 985 690 1022 contra
740 979 919 1033 studium
961 979 1050 1020 eius
1102 981 1335 1020 censuerat.
1399 977 1637 1020 Commotus

145 1058 276 1111 primo
320 1056 530 1108 Vitellius,
575 1067 658 1096 non
704 1059 841 1095 tamen
883 1053 986 1096 ultra
1032 1065 1154 1108 quam
1192 1052 1380 1094 tribunos
1419 1051 1553 1110 plebis
1596 1052 1638 1094 in

146 1132 339 1174 auxilium
371 1135 533 1185 spretae
565 1129 778 1184 potestatis
810 1128 1045 1171 advocavit.
1086 1128 1184 1170 Mox
1215 1127 1499 1183 mitigantibus
1531 1127 1640 1177 ami-

146 1206 229 1257 cis,
263 1205 330 1258 qui
364 1204 549 1245 altiorem
580 1203 836 1244 iracundiam
869 1203 957 1244 eius
989 1202 1264 1254 verebantur,
1299 1201 1400 1242 nihil
1431 1201 1532 1243 novi
1563 1214 1642 1243 ac-

146 1278 298 1329 cidisse
328 1278 543 1331 respondit
574 1277 682 1331 quod
714 1277 793 1317 (luo
826 1281 1044 1319 senatores
1077 1277 1118 1317 in
1150 1289 1196 1318 re
1236 1275 1402 1330 publica
1435 1275 1639 1331 dissenti-

97 1357 254 1402 isrent3
294 1352 457 1393 solitum
488 1364 534 1393 se
572 1352 690 1392 etiam
723 1352 930 1393 Thraseae
964 1351 1270 1393 contradicere.
1333 1351 1514 1393 inrisere
1544 1349 1640 1405 ple-

145 1427 261 1480 rique
292 1427 583 1480 impudentiam
616 1426 925 1476 aeumlationis3
957 1426 1047 1467 aliis
1074 1426 1113 1467 id
1147 1426 1279 1482 ipsum
1300 1425 1504 1480 placebat,
1531 1425 1643 1481 quod

146 1500 352 1541 neminem
385 1512 436 1541 ex
465 1501 816 1554 praepotentibus,
849 1500 922 1542 sed
955 1501 1179 1542 Thraseam
1211 1500 1262 1542 ad
1282 1499 1495 1554 exemplar
1513 1512 1641 1542 verae

695 1620 896 1664 Aliensiqae
924 1631 963 1665 pr
988 1620 1027 1654 G.
1062 1602 1064 1605 ξ
1119 1623 1154 1656 2.
1182 1621 1375 1654 amicorum
1401 1619 1479 1655 Ma:
1507 1621 1644 1655 amico-

447 1667 480 1702 6.
505 1667 671 1713 populari
697 1680 785 1713 asya
808 1670 993 1703 vinalibus
1023 1668 1101 1703 Ma.
1127 1674 1327 1704 correctum
1355 1669 1450 1704 inest
1477 1669 1518 1704 G.
1601 1668 1635 1705 9.

600 1717 653 1751 13.
682 1717 795 1751 nichib
819 1716 883 1752 M'¹.
987 1718 1042 1752 14.
1072 1729 1158 1764 remp
1190 1716 1254 1752 Ma.
1384 1718 1439 1753 16.
1467 1718 1541 1765 inp.
1569 1715 1635 1752 Ma.

291 1620 321 1653 1.
349 1618 563 1664 Alliensique
589 1618 667 1653 Ma:

144 1679 284 1712 rumque
309 1666 346 1701 G.

145 1715 412 1751 consularentur
437 1714 502 1750 Ma.

149 1766 203 1806 17.
229 1776 293 1798 aer
296 1775 312 1797 e
338 1763 403 1797 Md.

221 1882 361 1915 comitia
387 1880 564 1916 consulum.
581 1893 657 1915 cum
682 1881 856 1915 candida-

150 1929 192 1962 tis
219 1929 367 1963 civiliter
381 1929 579 1963 celebrans.-
607 1931 750 1964 comitia
768 1940 858 1964 con-

151 1976 264 2011 sulum
291 1979 327 2010 in
354 1982 479 2011 senatu
511 1983 594 2013 tunc
629 1978 857 2024 perageban-

152 2030 207 2058 tur
220 2052 229 2067 ‚
269 2026 362 2070 quod
390 2030 577 2071 antequam
604 2027 731 2069 fieret,
778 2038 856 2061 cum

152 2073 344 2115 candidatis
384 2079 500 2118 patres
534 2075 651 2112 adibat
690 2075 858 2115 Vitellius

152 2126 188 2154 et
210 2115 371 2168 singulos
397 2123 595 2166 prensabat.
632 2123 734 2158 Conf.
763 2123 778 2157 I
802 2124 856 2159 15.

151 2169 284 2202 Plinius
312 2170 424 2214 Epist.
455 2171 580 2207 11120.
619 2172 795 2219 Panegyr.
826 2184 855 2206 c.

151 2218 197 2252 69
227 2222 261 2251 et
288 2220 344 2253 71.

223 2277 355 2300 omnem
379 2268 518 2311 infimae
542 2268 652 2313 plebis
686 2279 860 2302 rumorem

150 2335 195 2340 --
225 2315 437 2358 adfectavit:
474 2316 542 2349 hoe
580 2316 860 2357 delenimentum

153 2367 206 2395 est
243 2362 286 2395 ad
321 2363 462 2407 plebem
499 2369 534 2397 et
573 2375 592 2397 a
627 2366 744 2408 priore
783 2369 858 2398 toto

154 2420 286 2454 genere
318 2410 452 2452 differt,
484 2417 522 2444 ut
551 2422 636 2446 vere
666 2415 801 2447 monuit
831 2413 858 2447 1.

152 2456 207 2490 Fr
238 2456 446 2490 Gronovius.
487 2459 554 2492 Sed
581 2460 665 2503 quid
690 2461 758 2494 sibi
783 2461 861 2495 vult

153 2516 326 2538 τ’·ιιηιοιεηι
344 2505 563 2553 adfectavit?
586 2507 766 2551 adfectare
781 2509 861 2542 aliis

154 2551 262 2586 'laciti
292 2552 381 2586 locis
409 2558 461 2586 est
487 2555 592 2586 anoeie
611 2565 780 2598 quaerere
802 2557 861 2590 vel

154 2611 297 2645 cupere,
332 2606 370 2633 ut
394 2603 528 2645 famam
553 2602 734 2650 adfectare
759 2604 800 2637 H.
831 2604 861 2637 lt

152 2648 210 2691 63,
237 2649 352 2682 studia
377 2650 522 2682 militum
548 2650 589 2683 11.
615 2650 628 2684 Ι
655 2652 727 2686 23
719 2679 728 2694 ,
755 2651 795 2685 11.
816 2651 863 2686 111

156 2698 198 2730 13
231 2702 368 2730 secreta
413 2703 608 2732 castrorum
645 2699 858 2744 adfectans,
853 2713 860 2721 ·

153 2743 236 2777 alibi
265 2744 361 2779 valet
386 2745 424 2778 in
449 2757 486 2779 se
511 2746 665 2789 trahere,
693 2747 794 2782 velut
820 2748 858 2781 Η,

152 2790 200 2824 lv
224 2792 271 2827 66
294 2794 449 2827 civitates
474 2795 667 2838 adfectare,
688 2796 859 2842 etAg17

152 2839 331 2883 imperium
369 2842 562 2884 adfectam.
622 2843 749 2877 Nostro
780 2844 861 2878 loeo

153 2898 325 2922 rumorem
365 2889 545 2933 adfectare
588 2895 643 2925 est
673 2892 793 2927 facere
824 2897 861 2926 ut

152 2942 269 2968 rumot
288 2935 348 2971 liat
363 2930 406 2971 de
421 2939 587 2982 comitate
609 2944 645 2987 et.
664 2939 765 2977 civili
782 2942 863 2989 aui-

926 1891 983 1915 mo
1012 1882 1184 1926 principis
1202 1907 1212 1924 ,
1260 1881 1295 1919 id
1322 1886 1376 1916 est
1401 1881 1551 1917 studiose
1568 1893 1643 1927 ‚cu-
1708 1900 1712 1904 “

951 1941 1021 1964 ere.

922 1942 946 1976 P
1000 1978 1066 2012 duo
1093 1983 1300 2012 senatores.-
1337 1989 1375 2012 se
1414 1978 1531 2023 ipsum
1557 1978 1645 2014 dicit

930 2031 966 2060 et
992 2026 1209 2063 Helvidium.
1263 2025 1452 2072 'l'hraseam
1479 2031 1533 2073 (v,
1561 2027 1644 2063 xvi

928 2076 972 2109 21
1000 2078 1098 2121 sqq.)
1125 2080 1321 2118 memorat,
1359 2075 1472 2120 quod·
1493 2076 1528 2110 ei
1554 2075 1644 2112 uel-

926 2122 1044 2156 vidius
1083 2128 1119 2157 et
1144 2122 1301 2158 moribus
1340 2123 1467 2158 similis
1503 2129 1580 2159 erat
1608 2129 1645 2160 et

928 2182 1052 2217 gener.

977 2219 1063 2264 Cap.
1084 2220 1142 2256 92.
1185 2232 1208 2254 a
1221 2222 1451 2266 praefectura
1469 2221 1643 2266 cohortis:

928 2268 962 2302 h.
984 2280 1015 2302 e.
1032 2279 1110 2302 cum
1130 2270 1160 2302 is
1180 2274 1263 2303 ante
1287 2270 1491 2314 praefectus
1509 2269 1643 2305 cohor-

929 2317 971 2349 tis
987 2317 1170 2364 (socialis)
1187 2318 1326 2352 fuisset.
1359 2317 1549 2355 Ablativua
1566 2318 1644 2354 dis-

928 2376 1067 2398 cessum
1095 2376 1114 2399 a
1149 2368 1278 2410 prioris
1312 2366 1425 2401 officii
1456 2367 1567 2413 gradu
1589 2369 1643 2402 si-

929 2414 1085 2459 gnificat.
1140 2415 1241 2456 Quod
1269 2416 1388 2449 statim
1416 2416 1452 2448 in
1480 2415 1642 2450 Mediceo

929 2467 983 2494 est
1009 2463 1165 2496 centurio
1192 2464 1224 2506 ἔ,
1258 2474 1329 2498 non
1361 2463 1459 2497 valet
1484 2465 1643 2499 centurio

929 2515 988 2551 est,
1007 2514 1042 2542 ut
1058 2509 1143 2544 dicit
1163 2511 1318 2547 Orellius
1337 2517 1449 2558 utque
1465 2523 1641 2557 accepere

927 2558 1219 2602 interpolatorum
1245 2561 1414 2595 librorum
1435 2561 1575 2596 scribae
1593 2567 1643 2596 est

929 2606 987 2640 vel
1016 2613 1100 2640 esset
1126 2609 1328 2652 reddendo‘,
1356 2609 1420 2643 sed
1452 2610 1470 2644 ἔ
1496 2614 1551 2652 est
1575 2621 1640 2654 em,

929 2659 966 2686 ut
983 2654 1100 2688 littera
1129 2668 1198 2691 una
1227 2658 1393 2703 suppleta
1413 2659 1542 2693 evadat
1558 2669 1641 2694 een-

929 2703 1110 2738 tarionem.
1432 2748 1434 2750 ‚

1014 2753 1107 2785 inter
1147 2754 1324 2788 discordes
1371 2754 1508 2789 Vitellio
1551 2755 1643 2796 nihil

930 2801 1167 2834 auctoritatis.-
1205 2802 1274 2836 hoc
1301 2802 1413 2845 dicit,
1452 2804 1480 2836 si
1509 2802 1641 2846 Caeci-

929 2857 1006 2879 nam
1037 2849 1130 2882 inter
1155 2852 1190 2882 et
1216 2849 1401 2884 Valentem
1437 2851 1481 2886 (le
1508 2862 1546 2891 re
1571 2850 1641 2892 ali-

929 2904 999 2940 qua
1024 2895 1116 2931 haud
1142 2899 1374 2942 convmiiiffet
1405 2899 1554 2936 vitellio
1581 2900 1642 2935 ni-

929 2941 981 2988 hil
1023 2945 1247 2991 auctoritatis
1291 2945 1333 2982 ad
1376 2945 1641 2993 decernendam
