<?xml version="1.0" encoding="UTF-8"?>
<!DOCTYPE html PUBLIC "-//W3C//DTD XHTML 1.0 Transitional//EN"
    "http://www.w3.org/TR/xhtml1/DTD/xhtml1-transitional.dtd">
<html xmlns="http://www.w3.org/1999/xhtml" xml:lang="en" lang="en">
 <head>
  <title>
</title>
<meta http-equiv="Content-Type" content="text/html;charset=utf-8" />
  <meta name='ocr-system' content='tesseract 3.04.00' />
  <meta name='ocr-capabilities' content='ocr_page ocr_carea ocr_par ocr_line ocrx_word'/>
</head>
<body>
  <div class='ocr_page' id='page_1' title='image "./operaadcodicesan03taciuoft/operaadcodicesan03taciuoft_0041.png"; bbox 0 0 1768 3216; ppageno 0'>
   <div class='ocr_carea' id='block_1_1' title="bbox 96 181 298 220">
    <p class='ocr_par' dir='ltr' id='par_1_1' title="bbox 96 181 298 220">
     <span class='ocr_line' id='line_1_1' title="bbox 96 181 298 220; baseline -0.015 -2"><span class='ocrx_word' id='word_1_1' title='bbox 96 182 184 220; x_wconf 59' lang='lat'><strong>210.</strong></span> <span class='ocrx_word' id='word_1_2' title='bbox 211 181 271 220; x_wconf 73' lang='lat'><strong>69.</strong></span> <span class='ocrx_word' id='word_1_3' title='bbox 290 210 298 215; x_wconf 65' lang='grc'>,</span> 
     </span>
    </p>
   </div>
   <div class='ocr_carea' id='block_1_2' title="bbox 567 180 1614 221">
    <p class='ocr_par' dir='ltr' id='par_1_2' title="bbox 567 180 1614 221">
     <span class='ocr_line' id='line_1_2' title="bbox 567 180 1614 221; baseline 0 -3"><span class='ocrx_word' id='word_1_4' title='bbox 567 183 703 219; x_wconf 85' lang='lat' dir='ltr'>LIBER</span> <span class='ocrx_word' id='word_1_5' title='bbox 727 180 755 218; x_wconf 88' lang='grc' dir='ltr'><strong>Ι.</strong></span> <span class='ocrx_word' id='word_1_6' title='bbox 807 180 898 219; x_wconf 69' lang='lat' dir='ltr'><strong>Gn.</strong></span> <span class='ocrx_word' id='word_1_7' title='bbox 924 182 1081 221; x_wconf 74' lang='lat'><strong>22—25.</strong></span> <span class='ocrx_word' id='word_1_8' title='bbox 1567 183 1614 218; x_wconf 74' lang='lat'><strong>³1</strong></span> 
     </span>
    </p>
   </div>
   <div class='ocr_carea' id='block_1_3' title="bbox 94 278 1614 356">
    <p class='ocr_par' dir='ltr' id='par_1_3' title="bbox 94 278 1614 356">
     <span class='ocr_line' id='line_1_3' title="bbox 94 278 1614 356; baseline -0.002 -11"><span class='ocrx_word' id='word_1_9' title='bbox 94 301 272 345; x_wconf 72' lang='lat' dir='ltr'><strong>militum</strong></span> <span class='ocrx_word' id='word_1_10' title='bbox 302 302 453 345; x_wconf 81' lang='lat' dir='ltr'><strong>animis</strong></span> <span class='ocrx_word' id='word_1_11' title='bbox 482 302 598 345; x_wconf 81' lang='lat' dir='ltr'><strong>velut</strong></span> <span class='ocrx_word' id='word_1_12' title='bbox 627 301 743 345; x_wconf 78' lang='lat' dir='ltr'><strong>faces</strong></span> <span class='ocrx_word' id='word_1_13' title='bbox 775 303 996 345; x_wconf 83' lang='lat' dir='ltr'>addiderat</span> <span class='ocrx_word' id='word_1_14' title='bbox 1023 278 1213 346; x_wconf 62' lang='lat' dir='ltr'><strong>Maerius</strong></span> <span class='ocrx_word' id='word_1_15' title='bbox 1241 301 1423 355; x_wconf 83' lang='lat' dir='ltr'><strong>Pudens,</strong></span> <span class='ocrx_word' id='word_1_16' title='bbox 1454 313 1479 344; x_wconf 91' lang='lat' dir='ltr'><strong>e</strong></span> <span class='ocrx_word' id='word_1_17' title='bbox 1508 313 1614 356; x_wconf 90' lang='lat' dir='ltr'><strong>pro-</strong></span> 
     </span>
    </p>
   </div>
   <div class='ocr_carea' id='block_1_4' title="bbox 78 376 462 435">
    <p class='ocr_par' dir='ltr' id='par_1_4' title="bbox 78 376 462 435">
     <span class='ocr_line' id='line_1_4' title="bbox 78 376 462 435; baseline -0.003 -14"><span class='ocrx_word' id='word_1_18' title='bbox 78 427 82 430; x_wconf 13' lang='lat'><em>*</em></span> <span class='ocrx_word' id='word_1_19' title='bbox 97 376 223 421; x_wconf 86' lang='lat' dir='ltr'><strong>ximis</strong></span> <span class='ocrx_word' id='word_1_20' title='bbox 253 377 462 435; x_wconf 74' lang='lat' dir='ltr'>Tigellini.</span> 
     </span>
    </p>
   </div>
   <div class='ocr_carea' id='block_1_5' title="bbox 523 377 1616 434">
    <p class='ocr_par' dir='ltr' id='par_1_5' title="bbox 523 377 1616 434">
     <span class='ocr_line' id='line_1_5' title="bbox 523 377 1616 434; baseline 0 -15"><span class='ocrx_word' id='word_1_21' title='bbox 523 378 563 420; x_wconf 92' lang='lat' dir='ltr'><strong>ls</strong></span> <span class='ocrx_word' id='word_1_22' title='bbox 594 378 911 420; x_wconf 83' lang='lat' dir='ltr'><strong>mobilissimum</strong></span> <span class='ocrx_word' id='word_1_23' title='bbox 943 390 1148 433; x_wconf 87' lang='lat' dir='ltr'><strong>quemque</strong></span> <span class='ocrx_word' id='word_1_24' title='bbox 1178 377 1352 434; x_wconf 86' lang='lat' dir='ltr'><strong>ingenio</strong></span> <span class='ocrx_word' id='word_1_25' title='bbox 1382 381 1455 421; x_wconf 85' lang='lat' dir='ltr'><strong>aut</strong></span> <span class='ocrx_word' id='word_1_26' title='bbox 1482 389 1616 432; x_wconf 92' lang='lat' dir='ltr'><strong>pecu-</strong></span> 
     </span>
    </p>
   </div>
   <div class='ocr_carea' id='block_1_6' title="bbox 98 453 1616 596">
    <p class='ocr_par' dir='ltr' id='par_1_6' title="bbox 98 453 1616 596">
     <span class='ocr_line' id='line_1_6' title="bbox 98 453 1615 509; baseline 0 -14"><span class='ocrx_word' id='word_1_27' title='bbox 98 454 197 496; x_wconf 67' lang='lat' dir='ltr'><strong>nite</strong></span> <span class='ocrx_word' id='word_1_28' title='bbox 225 453 413 509; x_wconf 81' lang='lat' dir='ltr'><strong>indigum</strong></span> <span class='ocrx_word' id='word_1_29' title='bbox 445 457 488 496; x_wconf 76' lang='lat' dir='ltr'><strong>et</strong></span> <span class='ocrx_word' id='word_1_30' title='bbox 517 453 560 495; x_wconf 89' lang='lat' dir='ltr'><strong>iu</strong></span> <span class='ocrx_word' id='word_1_31' title='bbox 589 465 724 495; x_wconf 85' lang='lat' dir='ltr'><strong>novas</strong></span> <span class='ocrx_word' id='word_1_32' title='bbox 756 454 1006 507; x_wconf 86' lang='lat' dir='ltr'><strong>cupiditates</strong></span> <span class='ocrx_word' id='word_1_33' title='bbox 1045 454 1317 509; x_wconf 87' lang='lat' dir='ltr'><strong>praecipitem</strong></span> <span class='ocrx_word' id='word_1_34' title='bbox 1357 453 1615 507; x_wconf 82' lang='lat' dir='ltr'><strong>adliciendo,</strong></span> 
     </span>
     <span class='ocr_line' id='line_1_7' title="bbox 100 528 1616 596; baseline 0.001 -25"><span class='ocrx_word' id='word_1_35' title='bbox 100 539 165 594; x_wconf 69' lang='lat' dir='ltr'><strong>eo3</strong></span> <span class='ocrx_word' id='word_1_36' title='bbox 181 528 379 583; x_wconf 76' lang='lat' dir='ltr'><strong>paulatim</strong></span> <span class='ocrx_word' id='word_1_37' title='bbox 409 539 664 583; x_wconf 83' lang='lat' dir='ltr'><strong>progressus</strong></span> <span class='ocrx_word' id='word_1_38' title='bbox 695 533 759 570; x_wconf 86' lang='lat' dir='ltr'><strong>est</strong></span> <span class='ocrx_word' id='word_1_39' title='bbox 788 532 832 571; x_wconf 92' lang='lat' dir='ltr'><strong>ut</strong></span> <span class='ocrx_word' id='word_1_40' title='bbox 855 529 1171 596; x_wconf 32' lang='lat' dir='ltr'><strong>Q‘Zbfims</strong></span> <span class='ocrx_word' id='word_1_41' title='bbox 1183 529 1384 589; x_wconf 84' lang='lat' dir='ltr'><strong>convivii,</strong></span> <span class='ocrx_word' id='word_1_42' title='bbox 1422 530 1616 585; x_wconf 84' lang='lat' dir='ltr'><strong>quotiens</strong></span> 
     </span>
    </p>
   </div>
   <div class='ocr_carea' id='block_1_7' title="bbox 1127 578 1352 597">
    <p class='ocr_par' dir='ltr' id='par_1_7' title="bbox 1127 578 1352 597">
     <span class='ocr_line' id='line_1_8' title="bbox 1127 578 1352 597; baseline 0 -5"><span class='ocrx_word' id='word_1_43' title='bbox 1127 593 1140 597; x_wconf 41' lang='grc' dir='ltr'><em>ν</em></span> <span class='ocrx_word' id='word_1_44' title='bbox 1173 578 1352 595; x_wconf 26' lang='grc' dir='ltr'><strong>,χῖ-Λ</strong></span> 
     </span>
    </p>
   </div>
   <div class='ocr_carea' id='block_1_8' title="bbox 34 602 1676 1036">
    <p class='ocr_par' dir='ltr' id='par_1_8' title="bbox 34 602 1676 1036">
     <span class='ocr_line' id='line_1_9' title="bbox 100 602 1650 661; baseline 0 -15"><span class='ocrx_word' id='word_1_45' title='bbox 100 602 231 646; x_wconf 64' lang='lat' dir='ltr'><strong>Galba</strong></span> <span class='ocrx_word' id='word_1_46' title='bbox 261 602 370 657; x_wconf 83' lang='lat' dir='ltr'><strong>apud</strong></span> <span class='ocrx_word' id='word_1_47' title='bbox 402 602 609 646; x_wconf 80' lang='lat' dir='ltr'><strong>Othonem</strong></span> <span class='ocrx_word' id='word_1_48' title='bbox 641 604 905 658; x_wconf 79' lang='lat' dir='ltr'>epularetur,</span> <span class='ocrx_word' id='word_1_49' title='bbox 947 604 1112 647; x_wconf 82' lang='lat' dir='ltr'><strong>cohorti</strong></span> <span class='ocrx_word' id='word_1_50' title='bbox 1144 605 1344 647; x_wconf 85' lang='lat' dir='ltr'><strong>excubias</strong></span> <span class='ocrx_word' id='word_1_51' title='bbox 1376 605 1518 661; x_wconf 82' lang='lat' dir='ltr'><strong>agenti</strong></span> <span class='ocrx_word' id='word_1_52' title='bbox 1547 605 1650 647; x_wconf 75' lang='lat' dir='ltr'><strong>vi-s</strong></span> 
     </span>
     <span class='ocr_line' id='line_1_10' title="bbox 34 677 1617 739; baseline 0.002 -19"><span class='ocrx_word' id='word_1_53' title='bbox 34 737 36 739; x_wconf 12' lang='lat' dir='ltr'>V</span> <span class='ocrx_word' id='word_1_54' title='bbox 99 677 211 720; x_wconf 85' lang='lat' dir='ltr'><strong>ritim</strong></span> <span class='ocrx_word' id='word_1_55' title='bbox 240 683 443 721; x_wconf 81' lang='lat' dir='ltr'><strong>centenos</strong></span> <span class='ocrx_word' id='word_1_56' title='bbox 473 691 664 722; x_wconf 90' lang='lat' dir='ltr'><strong>nummos</strong></span> <span class='ocrx_word' id='word_1_57' title='bbox 696 679 933 731; x_wconf 83' lang='lat' dir='ltr'><strong>divideret3</strong></span> <span class='ocrx_word' id='word_1_58' title='bbox 974 692 1097 734; x_wconf 84' lang='lat' dir='ltr'><strong>quam</strong></span> <span class='ocrx_word' id='word_1_59' title='bbox 1135 681 1248 723; x_wconf 87' lang='lat' dir='ltr'><strong>velut</strong></span> <span class='ocrx_word' id='word_1_60' title='bbox 1286 680 1494 735; x_wconf 86' lang='lat' dir='ltr'><strong>publicam</strong></span> <span class='ocrx_word' id='word_1_61' title='bbox 1525 681 1617 724; x_wconf 88' lang='lat' dir='ltr'><strong>lar-</strong></span> 
     </span>
     <span class='ocr_line' id='line_1_11' title="bbox 100 752 1620 811; baseline 0.003 -16"><span class='ocrx_word' id='word_1_62' title='bbox 100 753 303 808; x_wconf 79' lang='lat' dir='ltr'><strong>gitiouem</strong></span> <span class='ocrx_word' id='word_1_63' title='bbox 336 753 446 795; x_wconf 82' lang='lat' dir='ltr'><strong>Otho</strong></span> <span class='ocrx_word' id='word_1_64' title='bbox 480 754 784 796; x_wconf 87' lang='lat' dir='ltr'><strong>secretioribus</strong></span> <span class='ocrx_word' id='word_1_65' title='bbox 816 755 923 809; x_wconf 85' lang='lat' dir='ltr'><strong>apud</strong></span> <span class='ocrx_word' id='word_1_66' title='bbox 956 754 1148 811; x_wconf 85' lang='lat' dir='ltr'><strong>singulos</strong></span> <span class='ocrx_word' id='word_1_67' title='bbox 1184 756 1383 810; x_wconf 88' lang='lat' dir='ltr'><strong>praemiis</strong></span> <span class='ocrx_word' id='word_1_68' title='bbox 1421 752 1620 799; x_wconf 84' lang='lat' dir='ltr'><strong>intende-</strong></span> 
     </span>
     <span class='ocr_line' id='line_1_12' title="bbox 52 827 1617 905; baseline 0.003 -35"><span class='ocrx_word' id='word_1_69' title='bbox 52 827 187 882; x_wconf 56' lang='grc' dir='ltr'><strong>«ΒΜ,</strong></span> <span class='ocrx_word' id='word_1_70' title='bbox 219 828 327 871; x_wconf 89' lang='lat' dir='ltr'><strong>adeo</strong></span> <span class='ocrx_word' id='word_1_71' title='bbox 359 830 573 871; x_wconf 73' lang='lat' dir='ltr'><strong>animosus</strong></span> <span class='ocrx_word' id='word_1_72' title='bbox 605 834 828 884; x_wconf 89' lang='lat' dir='ltr'><strong>corruptor</strong></span> <span class='ocrx_word' id='word_1_73' title='bbox 858 831 902 872; x_wconf 85' lang='lat' dir='ltr'><strong>ut</strong></span> <span class='ocrx_word' id='word_1_74' title='bbox 922 830 1107 873; x_wconf 88' lang='lat' dir='ltr'><strong>Cocceio</strong></span> <span class='ocrx_word' id='word_1_75' title='bbox 1138 830 1315 874; x_wconf 87' lang='lat' dir='ltr'><strong>Proculo</strong></span> <span class='ocrx_word' id='word_1_76' title='bbox 1338 831 1617 905; x_wconf 55' lang='lat' dir='ltr'><strong>{EQ</strong></span> 
     </span>
     <span class='ocr_line' id='line_1_13' title="bbox 102 903 1619 962; baseline 0.001 -15"><span class='ocrx_word' id='word_1_77' title='bbox 102 903 157 947; x_wconf 81' lang='lat' dir='ltr'><strong>de</strong></span> <span class='ocrx_word' id='word_1_78' title='bbox 185 908 304 959; x_wconf 81' lang='lat' dir='ltr'><strong>parte</strong></span> <span class='ocrx_word' id='word_1_79' title='bbox 334 904 473 946; x_wconf 87' lang='lat' dir='ltr'><strong>finium</strong></span> <span class='ocrx_word' id='word_1_80' title='bbox 506 917 598 947; x_wconf 88' lang='lat' dir='ltr'><strong>cum</strong></span> <span class='ocrx_word' id='word_1_81' title='bbox 620 905 763 947; x_wconf 80' lang='lat' dir='ltr'><strong>vicino</strong></span> <span class='ocrx_word' id='word_1_82' title='bbox 790 905 1034 961; x_wconf 82' lang='lat' dir='ltr'><strong>ambigenti,</strong></span> <span class='ocrx_word' id='word_1_83' title='bbox 1056 906 1298 948; x_wconf 86' lang='lat' dir='ltr'><strong>universum</strong></span> <span class='ocrx_word' id='word_1_84' title='bbox 1320 907 1451 948; x_wconf 84' lang='lat' dir='ltr'><strong>vicini</strong></span> <span class='ocrx_word' id='word_1_85' title='bbox 1472 919 1619 962; x_wconf 84' lang='lat' dir='ltr'><strong>agrum</strong></span> 
     </span>
     <span class='ocr_line' id='line_1_14' title="bbox 105 980 1676 1036; baseline 0.001 -14"><span class='ocrx_word' id='word_1_86' title='bbox 105 991 181 1025; x_wconf 78' lang='lat' dir='ltr'><strong>sua</strong></span> <span class='ocrx_word' id='word_1_87' title='bbox 211 980 390 1034; x_wconf 84' lang='lat' dir='ltr'><strong>pecunia</strong></span> <span class='ocrx_word' id='word_1_88' title='bbox 421 985 600 1035; x_wconf 63' lang='lat' dir='ltr'><strong>en‘iptum</strong></span> <span class='ocrx_word' id='word_1_89' title='bbox 633 980 746 1022; x_wconf 91' lang='lat' dir='ltr'><strong>dono</strong></span> <span class='ocrx_word' id='word_1_90' title='bbox 779 980 969 1033; x_wconf 83' lang='lat' dir='ltr'><strong>dederit,</strong></span> <span class='ocrx_word' id='word_1_91' title='bbox 1008 993 1085 1034; x_wconf 90' lang='lat' dir='ltr'><strong>per</strong></span> <span class='ocrx_word' id='word_1_92' title='bbox 1127 981 1369 1024; x_wconf 82' lang='lat' dir='ltr'><strong>socordiam</strong></span> <span class='ocrx_word' id='word_1_93' title='bbox 1399 982 1676 1036; x_wconf 77' lang='lat' dir='ltr'><strong>praesecti,1o</strong></span> 
     </span>
    </p>
   </div>
   <div class='ocr_carea' id='block_1_9' title="bbox 32 1056 1102 1110">
    <p class='ocr_par' dir='ltr' id='par_1_9' title="bbox 32 1056 1102 1110">
     <span class='ocr_line' id='line_1_15' title="bbox 32 1056 1102 1110; baseline 0 -13"><span class='ocrx_word' id='word_1_94' title='bbox 32 1062 223 1110; x_wconf 80' lang='lat' dir='ltr'><strong>25quem</strong></span> <span class='ocrx_word' id='word_1_95' title='bbox 263 1060 363 1098; x_wconf 81' lang='lat' dir='ltr'><strong>nota</strong></span> <span class='ocrx_word' id='word_1_96' title='bbox 408 1056 567 1110; x_wconf 83' lang='lat' dir='ltr'><strong>pariter</strong></span> <span class='ocrx_word' id='word_1_97' title='bbox 604 1060 646 1098; x_wconf 84' lang='lat' dir='ltr'><strong>et</strong></span> <span class='ocrx_word' id='word_1_98' title='bbox 685 1056 850 1098; x_wconf 85' lang='lat' dir='ltr'><strong>occulta</strong></span> <span class='ocrx_word' id='word_1_99' title='bbox 890 1056 1102 1098; x_wconf 80' lang='lat' dir='ltr'><strong>fallebant.</strong></span> 
     </span>
    </p>
   </div>
   <div class='ocr_carea' id='block_1_10' title="bbox 1164 1057 1621 1100">
    <p class='ocr_par' dir='ltr' id='par_1_10' title="bbox 1164 1057 1621 1100">
     <span class='ocr_line' id='line_1_16' title="bbox 1164 1057 1621 1100; baseline 0.002 -1"><span class='ocrx_word' id='word_1_100' title='bbox 1164 1057 1248 1099; x_wconf 89' lang='lat' dir='ltr'><strong>Sed</strong></span> <span class='ocrx_word' id='word_1_101' title='bbox 1289 1061 1372 1100; x_wconf 92' lang='lat' dir='ltr'><strong>tum</strong></span> <span class='ocrx_word' id='word_1_102' title='bbox 1405 1071 1429 1100; x_wconf 90' lang='lat' dir='ltr'><strong>e</strong></span> <span class='ocrx_word' id='word_1_103' title='bbox 1458 1057 1621 1100; x_wconf 82' lang='lat' dir='ltr'><strong>libertis</strong></span> 
     </span>
    </p>
   </div>
   <div class='ocr_carea' id='block_1_11' title="bbox 102 1129 1623 1262">
    <p class='ocr_par' dir='ltr' id='par_1_11' title="bbox 102 1129 1623 1262">
     <span class='ocr_line' id='line_1_17' title="bbox 103 1129 1622 1187; baseline 0.002 -14"><span class='ocrx_word' id='word_1_104' title='bbox 103 1129 373 1174; x_wconf 80' lang='lat' dir='ltr'><strong>Onomastum</strong></span> <span class='ocrx_word' id='word_1_105' title='bbox 405 1132 544 1174; x_wconf 77' lang='lat' dir='ltr'><strong>futuro</strong></span> <span class='ocrx_word' id='word_1_106' title='bbox 576 1132 731 1174; x_wconf 87' lang='lat' dir='ltr'><strong>sceleri</strong></span> <span class='ocrx_word' id='word_1_107' title='bbox 759 1132 979 1187; x_wconf 75' lang='lat' dir='ltr'><strong>praefecit,</strong></span> <span class='ocrx_word' id='word_1_108' title='bbox 1014 1145 1037 1174; x_wconf 84' lang='lat' dir='ltr'><strong>a</strong></span> <span class='ocrx_word' id='word_1_109' title='bbox 1068 1144 1150 1186; x_wconf 86' lang='lat' dir='ltr'><strong>quo</strong></span> <span class='ocrx_word' id='word_1_110' title='bbox 1181 1132 1376 1175; x_wconf 84' lang='lat' dir='ltr'><strong>Barbium</strong></span> <span class='ocrx_word' id='word_1_111' title='bbox 1402 1132 1622 1176; x_wconf 89' lang='lat' dir='ltr'><strong>Proculum</strong></span> 
     </span>
     <span class='ocr_line' id='line_1_18' title="bbox 102 1207 1623 1262; baseline 0.001 -12"><span class='ocrx_word' id='word_1_112' title='bbox 102 1208 373 1250; x_wconf 80' lang='lat' dir='ltr'><strong>tesserarium</strong></span> <span class='ocrx_word' id='word_1_113' title='bbox 423 1207 734 1262; x_wconf 81' lang='lat' dir='ltr'><strong>speculatorum</strong></span> <span class='ocrx_word' id='word_1_114' title='bbox 786 1212 827 1250; x_wconf 89' lang='lat' dir='ltr'><strong>et</strong></span> <span class='ocrx_word' id='word_1_115' title='bbox 871 1207 1083 1250; x_wconf 83' lang='lat' dir='ltr'><strong>Veturium</strong></span> <span class='ocrx_word' id='word_1_116' title='bbox 1130 1208 1340 1262; x_wconf 89' lang='lat' dir='ltr'><strong>optionem</strong></span> <span class='ocrx_word' id='word_1_117' title='bbox 1391 1209 1623 1254; x_wconf 85' lang='lat' dir='ltr'><strong>eorundem</strong></span> 
     </span>
    </p>
   </div>
   <div class='ocr_carea' id='block_1_12' title="bbox 130 1257 342 1281">
    <p class='ocr_par' dir='ltr' id='par_1_12' title="bbox 130 1257 342 1281">
     <span class='ocr_line' id='line_1_19' title="bbox 130 1257 342 1281; baseline -0.009 0"><span class='ocrx_word' id='word_1_118' title='bbox 130 1257 342 1281; x_wconf 46' lang='lat' dir='ltr'>Q</span> 
     </span>
    </p>
   </div>
   <div class='ocr_carea' id='block_1_13' title="bbox 101 1283 1675 1415">
    <p class='ocr_par' dir='ltr' id='par_1_13' title="bbox 101 1283 1675 1415">
     <span class='ocr_line' id='line_1_20' title="bbox 101 1283 1622 1339; baseline 0.001 -13"><span class='ocrx_word' id='word_1_119' title='bbox 101 1283 352 1338; x_wconf 83' lang='lat' dir='ltr'><strong>perductos,</strong></span> <span class='ocrx_word' id='word_1_120' title='bbox 392 1287 612 1338; x_wconf 81' lang='lat' dir='ltr'><strong>postquam</strong></span> <span class='ocrx_word' id='word_1_121' title='bbox 643 1284 763 1326; x_wconf 85' lang='lat' dir='ltr'><strong>vario</strong></span> <span class='ocrx_word' id='word_1_122' title='bbox 794 1295 992 1326; x_wconf 87' lang='lat' dir='ltr'><strong>sermone</strong></span> <span class='ocrx_word' id='word_1_123' title='bbox 1025 1283 1202 1326; x_wconf 84' lang='lat' dir='ltr'><strong>callidos</strong></span> <span class='ocrx_word' id='word_1_124' title='bbox 1244 1284 1511 1339; x_wconf 82' lang='lat' dir='ltr'><strong>audacesque</strong></span> <span class='ocrx_word' id='word_1_125' title='bbox 1542 1296 1622 1327; x_wconf 88' lang='lat' dir='ltr'><strong>co-</strong></span> 
     </span>
     <span class='ocr_line' id='line_1_21' title="bbox 101 1359 1675 1415; baseline -0.001 -13"><span class='ocrx_word' id='word_1_126' title='bbox 101 1359 264 1414; x_wconf 72' lang='lat' dir='ltr'><strong>gnovit,</strong></span> <span class='ocrx_word' id='word_1_127' title='bbox 294 1359 431 1414; x_wconf 89' lang='lat' dir='ltr'><strong>pretio</strong></span> <span class='ocrx_word' id='word_1_128' title='bbox 463 1363 505 1401; x_wconf 89' lang='lat' dir='ltr'><strong>et</strong></span> <span class='ocrx_word' id='word_1_129' title='bbox 532 1359 754 1414; x_wconf 89' lang='lat' dir='ltr'><strong>promissis</strong></span> <span class='ocrx_word' id='word_1_130' title='bbox 785 1363 956 1412; x_wconf 85' lang='lat' dir='ltr'><strong>onerat,</strong></span> <span class='ocrx_word' id='word_1_131' title='bbox 998 1359 1095 1402; x_wconf 87' lang='lat' dir='ltr'><strong>data</strong></span> <span class='ocrx_word' id='word_1_132' title='bbox 1132 1360 1311 1413; x_wconf 88' lang='lat' dir='ltr'><strong>pecunia</strong></span> <span class='ocrx_word' id='word_1_133' title='bbox 1353 1360 1405 1402; x_wconf 87' lang='lat' dir='ltr'><strong>ad</strong></span> <span class='ocrx_word' id='word_1_134' title='bbox 1435 1364 1675 1415; x_wconf 74' lang='lat' dir='ltr'><strong>pertem-is</strong></span> 
     </span>
    </p>
   </div>
   <div class='ocr_carea' id='block_1_14' title="bbox 105 1453 631 1552">
    <p class='ocr_par' dir='ltr' id='par_1_14' title="bbox 105 1453 631 1552">
     <span class='ocr_line' id='line_1_22' title="bbox 242 1453 631 1492; baseline 0 -1"><span class='ocrx_word' id='word_1_135' title='bbox 242 1456 274 1491; x_wconf 91' lang='lat'><strong>1.</strong></span> <span class='ocrx_word' id='word_1_136' title='bbox 308 1461 344 1491; x_wconf 85' lang='lat' dir='ltr'><strong>et</strong></span> <span class='ocrx_word' id='word_1_137' title='bbox 372 1456 406 1492; x_wconf 89' lang='grc'><strong>6.</strong></span> <span class='ocrx_word' id='word_1_138' title='bbox 434 1456 542 1492; x_wconf 79' lang='lat' dir='ltr'><strong>uelud</strong></span> <span class='ocrx_word' id='word_1_139' title='bbox 564 1453 631 1491; x_wconf 59' lang='grc' dir='ltr'><strong>Μ..</strong></span> 
     </span>
     <span class='ocr_line' id='line_1_23' title="bbox 105 1503 364 1552; baseline -0.004 -11"><span class='ocrx_word' id='word_1_140' title='bbox 105 1505 162 1541; x_wconf 72' lang='lat'><strong>15.</strong></span> <span class='ocrx_word' id='word_1_141' title='bbox 191 1503 271 1552; x_wconf 59' lang='lat' dir='ltr'><strong>fiio</strong></span> <span class='ocrx_word' id='word_1_142' title='bbox 295 1505 364 1541; x_wconf 73' lang='lat' dir='ltr'><strong>Ma.</strong></span> 
     </span>
    </p>
   </div>
   <div class='ocr_carea' id='block_1_15' title="bbox 70 1589 831 3004">
    <p class='ocr_par' dir='ltr' id='par_1_15' title="bbox 103 1589 820 1684">
     <span class='ocr_line' id='line_1_24' title="bbox 103 1589 820 1635; baseline 0.003 -11"><span class='ocrx_word' id='word_1_143' title='bbox 103 1589 263 1633; x_wconf 51' lang='grc' dir='ltr'><strong>ἀπίω,-</strong></span> <span class='ocrx_word' id='word_1_144' title='bbox 289 1589 338 1625; x_wconf 87' lang='lat' dir='ltr'><strong>ib.</strong></span> <span class='ocrx_word' id='word_1_145' title='bbox 358 1589 429 1626; x_wconf 70' lang='lat'><strong>822</strong></span> <span class='ocrx_word' id='word_1_146' title='bbox 456 1591 566 1635; x_wconf 76' lang='lat' dir='ltr'><strong>quimz</strong></span> <span class='ocrx_word' id='word_1_147' title='bbox 589 1591 691 1626; x_wconf 82' lang='lat' dir='ltr'><strong>milia</strong></span> <span class='ocrx_word' id='word_1_148' title='bbox 715 1603 820 1626; x_wconf 71' lang='lat' dir='ltr'><strong>num-</strong></span> 
     </span>
     <span class='ocr_line' id='line_1_25' title="bbox 103 1638 573 1684; baseline 0.006 -12"><span class='ocrx_word' id='word_1_149' title='bbox 103 1650 197 1673; x_wconf 74' lang='lat' dir='ltr'><strong>mum</strong></span> <span class='ocrx_word' id='word_1_150' title='bbox 221 1638 369 1684; x_wconf 70' lang='lat' dir='ltr'><strong>singulis</strong></span> <span class='ocrx_word' id='word_1_151' title='bbox 394 1640 573 1675; x_wconf 78' lang='lat' dir='ltr'><strong>militibus.</strong></span> 
     </span>
    </p>

    <p class='ocr_par' dir='ltr' id='par_1_16' title="bbox 70 1688 831 3004">
     <span class='ocr_line' id='line_1_26' title="bbox 176 1688 825 1735; baseline 0 -13"><span class='ocrx_word' id='word_1_152' title='bbox 176 1692 215 1722; x_wconf 80' lang='lat' dir='ltr'><strong>ut</strong></span> <span class='ocrx_word' id='word_1_153' title='bbox 248 1688 397 1722; x_wconf 76' lang='lat' dir='ltr'><strong>Cocceio</strong></span> <span class='ocrx_word' id='word_1_154' title='bbox 424 1688 574 1722; x_wconf 84' lang='lat' dir='ltr'><strong>Proculo</strong></span> <span class='ocrx_word' id='word_1_155' title='bbox 609 1688 825 1735; x_wconf 77' lang='lat' dir='ltr'><strong>speculatori</strong></span> 
     </span>
     <span class='ocr_line' id='line_1_27' title="bbox 106 1735 823 1772; baseline 0.001 -3"><span class='ocrx_word' id='word_1_156' title='bbox 106 1735 260 1770; x_wconf 78' lang='lat' dir='ltr'><strong>—dono</strong></span> <span class='ocrx_word' id='word_1_157' title='bbox 282 1736 437 1771; x_wconf 76' lang='lat' dir='ltr'><strong>dederit.-</strong></span> <span class='ocrx_word' id='word_1_158' title='bbox 465 1737 660 1771; x_wconf 86' lang='lat' dir='ltr'><strong>Suetonius</strong></span> <span class='ocrx_word' id='word_1_159' title='bbox 687 1736 823 1772; x_wconf 80' lang='lat' dir='ltr'><strong>Oth.4:</strong></span> 
     </span>
     <span class='ocr_line' id='line_1_28' title="bbox 106 1785 827 1833; baseline 0 -13"><span class='ocrx_word' id='word_1_160' title='bbox 106 1785 247 1820; x_wconf 71' lang='lat' dir='ltr'><strong>cuidam</strong></span> <span class='ocrx_word' id='word_1_161' title='bbox 265 1786 371 1820; x_wconf 77' lang='lat' dir='ltr'><strong>etiam</strong></span> <span class='ocrx_word' id='word_1_162' title='bbox 391 1785 450 1819; x_wconf 82' lang='lat' dir='ltr'><strong>‘de</strong></span> <span class='ocrx_word' id='word_1_163' title='bbox 472 1792 576 1833; x_wconf 80' lang='lat' dir='ltr'><strong>parte</strong></span> <span class='ocrx_word' id='word_1_164' title='bbox 599 1787 724 1831; x_wconf 80' lang='lat' dir='ltr'><strong>finium</strong></span> <span class='ocrx_word' id='word_1_165' title='bbox 750 1797 827 1820; x_wconf 84' lang='lat' dir='ltr'><strong>cum</strong></span> 
     </span>
     <span class='ocr_line' id='line_1_29' title="bbox 106 1834 826 1882; baseline 0.001 -14"><span class='ocrx_word' id='word_1_166' title='bbox 106 1834 223 1869; x_wconf 70' lang='lat' dir='ltr'><strong>vicino</strong></span> <span class='ocrx_word' id='word_1_167' title='bbox 236 1834 405 1882; x_wconf 59' lang='lat' dir='ltr'><strong>litigant?</strong></span> <span class='ocrx_word' id='word_1_168' title='bbox 421 1840 587 1869; x_wconf 68' lang='lat' dir='ltr'><strong>—totuvn</strong></span> <span class='ocrx_word' id='word_1_169' title='bbox 614 1846 739 1881; x_wconf 62' lang='lat' dir='ltr'><strong>agrum</strong></span> <span class='ocrx_word' id='word_1_170' title='bbox 764 1847 826 1869; x_wconf 85' lang='lat' dir='ltr'><strong>re-</strong></span> 
     </span>
     <span class='ocr_line' id='line_1_30' title="bbox 107 1883 827 1930; baseline 0.001 -14"><span class='ocrx_word' id='word_1_171' title='bbox 107 1883 212 1918; x_wconf 78' lang='lat' dir='ltr'><strong>demit</strong></span> <span class='ocrx_word' id='word_1_172' title='bbox 252 1884 566 1930; x_wconf 76' lang='lat' dir='ltr'><strong>emancipavitque.</strong></span> <span class='ocrx_word' id='word_1_173' title='bbox 633 1886 827 1919; x_wconf 87' lang='lat' dir='ltr'><strong>Suetonius</strong></span> 
     </span>
     <span class='ocr_line' id='line_1_31' title="bbox 108 1930 826 1979; baseline 0.001 -13"><span class='ocrx_word' id='word_1_174' title='bbox 108 1930 219 1976; x_wconf 82' lang='lat' dir='ltr'><strong>verba</strong></span> <span class='ocrx_word' id='word_1_175' title='bbox 242 1943 263 1967; x_wconf 91' lang='lat' dir='ltr'><strong>a</strong></span> <span class='ocrx_word' id='word_1_176' title='bbox 288 1932 393 1967; x_wconf 84' lang='lat' dir='ltr'><strong>nobis</strong></span> <span class='ocrx_word' id='word_1_177' title='bbox 417 1932 621 1979; x_wconf 81' lang='lat' dir='ltr'><strong>significata</strong></span> <span class='ocrx_word' id='word_1_178' title='bbox 649 1945 692 1968; x_wconf 86' lang='lat' dir='ltr'><strong>ex</strong></span> <span class='ocrx_word' id='word_1_179' title='bbox 704 1933 826 1968; x_wconf 87' lang='lat' dir='ltr'><strong>Tacito</strong></span> 
     </span>
     <span class='ocr_line' id='line_1_32' title="bbox 106 1981 826 2028; baseline 0.003 -14"><span class='ocrx_word' id='word_1_180' title='bbox 106 1981 343 2027; x_wconf 79' lang='lat' dir='ltr'><strong>transcripsit,</strong></span> <span class='ocrx_word' id='word_1_181' title='bbox 370 1983 526 2028; x_wconf 65' lang='lat' dir='ltr'><strong>litiganti</strong></span> <span class='ocrx_word' id='word_1_182' title='bbox 560 1987 678 2017; x_wconf 82' lang='lat' dir='ltr'><strong>tamen</strong></span> <span class='ocrx_word' id='word_1_183' title='bbox 708 1984 826 2027; x_wconf 83' lang='lat' dir='ltr'><strong>posito</strong></span> 
     </span>
     <span class='ocr_line' id='line_1_33' title="bbox 107 2031 826 2077; baseline 0.003 -14"><span class='ocrx_word' id='word_1_184' title='bbox 107 2040 171 2075; x_wconf 92' lang='lat' dir='ltr'><strong>pro</strong></span> <span class='ocrx_word' id='word_1_185' title='bbox 198 2031 410 2077; x_wconf 72' lang='lat' dir='ltr'><strong>ambiqenti3</strong></span> <span class='ocrx_word' id='word_1_186' title='bbox 453 2041 489 2065; x_wconf 89' lang='lat' dir='ltr'><strong>v.</strong></span> <span class='ocrx_word' id='word_1_187' title='bbox 518 2036 640 2065; x_wconf 87' lang='lat' dir='ltr'><strong>annot.</strong></span> <span class='ocrx_word' id='word_1_188' title='bbox 678 2031 721 2066; x_wconf 88' lang='lat' dir='ltr'><strong>ad</strong></span> <span class='ocrx_word' id='word_1_189' title='bbox 749 2032 762 2065; x_wconf 90' lang='lat'>1</span> <span class='ocrx_word' id='word_1_190' title='bbox 792 2033 826 2067; x_wconf 89' lang='lat'><strong>5.</strong></span> 
     </span>
     <span class='ocr_line' id='line_1_34' title="bbox 107 2079 830 2125; baseline 0.001 -12"><span class='ocrx_word' id='word_1_191' title='bbox 107 2079 356 2125; x_wconf 72' lang='lat' dir='ltr'><strong>Speculatores</strong></span> <span class='ocrx_word' id='word_1_192' title='bbox 382 2081 549 2114; x_wconf 77' lang='lat' dir='ltr'><strong>Caesaris</strong></span> <span class='ocrx_word' id='word_1_193' title='bbox 586 2080 764 2114; x_wconf 72' lang='lat' dir='ltr'><strong>satellites</strong></span> <span class='ocrx_word' id='word_1_194' title='bbox 792 2086 830 2114; x_wconf 86' lang='lat' dir='ltr'><strong>et</strong></span> 
     </span>
     <span class='ocr_line' id='line_1_35' title="bbox 109 2128 829 2164; baseline 0.003 -2"><span class='ocrx_word' id='word_1_195' title='bbox 109 2128 278 2163; x_wconf 74' lang='lat' dir='ltr'><strong>custodes</strong></span> <span class='ocrx_word' id='word_1_196' title='bbox 319 2130 356 2163; x_wconf 89' lang='lat' dir='ltr'><strong>iu</strong></span> <span class='ocrx_word' id='word_1_197' title='bbox 425 2130 560 2164; x_wconf 80' lang='lat' dir='ltr'><strong>‘toriis</strong></span> <span class='ocrx_word' id='word_1_198' title='bbox 592 2140 714 2163; x_wconf 88' lang='lat' dir='ltr'><strong>rursus</strong></span> <span class='ocrx_word' id='word_1_199' title='bbox 748 2140 829 2164; x_wconf 86' lang='lat' dir='ltr'><strong>me-</strong></span> 
     </span>
     <span class='ocr_line' id='line_1_36' title="bbox 108 2178 828 2222; baseline 0.004 -11"><span class='ocrx_word' id='word_1_200' title='bbox 108 2183 292 2212; x_wconf 88' lang='lat' dir='ltr'><strong>morantur</strong></span> <span class='ocrx_word' id='word_1_201' title='bbox 316 2189 347 2212; x_wconf 86' lang='lat' dir='ltr'><strong>c.</strong></span> <span class='ocrx_word' id='word_1_202' title='bbox 365 2178 413 2214; x_wconf 71' lang='lat'><strong>25</strong></span> <span class='ocrx_word' id='word_1_203' title='bbox 501 2179 547 2214; x_wconf 86' lang='lat'><strong>27</strong></span> <span class='ocrx_word' id='word_1_204' title='bbox 577 2183 613 2212; x_wconf 85' lang='lat' dir='ltr'><strong>et</strong></span> <span class='ocrx_word' id='word_1_205' title='bbox 637 2180 686 2214; x_wconf 83' lang='lat'><strong>33</strong></span> <span class='ocrx_word' id='word_1_206' title='bbox 711 2183 747 2212; x_wconf 88' lang='lat' dir='ltr'><strong>et</strong></span> <span class='ocrx_word' id='word_1_207' title='bbox 767 2179 828 2222; x_wconf 84' lang='lat'>35,</span> 
     </span>
     <span class='ocr_line' id='line_1_37' title="bbox 109 2225 828 2271; baseline 0.001 -11"><span class='ocrx_word' id='word_1_208' title='bbox 109 2225 142 2260; x_wconf 82' lang='lat'><strong>11</strong></span> <span class='ocrx_word' id='word_1_209' title='bbox 171 2226 213 2261; x_wconf 82' lang='grc'><strong>11</strong></span> <span class='ocrx_word' id='word_1_210' title='bbox 242 2232 279 2261; x_wconf 85' lang='lat' dir='ltr'><strong>et</strong></span> <span class='ocrx_word' id='word_1_211' title='bbox 302 2226 374 2271; x_wconf 79' lang='lat'>33,</span> <span class='ocrx_word' id='word_1_212' title='bbox 401 2228 438 2261; x_wconf 91' lang='lat' dir='ltr'><strong>in</strong></span> <span class='ocrx_word' id='word_1_213' title='bbox 464 2226 665 2261; x_wconf 80' lang='lat' dir='ltr'><strong>Annalibus</strong></span> <span class='ocrx_word' id='word_1_214' title='bbox 690 2228 828 2261; x_wconf 85' lang='lat' dir='ltr'><strong>mentio</strong></span> 
     </span>
     <span class='ocr_line' id='line_1_38' title="bbox 70 2275 828 2323; baseline 0.004 -15"><span class='ocrx_word' id='word_1_215' title='bbox 70 2314 77 2323; x_wconf 67' lang='lat'><strong>.</strong></span> <span class='ocrx_word' id='word_1_216' title='bbox 110 2284 234 2309; x_wconf 85' lang='lat' dir='ltr'><strong>eorum</strong></span> <span class='ocrx_word' id='word_1_217' title='bbox 260 2275 374 2311; x_wconf 87' lang='lat' dir='ltr'><strong>nulla.</strong></span> <span class='ocrx_word' id='word_1_218' title='bbox 402 2275 458 2310; x_wconf 80' lang='lat' dir='ltr'><strong>cf.</strong></span> <span class='ocrx_word' id='word_1_219' title='bbox 480 2276 629 2310; x_wconf 88' lang='lat' dir='ltr'><strong>Sueton.</strong></span> <span class='ocrx_word' id='word_1_220' title='bbox 656 2277 752 2322; x_wconf 84' lang='lat' dir='ltr'><strong>Aug.</strong></span> <span class='ocrx_word' id='word_1_221' title='bbox 770 2277 828 2319; x_wconf 74' lang='lat'>74,</span> 
     </span>
     <span class='ocr_line' id='line_1_39' title="bbox 72 2321 828 2369; baseline 0.001 -12"><span class='ocrx_word' id='word_1_222' title='bbox 72 2324 93 2345; x_wconf 37' lang='grc' dir='ltr'><strong>*γ’</strong></span> <span class='ocrx_word' id='word_1_223' title='bbox 110 2321 229 2369; x_wconf 76' lang='lat' dir='ltr'><strong>Calig.</strong></span> <span class='ocrx_word' id='word_1_224' title='bbox 255 2325 305 2359; x_wconf 80' lang='lat'><strong>44</strong></span> <span class='ocrx_word' id='word_1_225' title='bbox 330 2329 385 2358; x_wconf 60' lang='lat' dir='ltr'><strong>eb</strong></span> <span class='ocrx_word' id='word_1_226' title='bbox 396 2324 456 2367; x_wconf 80' lang='lat'>52,</span> <span class='ocrx_word' id='word_1_227' title='bbox 483 2324 609 2359; x_wconf 83' lang='lat' dir='ltr'><strong>Claud.</strong></span> <span class='ocrx_word' id='word_1_228' title='bbox 637 2326 696 2368; x_wconf 85' lang='lat'>35,</span> <span class='ocrx_word' id='word_1_229' title='bbox 727 2324 828 2359; x_wconf 82' lang='lat' dir='ltr'><strong>Galb.</strong></span> 
     </span>
     <span class='ocr_line' id='line_1_40' title="bbox 113 2371 830 2418; baseline 0.001 -12"><span class='ocrx_word' id='word_1_230' title='bbox 113 2371 170 2415; x_wconf 86' lang='lat'>18,</span> <span class='ocrx_word' id='word_1_231' title='bbox 197 2371 280 2408; x_wconf 82' lang='lat' dir='ltr'><strong>Oth.</strong></span> <span class='ocrx_word' id='word_1_232' title='bbox 308 2373 343 2408; x_wconf 83' lang='grc'><strong>5.</strong></span> <span class='ocrx_word' id='word_1_233' title='bbox 381 2372 451 2407; x_wconf 78' lang='lat' dir='ltr'><strong>Dio</strong></span> <span class='ocrx_word' id='word_1_234' title='bbox 479 2373 537 2407; x_wconf 86' lang='lat' dir='ltr'><strong>LX</strong></span> <span class='ocrx_word' id='word_1_235' title='bbox 563 2375 598 2409; x_wconf 84' lang='lat'><strong>3.</strong></span> <span class='ocrx_word' id='word_1_236' title='bbox 635 2373 731 2418; x_wconf 84' lang='lat' dir='ltr'><strong>Lips.</strong></span> <span class='ocrx_word' id='word_1_237' title='bbox 762 2384 830 2407; x_wconf 87' lang='lat' dir='ltr'><strong>an-</strong></span> 
     </span>
     <span class='ocr_line' id='line_1_41' title="bbox 110 2421 828 2457; baseline 0.001 -2"><span class='ocrx_word' id='word_1_238' title='bbox 110 2422 187 2455; x_wconf 80' lang='lat' dir='ltr'><strong>not.</strong></span> <span class='ocrx_word' id='word_1_239' title='bbox 226 2421 270 2456; x_wconf 84' lang='lat' dir='ltr'><strong>ad</strong></span> <span class='ocrx_word' id='word_1_240' title='bbox 304 2421 340 2456; x_wconf 90' lang='lat' dir='ltr'><strong>h.</strong></span> <span class='ocrx_word' id='word_1_241' title='bbox 377 2421 402 2456; x_wconf 91' lang='lat' dir='ltr'><strong>l.</strong></span> <span class='ocrx_word' id='word_1_242' title='bbox 466 2422 708 2456; x_wconf 87' lang='lat' dir='ltr'><strong>Forcellinius</strong></span> <span class='ocrx_word' id='word_1_243' title='bbox 736 2432 765 2456; x_wconf 90' lang='lat' dir='ltr'><strong>s.</strong></span> <span class='ocrx_word' id='word_1_244' title='bbox 792 2433 828 2457; x_wconf 86' lang='lat' dir='ltr'><strong>v.</strong></span> 
     </span>
     <span class='ocr_line' id='line_1_42' title="bbox 111 2468 829 2515; baseline 0 -11"><span class='ocrx_word' id='word_1_245' title='bbox 111 2468 343 2515; x_wconf 70' lang='lat' dir='ltr'><strong>Ptoee&#39;soctus,</strong></span> <span class='ocrx_word' id='word_1_246' title='bbox 379 2471 482 2514; x_wconf 59' lang='lat' dir='ltr'><strong>cuil-</strong></span> <span class='ocrx_word' id='word_1_247' title='bbox 513 2471 679 2505; x_wconf 86' lang='lat' dir='ltr'><strong>socordia</strong></span> <span class='ocrx_word' id='word_1_248' title='bbox 709 2472 829 2504; x_wconf 86' lang='lat' dir='ltr'><strong>statim</strong></span> 
     </span>
     <span class='ocr_line' id='line_1_43' title="bbox 110 2519 828 2564; baseline 0.001 -12"><span class='ocrx_word' id='word_1_249' title='bbox 110 2519 306 2562; x_wconf 84' lang='lat' dir='ltr'><strong>incusatur,</strong></span> <span class='ocrx_word' id='word_1_250' title='bbox 335 2524 390 2554; x_wconf 86' lang='lat' dir='ltr'><strong>est</strong></span> <span class='ocrx_word' id='word_1_251' title='bbox 416 2520 621 2564; x_wconf 72' lang='lat' dir='ltr'><strong>praefectus</strong></span> <span class='ocrx_word' id='word_1_252' title='bbox 649 2521 828 2564; x_wconf 81' lang='lat' dir='ltr'><strong>praetorio</strong></span> 
     </span>
     <span class='ocr_line' id='line_1_44' title="bbox 111 2566 829 2611; baseline 0 -9"><span class='ocrx_word' id='word_1_253' title='bbox 111 2566 225 2611; x_wconf 56' lang='lat' dir='ltr'><strong>m,</strong></span> <span class='ocrx_word' id='word_1_254' title='bbox 261 2568 387 2603; x_wconf 86' lang='lat' dir='ltr'><strong>eodem</strong></span> <span class='ocrx_word' id='word_1_255' title='bbox 423 2570 568 2603; x_wconf 89' lang='lat' dir='ltr'><strong>nomine</strong></span> <span class='ocrx_word' id='word_1_256' title='bbox 603 2570 710 2603; x_wconf 84' lang='lat' dir='ltr'><strong>etiam</strong></span> <span class='ocrx_word' id='word_1_257' title='bbox 746 2574 829 2603; x_wconf 84' lang='lat' dir='ltr'><strong>ante</strong></span> 
     </span>
     <span class='ocr_line' id='line_1_45' title="bbox 113 2616 829 2663; baseline 0.003 -13"><span class='ocrx_word' id='word_1_258' title='bbox 113 2616 214 2662; x_wconf 67' lang='grc'><strong>(11.6)</strong></span> <span class='ocrx_word' id='word_1_259' title='bbox 230 2622 385 2652; x_wconf 85' lang='lat' dir='ltr'><strong>notatus.</strong></span> <span class='ocrx_word' id='word_1_260' title='bbox 416 2617 508 2652; x_wconf 87' lang='lat' dir='ltr'><strong>Hinc</strong></span> <span class='ocrx_word' id='word_1_261' title='bbox 529 2617 729 2663; x_wconf 81' lang='lat' dir='ltr'><strong>intelliges,</strong></span> <span class='ocrx_word' id='word_1_262' title='bbox 743 2629 829 2662; x_wconf 88' lang='lat' dir='ltr'><strong>spe-</strong></span> 
     </span>
     <span class='ocr_line' id='line_1_46' title="bbox 112 2664 830 2711; baseline -0.003 -12"><span class='ocrx_word' id='word_1_263' title='bbox 112 2664 293 2700; x_wconf 73' lang='lat' dir='ltr'><strong>culatores</strong></span> <span class='ocrx_word' id='word_1_264' title='bbox 307 2667 393 2700; x_wconf 90' lang='lat' dir='ltr'><strong>item</strong></span> <span class='ocrx_word' id='word_1_265' title='bbox 406 2666 449 2699; x_wconf 65' lang='lat' dir='ltr'><strong>u!</strong></span> <span class='ocrx_word' id='word_1_266' title='bbox 458 2668 708 2710; x_wconf 84' lang='lat' dir='ltr'><strong>praetorianos</strong></span> <span class='ocrx_word' id='word_1_267' title='bbox 720 2678 830 2711; x_wconf 71' lang='lat' dir='ltr'><strong>prae-</strong></span> 
     </span>
     <span class='ocr_line' id='line_1_47' title="bbox 112 2712 830 2760; baseline 0.004 -13"><span class='ocrx_word' id='word_1_268' title='bbox 112 2712 200 2748; x_wconf 79' lang='lat' dir='ltr'><strong>fecti</strong></span> <span class='ocrx_word' id='word_1_269' title='bbox 214 2715 312 2749; x_wconf 89' lang='lat' dir='ltr'><strong>iussa</strong></span> <span class='ocrx_word' id='word_1_270' title='bbox 331 2719 476 2749; x_wconf 84' lang='lat' dir='ltr'><strong>secutos</strong></span> <span class='ocrx_word' id='word_1_271' title='bbox 491 2726 592 2759; x_wconf 84' lang='lat' dir='ltr'><strong>esse3</strong></span> <span class='ocrx_word' id='word_1_272' title='bbox 619 2725 725 2760; x_wconf 82' lang='lat' dir='ltr'><strong>porro</strong></span> <span class='ocrx_word' id='word_1_273' title='bbox 747 2727 830 2750; x_wconf 90' lang='lat' dir='ltr'><strong>cer-</strong></span> 
     </span>
     <span class='ocr_line' id='line_1_48' title="bbox 113 2764 830 2809; baseline 0.004 -14"><span class='ocrx_word' id='word_1_274' title='bbox 113 2765 187 2796; x_wconf 85' lang='lat' dir='ltr'><strong>tum</strong></span> <span class='ocrx_word' id='word_1_275' title='bbox 203 2773 389 2798; x_wconf 89' lang='lat' dir='ltr'><strong>numerum</strong></span> <span class='ocrx_word' id='word_1_276' title='bbox 406 2764 672 2809; x_wconf 85' lang='lat' dir='ltr'><strong>speculatorum</strong></span> <span class='ocrx_word' id='word_1_277' title='bbox 686 2765 723 2798; x_wconf 88' lang='lat' dir='ltr'><strong>in</strong></span> <span class='ocrx_word' id='word_1_278' title='bbox 737 2776 830 2798; x_wconf 89' lang='lat' dir='ltr'><strong>una-</strong></span> 
     </span>
     <span class='ocr_line' id='line_1_49' title="bbox 115 2813 831 2857; baseline 0.003 -13"><span class='ocrx_word' id='word_1_279' title='bbox 115 2819 258 2857; x_wconf 76' lang='lat' dir='ltr'><strong>quaque</strong></span> <span class='ocrx_word' id='word_1_280' title='bbox 284 2813 435 2848; x_wconf 87' lang='lat' dir='ltr'><strong>cohorte</strong></span> <span class='ocrx_word' id='word_1_281' title='bbox 469 2813 622 2847; x_wconf 85' lang='lat' dir='ltr'><strong>rnilitum</strong></span> <span class='ocrx_word' id='word_1_282' title='bbox 657 2815 831 2857; x_wconf 89' lang='lat' dir='ltr'><strong>praetorii</strong></span> 
     </span>
     <span class='ocr_line' id='line_1_50' title="bbox 116 2857 831 2908; baseline 0.004 -15"><span class='ocrx_word' id='word_1_283' title='bbox 116 2857 229 2895; x_wconf 77' lang='lat' dir='ltr'><strong>fuisse</strong></span> <span class='ocrx_word' id='word_1_284' title='bbox 247 2861 380 2896; x_wconf 84' lang='lat' dir='ltr'><strong>docent</strong></span> <span class='ocrx_word' id='word_1_285' title='bbox 406 2862 516 2896; x_wconf 81' lang='lat' dir='ltr'><strong>verba</strong></span> <span class='ocrx_word' id='word_1_286' title='bbox 544 2874 574 2897; x_wconf 88' lang='lat' dir='ltr'><strong>c.</strong></span> <span class='ocrx_word' id='word_1_287' title='bbox 591 2863 657 2897; x_wconf 78' lang='lat'><strong>31:</strong></span> <span class='ocrx_word' id='word_1_288' title='bbox 685 2862 831 2908; x_wconf 76' lang='lat' dir='ltr'><strong>dilapsis</strong></span> 
     </span>
     <span class='ocr_line' id='line_1_51' title="bbox 115 2908 831 2955; baseline 0.003 -13"><span class='ocrx_word' id='word_1_289' title='bbox 115 2908 392 2953; x_wconf 71' lang='lat' dir='ltr'><strong>speculatoribus</strong></span> <span class='ocrx_word' id='word_1_290' title='bbox 408 2937 417 2955; x_wconf 95' lang='lat'>,</span> <span class='ocrx_word' id='word_1_291' title='bbox 463 2917 582 2945; x_wconf 79' lang='lat' dir='ltr'><strong>cetera</strong></span> <span class='ocrx_word' id='word_1_292' title='bbox 608 2911 734 2945; x_wconf 77' lang='lat' dir='ltr'><strong>cohors</strong></span> <span class='ocrx_word' id='word_1_293' title='bbox 758 2923 831 2944; x_wconf 68' lang='lat' dir='ltr'><strong>raon</strong></span> 
     </span>
     <span class='ocr_line' id='line_1_52' title="bbox 115 2960 828 3004; baseline 0.006 -14"><span class='ocrx_word' id='word_1_294' title='bbox 115 2964 311 3004; x_wconf 78' lang='lat' dir='ltr'><strong>aspernata</strong></span> <span class='ocrx_word' id='word_1_295' title='bbox 332 2961 605 2996; x_wconf 79' lang='lat' dir='ltr'><strong>contionantem.</strong></span> <span class='ocrx_word' id='word_1_296' title='bbox 658 2960 762 3004; x_wconf 85' lang='lat' dir='ltr'><strong>Quod</strong></span> <span class='ocrx_word' id='word_1_297' title='bbox 786 2960 828 2995; x_wconf 83' lang='lat' dir='ltr'><strong>H.</strong></span> 
     </span>
    </p>
   </div>
   <div class='ocr_carea' id='block_1_16' title="bbox 702 1452 962 1502">
    <p class='ocr_par' dir='ltr' id='par_1_17' title="bbox 702 1452 962 1502">
     <span class='ocr_line' id='line_1_53' title="bbox 702 1452 962 1502; baseline -0.008 -11"><span class='ocrx_word' id='word_1_298' title='bbox 702 1456 738 1491; x_wconf 81' lang='lat'><strong>2.</strong></span> <span class='ocrx_word' id='word_1_299' title='bbox 766 1455 867 1502; x_wconf 69' lang='lat' dir='ltr'><strong>tiqui.</strong></span> <span class='ocrx_word' id='word_1_300' title='bbox 896 1452 962 1490; x_wconf 68' lang='lat' dir='ltr'><strong>ma.</strong></span> 
     </span>
    </p>
   </div>
   <div class='ocr_carea' id='block_1_17' title="bbox 1039 1455 1619 1502">
    <p class='ocr_par' dir='ltr' id='par_1_18' title="bbox 1039 1455 1619 1502">
     <span class='ocr_line' id='line_1_54' title="bbox 1039 1455 1619 1502; baseline 0.007 -12"><span class='ocrx_word' id='word_1_301' title='bbox 1039 1466 1195 1502; x_wconf 71' lang='lat' dir='ltr'><strong>querique</strong></span> <span class='ocrx_word' id='word_1_302' title='bbox 1221 1455 1289 1491; x_wconf 67' lang='lat' dir='ltr'><strong>Ma.</strong></span> <span class='ocrx_word' id='word_1_303' title='bbox 1339 1457 1375 1492; x_wconf 84' lang='lat'><strong>4.</strong></span> <span class='ocrx_word' id='word_1_304' title='bbox 1406 1458 1527 1492; x_wconf 80' lang='lat' dir='ltr'><strong>conuii</strong></span> <span class='ocrx_word' id='word_1_305' title='bbox 1550 1455 1619 1494; x_wconf 66' lang='grc'><strong>1113.</strong></span> 
     </span>
    </p>
   </div>
   <div class='ocr_carea' id='block_1_18' title="bbox 898 1589 1631 2996">
    <p class='ocr_par' dir='ltr' id='par_1_19' title="bbox 898 1589 1620 1829">
     <span class='ocr_line' id='line_1_55' title="bbox 900 1589 1620 1634; baseline 0.001 -10"><span class='ocrx_word' id='word_1_306' title='bbox 900 1589 934 1624; x_wconf 88' lang='lat'><strong>11</strong></span> <span class='ocrx_word' id='word_1_307' title='bbox 964 1591 1004 1624; x_wconf 91' lang='lat'><strong>11</strong></span> <span class='ocrx_word' id='word_1_308' title='bbox 1035 1593 1072 1623; x_wconf 84' lang='lat' dir='ltr'><strong>et</strong></span> <span class='ocrx_word' id='word_1_309' title='bbox 1097 1590 1144 1625; x_wconf 85' lang='lat'><strong>33</strong></span> <span class='ocrx_word' id='word_1_310' title='bbox 1173 1589 1422 1634; x_wconf 85' lang='lat' dir='ltr'><strong>speculatores</strong></span> <span class='ocrx_word' id='word_1_311' title='bbox 1449 1594 1485 1624; x_wconf 88' lang='lat' dir='ltr'><strong>et</strong></span> <span class='ocrx_word' id='word_1_312' title='bbox 1510 1599 1620 1634; x_wconf 87' lang='lat' dir='ltr'><strong>prae-</strong></span> 
     </span>
     <span class='ocr_line' id='line_1_56' title="bbox 898 1638 1619 1683; baseline 0.001 -12"><span class='ocrx_word' id='word_1_313' title='bbox 898 1640 1013 1672; x_wconf 85' lang='lat' dir='ltr'><strong>toriae</strong></span> <span class='ocrx_word' id='word_1_314' title='bbox 1044 1638 1212 1672; x_wconf 85' lang='lat' dir='ltr'><strong>cohortes</strong></span> <span class='ocrx_word' id='word_1_315' title='bbox 1247 1640 1283 1672; x_wconf 92' lang='lat' dir='ltr'><strong>in</strong></span> <span class='ocrx_word' id='word_1_316' title='bbox 1325 1640 1440 1683; x_wconf 90' lang='lat' dir='ltr'><strong>copiis</strong></span> <span class='ocrx_word' id='word_1_317' title='bbox 1468 1638 1619 1673; x_wconf 84' lang='lat' dir='ltr'><strong>Othonis</strong></span> 
     </span>
     <span class='ocr_line' id='line_1_57' title="bbox 902 1687 1620 1731; baseline 0 -10"><span class='ocrx_word' id='word_1_318' title='bbox 902 1692 1169 1731; x_wconf 87' lang='lat' dir='ltr'><strong>enumerantur,</strong></span> <span class='ocrx_word' id='word_1_319' title='bbox 1197 1697 1269 1720; x_wconf 91' lang='lat' dir='ltr'><strong>non</strong></span> <span class='ocrx_word' id='word_1_320' title='bbox 1296 1687 1439 1722; x_wconf 89' lang='lat' dir='ltr'><strong>diversa</strong></span> <span class='ocrx_word' id='word_1_321' title='bbox 1465 1688 1620 1722; x_wconf 88' lang='lat' dir='ltr'><strong>militum</strong></span> 
     </span>
     <span class='ocr_line' id='line_1_58' title="bbox 899 1735 1620 1783; baseline 0.001 -13"><span class='ocrx_word' id='word_1_322' title='bbox 899 1746 1046 1782; x_wconf 84' lang='lat' dir='ltr'><strong>genera,</strong></span> <span class='ocrx_word' id='word_1_323' title='bbox 1073 1735 1138 1770; x_wconf 88' lang='lat' dir='ltr'><strong>sed</strong></span> <span class='ocrx_word' id='word_1_324' title='bbox 1163 1736 1326 1770; x_wconf 87' lang='lat' dir='ltr'><strong>eiusdem</strong></span> <span class='ocrx_word' id='word_1_325' title='bbox 1354 1737 1500 1783; x_wconf 84' lang='lat' dir='ltr'><strong>generis</strong></span> <span class='ocrx_word' id='word_1_326' title='bbox 1527 1736 1620 1771; x_wconf 85' lang='lat' dir='ltr'><strong>duae</strong></span> 
     </span>
     <span class='ocr_line' id='line_1_59' title="bbox 898 1785 1296 1829; baseline 0 -11"><span class='ocrx_word' id='word_1_327' title='bbox 898 1786 1041 1829; x_wconf 86' lang='lat' dir='ltr'><strong>species</strong></span> <span class='ocrx_word' id='word_1_328' title='bbox 1068 1785 1296 1819; x_wconf 86' lang='lat' dir='ltr'><strong>denotantur.</strong></span> 
     </span>
    </p>

    <p class='ocr_par' dir='ltr' id='par_1_20' title="bbox 899 1833 1621 2176">
     <span class='ocr_line' id='line_1_60' title="bbox 975 1833 1620 1881; baseline 0.002 -14"><span class='ocrx_word' id='word_1_329' title='bbox 975 1833 1061 1878; x_wconf 86' lang='lat' dir='ltr'><strong>Cap.</strong></span> <span class='ocrx_word' id='word_1_330' title='bbox 1091 1834 1150 1869; x_wconf 85' lang='lat'><strong>25.</strong></span> <span class='ocrx_word' id='word_1_331' title='bbox 1202 1834 1263 1868; x_wconf 81' lang='lat' dir='ltr'><strong>sed</strong></span> <span class='ocrx_word' id='word_1_332' title='bbox 1294 1840 1364 1869; x_wconf 77' lang='lat' dir='ltr'><strong>tum</strong></span> <span class='ocrx_word' id='word_1_333' title='bbox 1400 1856 1446 1861; x_wconf 89' lang='lat'><strong>——</strong></span> <span class='ocrx_word' id='word_1_334' title='bbox 1471 1835 1620 1881; x_wconf 80' lang='lat' dir='ltr'><strong>praese-</strong></span> 
     </span>
     <span class='ocr_line' id='line_1_61' title="bbox 900 1881 1620 1929; baseline 0.003 -13"><span class='ocrx_word' id='word_1_335' title='bbox 900 1884 967 1916; x_wconf 74' lang='grc' dir='ltr'><strong>αἰ.-</strong></span> <span class='ocrx_word' id='word_1_336' title='bbox 994 1882 1152 1917; x_wconf 89' lang='lat' dir='ltr'><strong>moribus</strong></span> <span class='ocrx_word' id='word_1_337' title='bbox 1167 1881 1320 1917; x_wconf 90' lang='lat' dir='ltr'><strong>Othonis</strong></span> <span class='ocrx_word' id='word_1_338' title='bbox 1349 1887 1385 1918; x_wconf 85' lang='lat' dir='ltr'><strong>et</strong></span> <span class='ocrx_word' id='word_1_339' title='bbox 1409 1884 1484 1919; x_wconf 80' lang='lat' dir='ltr'><strong>vita</strong></span> <span class='ocrx_word' id='word_1_340' title='bbox 1499 1885 1620 1929; x_wconf 89' lang='lat' dir='ltr'><strong>priore</strong></span> 
     </span>
     <span class='ocr_line' id='line_1_62' title="bbox 899 1930 1619 1969; baseline 0.006 -5"><span class='ocrx_word' id='word_1_341' title='bbox 899 1932 1051 1966; x_wconf 83' lang='lat' dir='ltr'><strong>narratis</strong></span> <span class='ocrx_word' id='word_1_342' title='bbox 1086 1930 1131 1965; x_wconf 91' lang='lat' dir='ltr'><strong>ad</strong></span> <span class='ocrx_word' id='word_1_343' title='bbox 1164 1933 1327 1967; x_wconf 86' lang='lat' dir='ltr'><strong>ordinem</strong></span> <span class='ocrx_word' id='word_1_344' title='bbox 1367 1943 1486 1967; x_wconf 91' lang='lat' dir='ltr'><strong>rerum</strong></span> <span class='ocrx_word' id='word_1_345' title='bbox 1515 1945 1545 1967; x_wconf 84' lang='lat' dir='ltr'><strong>c.</strong></span> <span class='ocrx_word' id='word_1_346' title='bbox 1574 1935 1619 1969; x_wconf 84' lang='lat'><strong>21</strong></span> 
     </span>
     <span class='ocr_line' id='line_1_63' title="bbox 900 1980 1621 2026; baseline 0.004 -12"><span class='ocrx_word' id='word_1_347' title='bbox 900 1980 1066 2015; x_wconf 88' lang='lat' dir='ltr'><strong>relictum</strong></span> <span class='ocrx_word' id='word_1_348' title='bbox 1100 1981 1170 2015; x_wconf 86' lang='lat' dir='ltr'><strong>iam</strong></span> <span class='ocrx_word' id='word_1_349' title='bbox 1202 1983 1420 2024; x_wconf 85' lang='lat' dir='ltr'><strong>revertitur,</strong></span> <span class='ocrx_word' id='word_1_350' title='bbox 1460 1993 1525 2026; x_wconf 88' lang='lat' dir='ltr'><strong>per</strong></span> <span class='ocrx_word' id='word_1_351' title='bbox 1550 1992 1621 2017; x_wconf 87' lang='lat' dir='ltr'><strong>vo-</strong></span> 
     </span>
     <span class='ocr_line' id='line_1_64' title="bbox 901 2031 1621 2076; baseline 0.003 -13"><span class='ocrx_word' id='word_1_352' title='bbox 901 2041 979 2063; x_wconf 88' lang='lat' dir='ltr'><strong>cem</strong></span> <span class='ocrx_word' id='word_1_353' title='bbox 1015 2036 1086 2064; x_wconf 80' lang='lat' dir='ltr'><strong>tum</strong></span> <span class='ocrx_word' id='word_1_354' title='bbox 1124 2032 1446 2076; x_wconf 69' lang='lat' dir='ltr'><strong>respiciens&#39;ante</strong></span> <span class='ocrx_word' id='word_1_355' title='bbox 1487 2031 1621 2066; x_wconf 90' lang='lat' dir='ltr'><strong>dictum</strong></span> 
     </span>
     <span class='ocr_line' id='line_1_65' title="bbox 902 2079 1619 2126; baseline 0.001 -13"><span class='ocrx_word' id='word_1_356' title='bbox 902 2081 954 2123; x_wconf 88' lang='lat' dir='ltr'><strong>(c.</strong></span> <span class='ocrx_word' id='word_1_357' title='bbox 986 2079 1053 2125; x_wconf 82' lang='lat'><strong>23)</strong></span> <span class='ocrx_word' id='word_1_358' title='bbox 1088 2079 1151 2113; x_wconf 79' lang='lat' dir='ltr'><strong>sed</strong></span> <span class='ocrx_word' id='word_1_359' title='bbox 1182 2080 1327 2114; x_wconf 79' lang='lat' dir='ltr'><strong>sceleris</strong></span> <span class='ocrx_word' id='word_1_360' title='bbox 1361 2081 1526 2126; x_wconf 71' lang='lat' dir='ltr'><strong>coqitntio</strong></span> <span class='ocrx_word' id='word_1_361' title='bbox 1559 2082 1619 2114; x_wconf 77' lang='lat' dir='ltr'><strong>in-</strong></span> 
     </span>
     <span class='ocr_line' id='line_1_66' title="bbox 901 2132 1274 2176; baseline 0.005 -15"><span class='ocrx_word' id='word_1_362' title='bbox 901 2132 1034 2161; x_wconf 76' lang='lat' dir='ltr'><strong>certum</strong></span> <span class='ocrx_word' id='word_1_363' title='bbox 1060 2139 1109 2162; x_wconf 82' lang='lat' dir='ltr'><strong>an</strong></span> <span class='ocrx_word' id='word_1_364' title='bbox 1136 2140 1274 2176; x_wconf 80' lang='lat' dir='ltr'><strong>repens.</strong></span> 
     </span>
    </p>

    <p class='ocr_par' dir='ltr' id='par_1_21' title="bbox 899 2176 1631 2906">
     <span class='ocr_line' id='line_1_67' title="bbox 974 2176 1620 2224; baseline 0.005 -14"><span class='ocrx_word' id='word_1_365' title='bbox 974 2176 1143 2211; x_wconf 76' lang='lat' dir='ltr'><strong>Barbium</strong></span> <span class='ocrx_word' id='word_1_366' title='bbox 1176 2177 1365 2212; x_wconf 79' lang='lat' dir='ltr'><strong>Proculum</strong></span> <span class='ocrx_word' id='word_1_367' title='bbox 1406 2199 1450 2205; x_wconf 89' lang='lat'>—</span> <span class='ocrx_word' id='word_1_368' title='bbox 1486 2178 1620 2224; x_wconf 80' lang='lat' dir='ltr'><strong>perdu-</strong></span> 
     </span>
     <span class='ocr_line' id='line_1_68' title="bbox 902 2225 1621 2311; baseline 0.007 -52"><span class='ocrx_word' id='word_1_369' title='bbox 902 2230 996 2259; x_wconf 85' lang='lat' dir='ltr'><strong>ctos:</strong></span> <span class='ocrx_word' id='word_1_370' title='bbox 1039 2225 1252 2311; x_wconf 40' lang='lat' dir='ltr'><strong>Plutarffhus</strong></span> <span class='ocrx_word' id='word_1_371' title='bbox 1278 2228 1315 2260; x_wconf 91' lang='lat' dir='ltr'><strong>in</strong></span> <span class='ocrx_word' id='word_1_372' title='bbox 1343 2227 1444 2261; x_wconf 88' lang='lat' dir='ltr'><strong>Galb.</strong></span> <span class='ocrx_word' id='word_1_373' title='bbox 1473 2228 1539 2263; x_wconf 75' lang='lat'><strong>24:</strong></span> <span class='ocrx_word' id='word_1_374' title='bbox 1579 2230 1621 2264; x_wconf 76' lang='grc' dir='ltr'><strong>ἐν</strong></span> 
     </span>
     <span class='ocr_line' id='line_1_69' title="bbox 902 2272 1619 2324; baseline 0.001 -15"><span class='ocrx_word' id='word_1_375' title='bbox 902 2275 944 2324; x_wconf 58' lang='lat' dir='ltr'><strong>de</strong></span> <span class='ocrx_word' id='word_1_376' title='bbox 968 2274 1119 2314; x_wconf 69' lang='grc' dir='ltr'><em>τούτοις</em></span> <span class='ocrx_word' id='word_1_377' title='bbox 1180 2272 1385 2323; x_wconf 72' lang='grc' dir='ltr'><strong><em>ὒετοῦριος</em></strong></span> <span class='ocrx_word' id='word_1_378' title='bbox 1418 2280 1482 2312; x_wconf 82' lang='grc' dir='ltr'><strong>καὶ</strong></span> <span class='ocrx_word' id='word_1_379' title='bbox 1511 2276 1619 2323; x_wconf 72' lang='grc' dir='ltr'><em>Βάρ-</em></span> 
     </span>
     <span class='ocr_line' id='line_1_70' title="bbox 901 2323 1619 2372; baseline 0.004 -14"><span class='ocrx_word' id='word_1_380' title='bbox 901 2328 995 2370; x_wconf 82' lang='grc' dir='ltr'><em>βιος,</em></span> <span class='ocrx_word' id='word_1_381' title='bbox 1024 2323 1043 2359; x_wconf 85' lang='grc' dir='ltr'>ὁ</span> <span class='ocrx_word' id='word_1_382' title='bbox 1070 2325 1145 2372; x_wconf 77' lang='grc' dir='ltr'><strong>μὲν</strong></span> <span class='ocrx_word' id='word_1_383' title='bbox 1170 2325 1337 2368; x_wconf 75' lang='grc' dir='ltr'><em>ὀπτίων,</em></span> <span class='ocrx_word' id='word_1_384' title='bbox 1374 2325 1394 2361; x_wconf 82' lang='grc' dir='ltr'><strong>ὁ</strong></span> <span class='ocrx_word' id='word_1_385' title='bbox 1419 2325 1460 2360; x_wconf 77' lang='grc' dir='ltr'><strong>δὲ</strong></span> <span class='ocrx_word' id='word_1_386' title='bbox 1487 2337 1619 2361; x_wconf 78' lang='grc' dir='ltr'><em>τεσσε-</em></span> 
     </span>
     <span class='ocr_line' id='line_1_71' title="bbox 904 2371 1620 2422; baseline 0.001 -15"><span class='ocrx_word' id='word_1_387' title='bbox 904 2373 1038 2420; x_wconf 77' lang='grc' dir='ltr'><em>ράριος</em></span> <span class='ocrx_word' id='word_1_388' title='bbox 1076 2371 1197 2418; x_wconf 71' lang='grc' dir='ltr'>(οὕτω</span> <span class='ocrx_word' id='word_1_389' title='bbox 1235 2371 1315 2422; x_wconf 73' lang='grc' dir='ltr'><strong>γὰρ</strong></span> <span class='ocrx_word' id='word_1_390' title='bbox 1348 2375 1556 2411; x_wconf 75' lang='grc' dir='ltr'><em>καλοῦνται</em></span> <span class='ocrx_word' id='word_1_391' title='bbox 1581 2375 1620 2410; x_wconf 83' lang='grc' dir='ltr'><strong>οἱ</strong></span> 
     </span>
     <span class='ocr_line' id='line_1_72' title="bbox 902 2421 1620 2473; baseline 0.001 -18"><span class='ocrx_word' id='word_1_392' title='bbox 902 2421 1118 2469; x_wconf 76' lang='grc' dir='ltr'><em>διαγγέλων</em></span> <span class='ocrx_word' id='word_1_393' title='bbox 1153 2426 1219 2458; x_wconf 79' lang='grc' dir='ltr'><strong>καὶ</strong></span> <span class='ocrx_word' id='word_1_394' title='bbox 1257 2423 1485 2473; x_wconf 47' lang='lat' dir='ltr'><strong>&amp;constipant</strong></span> <span class='ocrx_word' id='word_1_395' title='bbox 1523 2423 1620 2468; x_wconf 75' lang='grc' dir='ltr'><strong><em>ιῗπη-</em></strong></span> 
     </span>
     <span class='ocr_line' id='line_1_73' title="bbox 903 2471 1620 2520; baseline 0.003 -14"><span class='ocrx_word' id='word_1_396' title='bbox 903 2475 1034 2517; x_wconf 80' lang='grc' dir='ltr'><strong><em>ρεσίας</em></strong></span> <span class='ocrx_word' id='word_1_397' title='bbox 1059 2474 1285 2519; x_wconf 73' lang='grc' dir='ltr'><strong>τελοῦντες),</strong></span> <span class='ocrx_word' id='word_1_398' title='bbox 1312 2474 1400 2520; x_wconf 74' lang='grc' dir='ltr'><strong>μεθ’</strong></span> <span class='ocrx_word' id='word_1_399' title='bbox 1419 2474 1473 2509; x_wconf 79' lang='grc' dir='ltr'><strong>ὡν</strong></span> <span class='ocrx_word' id='word_1_400' title='bbox 1494 2471 1620 2508; x_wconf 69' lang='grc' dir='ltr'><em>Ὄθω-</em></span> 
     </span>
     <span class='ocr_line' id='line_1_74' title="bbox 900 2519 1618 2569; baseline -0.001 -14"><span class='ocrx_word' id='word_1_401' title='bbox 900 2532 968 2560; x_wconf 77' lang='grc' dir='ltr'><strong>νος</strong></span> <span class='ocrx_word' id='word_1_402' title='bbox 993 2519 1252 2569; x_wconf 71' lang='grc' dir='ltr'><strong>ἀπελεύθερος</strong></span> <span class='ocrx_word' id='word_1_403' title='bbox 1279 2520 1514 2568; x_wconf 57' lang='grc' dir='ltr'><em>Ὀνόμαστος</em></span> <span class='ocrx_word' id='word_1_404' title='bbox 1542 2523 1618 2557; x_wconf 78' lang='grc' dir='ltr'><strong>κιλ.</strong></span> 
     </span>
     <span class='ocr_line' id='line_1_75' title="bbox 901 2568 1631 2616; baseline 0.003 -14"><span class='ocrx_word' id='word_1_405' title='bbox 901 2568 1095 2602; x_wconf 87' lang='lat' dir='ltr'><strong>Suetonius</strong></span> <span class='ocrx_word' id='word_1_406' title='bbox 1123 2569 1206 2604; x_wconf 86' lang='lat' dir='ltr'><strong>Oth.</strong></span> <span class='ocrx_word' id='word_1_407' title='bbox 1234 2570 1282 2604; x_wconf 81' lang='lat'><strong>5:</strong></span> <span class='ocrx_word' id='word_1_408' title='bbox 1320 2571 1435 2616; x_wconf 77' lang='lat' dir='ltr'><strong>primo</strong></span> <span class='ocrx_word' id='word_1_409' title='bbox 1471 2571 1631 2615; x_wconf 78' lang='lat' dir='ltr'><strong>quinque-</strong></span> 
     </span>
     <span class='ocr_line' id='line_1_76' title="bbox 899 2617 1618 2663; baseline 0 -12"><span class='ocrx_word' id='word_1_410' title='bbox 899 2617 1177 2663; x_wconf 74' lang='lat' dir='ltr'><strong>speculatoribus</strong></span> <span class='ocrx_word' id='word_1_411' title='bbox 1221 2620 1405 2653; x_wconf 79' lang='lat' dir='ltr'><strong>commissa</strong></span> <span class='ocrx_word' id='word_1_412' title='bbox 1450 2631 1508 2653; x_wconf 78' lang='lat' dir='ltr'><strong>res</strong></span> <span class='ocrx_word' id='word_1_413' title='bbox 1548 2624 1618 2660; x_wconf 86' lang='lat' dir='ltr'><strong>est,</strong></span> 
     </span>
     <span class='ocr_line' id='line_1_77' title="bbox 901 2667 1620 2713; baseline 0.001 -14"><span class='ocrx_word' id='word_1_414' title='bbox 901 2667 1026 2700; x_wconf 80' lang='lat' dir='ltr'><strong>deinde</strong></span> <span class='ocrx_word' id='word_1_415' title='bbox 1054 2667 1172 2701; x_wconf 84' lang='lat' dir='ltr'><strong>decem</strong></span> <span class='ocrx_word' id='word_1_416' title='bbox 1198 2667 1291 2701; x_wconf 82' lang='lat' dir='ltr'><strong>aliis.</strong></span> <span class='ocrx_word' id='word_1_417' title='bbox 1344 2667 1398 2702; x_wconf 91' lang='lat' dir='ltr'><strong>De</strong></span> <span class='ocrx_word' id='word_1_418' title='bbox 1424 2667 1620 2713; x_wconf 72' lang='lat' dir='ltr'><strong>optionibus</strong></span> 
     </span>
     <span class='ocr_line' id='line_1_78' title="bbox 900 2714 1619 2761; baseline 0.001 -13"><span class='ocrx_word' id='word_1_419' title='bbox 900 2715 1124 2761; x_wconf 71' lang='lat' dir='ltr'><strong>tribunorum</strong></span> <span class='ocrx_word' id='word_1_420' title='bbox 1159 2716 1404 2758; x_wconf 86' lang='lat' dir='ltr'><strong>adiutoribus,</strong></span> <span class='ocrx_word' id='word_1_421' title='bbox 1452 2717 1537 2749; x_wconf 89' lang='lat' dir='ltr'><strong>item</strong></span> <span class='ocrx_word' id='word_1_422' title='bbox 1573 2714 1619 2749; x_wconf 84' lang='lat' dir='ltr'><strong>de</strong></span> 
     </span>
     <span class='ocr_line' id='line_1_79' title="bbox 899 2765 1618 2808; baseline 0.001 -11"><span class='ocrx_word' id='word_1_423' title='bbox 899 2766 1103 2801; x_wconf 51' lang='lat' dir='ltr'><strong>usserariis</strong></span> <span class='ocrx_word' id='word_1_424' title='bbox 1128 2770 1312 2808; x_wconf 85' lang='lat' dir='ltr'><strong>acceptam</strong></span> <span class='ocrx_word' id='word_1_425' title='bbox 1339 2765 1382 2797; x_wconf 86' lang='lat' dir='ltr'><strong>ab</strong></span> <span class='ocrx_word' id='word_1_426' title='bbox 1401 2765 1618 2807; x_wconf 82' lang='lat' dir='ltr'><strong>imperatore</strong></span> 
     </span>
     <span class='ocr_line' id='line_1_80' title="bbox 900 2812 1618 2847; baseline 0 0"><span class='ocrx_word' id='word_1_427' title='bbox 900 2813 960 2847; x_wconf 89' lang='lat' dir='ltr'><strong>vel</strong></span> <span class='ocrx_word' id='word_1_428' title='bbox 987 2813 1129 2846; x_wconf 87' lang='lat' dir='ltr'><strong>tribuno</strong></span> <span class='ocrx_word' id='word_1_429' title='bbox 1172 2818 1342 2846; x_wconf 84' lang='lat' dir='ltr'><strong>tesseram</strong></span> <span class='ocrx_word' id='word_1_430' title='bbox 1369 2812 1618 2847; x_wconf 86' lang='lat' dir='ltr'><strong>nuntiantibus</strong></span> 
     </span>
     <span class='ocr_line' id='line_1_81' title="bbox 901 2860 1616 2906; baseline 0 -10"><span class='ocrx_word' id='word_1_431' title='bbox 901 2867 1141 2906; x_wconf 79' lang='lat' dir='ltr'><strong>exponentem</strong></span> <span class='ocrx_word' id='word_1_432' title='bbox 1171 2861 1253 2906; x_wconf 79' lang='lat' dir='ltr'><strong>lege</strong></span> <span class='ocrx_word' id='word_1_433' title='bbox 1266 2860 1521 2895; x_wconf 88' lang='lat' dir='ltr'><strong>Forcellinium</strong></span> <span class='ocrx_word' id='word_1_434' title='bbox 1538 2873 1567 2896; x_wconf 88' lang='lat' dir='ltr'><strong>s.</strong></span> <span class='ocrx_word' id='word_1_435' title='bbox 1580 2873 1616 2896; x_wconf 85' lang='lat' dir='ltr'><strong>v.</strong></span> 
     </span>
    </p>

    <p class='ocr_par' dir='ltr' id='par_1_22' title="bbox 900 2911 1618 2996">
     <span class='ocr_line' id='line_1_82' title="bbox 971 2911 1616 2956; baseline 0.005 -14"><span class='ocrx_word' id='word_1_436' title='bbox 971 2912 1086 2956; x_wconf 81' lang='lat' dir='ltr'><strong>pretio</strong></span> <span class='ocrx_word' id='word_1_437' title='bbox 1131 2915 1162 2942; x_wconf 84' lang='lat' dir='ltr'><strong>et</strong></span> <span class='ocrx_word' id='word_1_438' title='bbox 1194 2911 1375 2954; x_wconf 74' lang='lat' dir='ltr'><strong>promissis</strong></span> <span class='ocrx_word' id='word_1_439' title='bbox 1408 2916 1534 2945; x_wconf 78' lang='lat' dir='ltr'><strong>onerat</strong></span> <span class='ocrx_word' id='word_1_440' title='bbox 1571 2934 1616 2939; x_wconf 91' lang='grc'>-</span> 
     </span>
     <span class='ocr_line' id='line_1_83' title="bbox 900 2958 1618 2996; baseline 0.004 -3"><span class='ocrx_word' id='word_1_441' title='bbox 900 2960 1056 2993; x_wconf 80' lang='lat' dir='ltr'><strong>animos.-</strong></span> <span class='ocrx_word' id='word_1_442' title='bbox 1083 2958 1300 2994; x_wconf 86' lang='lat' dir='ltr'><strong>Suetonius:</strong></span> <span class='ocrx_word' id='word_1_443' title='bbox 1336 2959 1494 2995; x_wconf 74' lang='lat' dir='ltr'><strong>omnibus</strong></span> <span class='ocrx_word' id='word_1_444' title='bbox 1526 2960 1618 2996; x_wconf 80' lang='lat' dir='ltr'><strong>dena</strong></span> 
     </span>
    </p>
   </div>
  </div>
 </body>
</html>
