1768 3216
109 222 198 262 dc.
224 226 285 263 69.

605 224 740 260 LIBER
764 224 824 261 111.
880 223 966 260 CAr.
992 224 1102 263 8-9.

1543 223 1616 259 208

109 335 326 401 legiones,
371 343 556 386 nondum
588 343 813 386 coniuncto
842 343 1030 385 Moesico
1062 341 1275 394 exercitu,
1307 334 1507 396 potuere,
1550 344 1619 382 aut

108 423 225 462 retro
257 423 378 461 actae
417 419 584 460 deserta
624 418 741 460 ltalia
782 422 940 472 turpem
974 417 1114 472 sugam
1153 416 1474 458 conscivissent.

1535 415 1619 459 Sed

1229 465 1400 480 unq-f·-

112 494 294 536 Gaecina
323 506 399 548 per
426 494 567 536 varias
604 505 759 535 moras·
789 493 920 547 prima
967 492 1158 533 hostibus
1204 491 1390 546 prodidit
1432 495 1619 546 tempora

65 605 67 607 .
109 568 222 623 belli,
255 569 352 611 dum
382 581 488 623 quos
519 569 644 610 armis
677 567 833 622 pellere
862 572 1095 622 promptum
1119 570 1222 618 erat,
1255 565 1441 620 epistulis
1466 566 1613 608 incre-

109 647 207 699 pat,
261 643 398 686 donee
443 655 520 697 per
566 643 732 684 nuntios
778 646 900 696 pacta
944 640 1146 695 perfidiae
1188 640 1386 682 firmaret.

1447 639 1616 682 Interim
1631 656 1650 685 ⁵

109 717 303 773 Aponius
329 718 574 761 Saturninus
616 730 707 759 cum
750 717 922 772 legione
958 716 1131 771 septima
1172 715 1400 758 Claudiana
1433 715 1615 758 advenit.

109 793 287 848 Legioni
317 793 505 835 tribunus
520 793 743 847 Vipstanus
759 792 939 834 Messala
969 796 1177 846 praeerat,
1212 792 1338 833 claris
1370 792 1614 845 maioribus,

109 867 310 924 egregius
339 867 445 921 ipse,
478 871 519 908 et
547 867 616 920 qui
647 867 761 908 solus
781 866 833 908 ad
867 866 907 907 id
935 866 1090 908 bellum
1108 870 1219 908 artes
1243 866 1377 907 bonas
1398 866 1616 908 attulisset.

107 940 192 984 llas
222 941 275 984 ad
308 940 452 995 copias
482 953 742 995 nequaquam
785 940 1018 982 Vitellianis
1059 952 1183 994 pares
1216 940 1391 994 (quippe
1421 944 1507 982 tres
1538 939 1619 981 ad-

107 1015 190 1059 huc
221 1015 413 1071 legiones
444 1020 583 1068 erant)
615 1016 727 1057 misit
755 1015 952 1070 epistulas
974 1015 1169 1068 Caecina,
1203 1015 1480 1057 temeritatem
1506 1015 1617 1056 victa
1632 1030 1671 1059 ιο

109 1102 225 1134 arma
255 1091 518 1133 tractantium
550 1091 762 1132 incusans.

825 1090 954 1133 Simul
981 1091 1111 1132 virtus
1134 1090 1373 1133 Germanici
1404 1090 1617 1133 exercitus

107 1165 301 1208 laudibus
349 1165 637 1219 attollebatur,
681 1165 837 1208 Vitellii
879 1166 1045 1207 modica
1091 1170 1133 1207 et
1179 1165 1343 1221 vulgari
1387 1165 1615 1217 mentione,

109 1240 220 1284 nulla
264 1240 308 1283 in
355 1241 656 1295 Vespasianum
703 1240 975 1282 contumelia:
1026 1240 1129 1282 nihil
1166 1252 1341 1294 prorsus
1391 1227 1503 1296 quod
1551 1244 1620 1283 aut

111 1320 397 1370 corrumperet
424 1315 587 1358 hostem
618 1320 687 1358 aut
715 1320 906 1358 terreret.
946 1315 1236 1359 Flavianarum
1266 1315 1444 1369 partium
1473 1314 1616 1367 duces,

111 1390 276 1432 omissa*
294 1391 449 1445 prioris
480 1390 672 1433 fortunae
707 1391 971 1443 defensione,
1005 1403 1082 1445 pro
1101 1391 1361 1446 Vespasiano
1381 1390 1670 1446 magnifice,15

110 1476 187 1520 pro
219 1477 347 1507 causa
380 1465 573 1519 fidenter,
609 1466 662 1508 de
693 1467 882 1509 exercitu
912 1466 1069 1519 securi,
1100 1466 1144 1507 in
1159 1465 1370 1508 Vitellium
1400 1469 1442 1507 ut
1461 1465 1618 1508 inimici

247 1591 283 1626 3.
310 1592 435 1625 cecina
459 1590 527 1626 Ma.

87 1628 233 1674 *sianus
277 1650 318 1684 pr
354 1639 401 1682 G,
442 1650 521 1674 corr
556 1640 584 1675 G
624 1641 822 1687 Vipsanas:

114 1687 267 1723 Metalla
290 1698 386 1736 nunc
411 1687 477 1722 Ma.

180 1815 267 1862 Cap.
295 1816 330 1852 9.
378 1822 513 1863 turpem
537 1820 661 1863 fugam
690 1818 831 1852 consci-

108 1865 258 1899 vissent:
285 1865 432 1900 attende
460 1867 616 1900 animum
649 1867 692 1901 ad
721 1878 829 1911 prae-

109 1914 325 1959 positionem
339 1914 440 1948 verbi
454 1916 714 1950 conscivissent.
743 1915 828 1950 Nam

111 1961 180 1996 hoc
205 1962 294 1997 dicit
319 1973 436 1997 rerum
462 1964 638 2008 scriptor:
666 1964 756 1998 duae
775 1964 829 1998 le-

107 2011 230 2056 giones
271 2010 524 2046 Flavianorum
574 2018 669 2046 retro
726 2019 829 2047 actae

111 2060 219 2094 etiam
246 2065 387 2094 ceteros
421 2062 603 2095 exercitus
631 2062 830 2107 (Moesicos

111 2113 148 2143 ct
174 2107 415 2155 Dalmaticos)
454 2110 491 2143 in
525 2114 665 2154 turpem
706 2111 830 2157 fugam

112 2157 370 2192 coniecissent.

176 2205 310 2251 legioni
333 2206 494 2241 tribunus
526 2207 714 2253 Vipstanus
732 2207 830 2241 Mes-

111 2253 191 2288 sala
215 2260 405 2299 praeerat:
442 2266 488 2289 ex
514 2257 646 2289 ceteris
671 2255 831 2301 legionis

112 2301 264 2336 tribunis
300 2313 409 2336 unum
436 2303 623 2337 Messalam
659 2309 832 2337 memorat

109 2355 149 2384 ut
174 2351 288 2384 virum
307 2350 443 2385 clarum
470 2357 506 2386 et
524 2353 724 2398 insignem:
751 2363 830 2399 nam

110 2399 265 2433 messala
292 2409 363 2433 nou
390 2399 489 2434 solus
523 2400 587 2435 sed
614 2411 693 2434 cum
722 2401 832 2446 quin-

109 2458 180 2493 que
207 2447 362 2494 collegis
388 2448 527 2495 legioni
554 2454 731 2493 praeerat.
773 2449 832 2483 Sic

112 2495 278 2530 Horatius
307 2497 419 2532 Serm.
447 2497 463 2542 Ι
487 2497 511 2532 6
536 2497 585 2532 48
621 2497 709 2532 dicit
746 2497 831 2531 olim

110 2543 180 2579 sibi
215 2546 378 2590 paruisse
414 2545 598 2592 legionem
637 2546 831 2581 Romanam

109 2593 279 2636 tribuno,
320 2599 356 2628 et
381 2600 481 2628 recte
509 2595 619 2638 dicit,
656 2596 686 2628 si
722 2595 833 2630 verba

111 2642 190 2676 eius
216 2652 287 2675 non
315 2647 443 2676 exacte
469 2645 716 2677 aestimentur.
762 2643 832 2677 Ta-

112 2690 224 2724 citina
258 2690 370 2735 igitur
404 2692 585 2725 sententia
626 2691 717 2725 haec
755 2697 832 2725 est:

112 2741 300 2783 postquam
334 2737 477 2783 legatus
517 2738 675 2784 legionis
717 2742 833 2784 septi-

116 2795 195 2820 mae
222 2784 462 2828 Claudianae,
503 2785 640 2820 Tettius
674 2786 834 2822 lulianus

119 2833 181 2878 (H.
208 2833 350 2881 1185),
387 2835 608 2880 profugerit,
642 2835 679 2868 in
718 2836 834 2870 tribu-

117 2882 172 2915 nis
206 2882 284 2917 eius
326 2882 482 2930 legionis
521 2883 612 2917 adeo
646 2883 833 2919 Messalam

117 2940 204 2975 prae
229 2932 361 2965 ceteris
389 2931 622 2974 excelluisse,
651 2935 690 2965 ut
715 2934 749 2967 ei
777 2933 834 2968 le-

118 2979 179 3025 gio
213 2982 391 3026 tamquam
434 2978 517 3015 duci
555 2984 717 3026 pareret:
761 2981 832 3016 vid.

601 1595 637 1627 4.
663 1592 750 1637 eplis
777 1603 855 1626 cum
882 1592 946 1626 lin.
974 1591 1039 1626 Ma.

1118 1593 1151 1627 7.
1179 1592 1362 1637 vipsanius
1384 1591 1450 1635 Ma,
1488 1593 1617 1637 Vespe-

872 1642 1028 1675 correxit
1063 1641 1223 1685 Ruperto
1261 1645 1407 1675 auctore
1445 1641 1616 1685 Ryckius.

581 1690 636 1724 10.
665 1690 762 1735 eptas
790 1700 870 1723 cum
893 1689 957 1724 lin.
986 1688 1050 1723 Ma.

1130 1691 1185 1724 12.
1213 1689 1303 1735 volq.
1331 1688 1389 1727 Or.

901 1829 977 1863 cap.
1009 1820 1050 1853 11
1081 1824 1116 1853 et
1146 1818 1201 1854 18.
1253 1819 1322 1854 Sed
1349 1818 1393 1853 ad
1419 1819 1535 1863 ipsum
1560 1818 1619 1854 le-

901 1869 975 1914 gati
1004 1867 1161 1913 legionis
1188 1868 1335 1914 gradum
1346 1867 1532 1902 Messalam
1547 1878 1619 1901 non

899 1921 1101 1961 promotum
1143 1928 1223 1951 esse
1264 1916 1357 1951 illud
1408 1921 1619 1963 argumento

899 1970 953 1999 est
979 1965 1075 2010 quod
1102 1966 1209 2000 etiam
1237 1977 1268 1999 c.
1298 1966 1343 2000 18
1367 1966 1526 2000 tribunus
1551 1976 1620 1999 vo-

900 2019 1021 2056 catur,
1050 2015 1218 2059 quodque
1246 2014 1287 2048 H.
1316 2014 1364 2048 lV
1390 2014 1438 2050 42
1466 2018 1619 2048 aetatem

898 2064 1114 2097 senatoriam
1168 2064 1202 2097 ei
1242 2062 1402 2097 defuisse
1447 2067 1619 2097 narratur.

899 2111 954 2145 De
973 2110 1043 2145 hoc
1068 2113 1145 2145 viro
1161 2112 1208 2146 cf.
1234 2111 1310 2145 Iud.
1339 2111 1423 2147 hist.
1471 2110 1621 2158 Cogno-

901 2161 1011 2194 menti
1037 2160 1187 2194 formam
1215 2160 1373 2194 Messala
1401 2159 1483 2194 dedi
1511 2172 1621 2195 secu-

898 2213 955 2242 tus
989 2209 1186 2243 Mediceum
1207 2210 1384 2253 priorem:
1414 2208 1506 2243 alter
1530 2220 1622 2243 con-

898 2258 1007 2290 sentit
1035 2268 1065 2291 c.
1098 2259 1153 2299 11,
1180 2257 1298 2290 sedin
1313 2257 1439 2291 eodem
1468 2257 1502 2290 h.
1531 2257 1554 2291 l.
1583 2263 1620 2291 et

899 2305 980 2339 aliis
998 2305 1178 2348 Messalla,
1207 2310 1247 2338 ut
1271 2311 1325 2339 est
1344 2307 1380 2339 in
1400 2305 1507 2339 titulo
1527 2306 1621 2350 apud

901 2354 1128 2387 muratorium
1154 2365 1187 2398 p.
1216 2355 1288 2389 722
1315 2359 1358 2396 43
1386 2354 1616 2388 emtarmius

900 2405 937 2435 in
964 2402 1065 2436 Actis
1090 2402 1213 2436 Arval.
1244 2413 1278 2446 p.
1307 2403 1367 2437 28.

969 2457 1007 2484 ut
1042 2451 1179 2485 inimici
1210 2462 1499 2497 praesumpsere.-
1534 2457 1620 2497 puto

900 2510 1024 2533 verum
1050 2499 1185 2534 vidisse
1210 2499 1510 2542 Freinshemium,
1539 2512 1619 2535 cum

899 2549 1013 2582 rescri
1037 2561 1052 2582 s
1076 2560 1114 2582 re
1141 2549 1311 2583 coniecit.
1347 2548 1434 2582 Nam
1461 2555 1620 2593 potestas

900 2560 1155 2642 quiffgmtft'nla
1194 2598 1472 2642 praepositionis
1504 2609 1619 2643 prae,

901 2645 945 2679 de
965 2656 1034 2690 qua
1059 2646 1254 2690 loquuntur
1266 2646 1451 2679 Ernestius
1467 2650 1502 2678 et
1518 2645 1620 2679 Wal-

901 2693 1043 2736 therus,
1079 2696 1187 2727 etiam
1221 2694 1308 2727 mihi
1340 2693 1433 2726 bene
1473 2695 1621 2739 cognita

901 2747 967 2784 cst,
994 2742 1058 2776 sed
1085 2742 1168 2787 quid
1190 2742 1489 2787 praesumpserint
1509 2741 1621 2776 duces

901 2790 1064 2824 Flaviani
1092 2800 1162 2822 non
1189 2790 1290 2823 adest
1315 2800 1433 2834 neque
1459 2790 1620 2838 suppleri

903 2849 946 2870 ex
972 2838 1151 2870 adiunctis
1178 2837 1287 2871 facile
1322 2842 1453 2881 potest.
1510 2838 1620 2873 Prac-
1664 2872 1672 2876 ,

902 2890 1000 2919 terea
1029 2885 1096 2919 hoc
1111 2884 1349 2919 Freinshemii
1376 2887 1506 2921 rationi
1534 2897 1621 2933 pro..

902 2943 984 2967 num
1016 2944 1072 2967 me
1109 2932 1243 2977 reddit,
1282 2935 1378 2980 quod
1415 2939 1450 2969 et
1485 2947 1621 2970 sumere

903 2985 938 3016 et
969 2992 1196 3027 praesumere
1218 3009 1227 3026 ,
1274 2984 1407 3018 totiens
1444 2994 1464 3018 a
1499 2983 1620 3023 Tacito
