1768 3216
167 192 191 222 Ι
213 181 255 218 ss.
285 181 344 219 Θ.
640 183 778 221 LIBER
802 184 864 221 111.
917 184 1005 222 Cu.
1032 186 1190 222 55-57.
1599 189 1673 224 24¹!

165 301 358 344 Arcuere
389 313 464 344 eos
495 302 630 344 intimi
659 302 891 345 amicorum
920 303 1076 346 Vitellii
1094 335 1107 357 ,
1162 304 1219 346 ita
1249 303 1437 347 formatis
1466 303 1668 358 principis

168 376 368 429 auribus,
399 380 443 417 ut
471 389 619 431 aspera
652 388 760 432 quae
789 377 929 430 utilia,
971 390 1052 420 nec
1083 378 1307 433 quidquam
1337 378 1420 422 nisi
1446 377 1670 421 iucundum

168 455 210 493 et
240 451 449 493 laesurum
480 452 704 506 acciperet.

96 525 155 566 5⁷
304 525 388 567 Sed
419 524 598 567 classem
643 526 924 569 Misenensem
972 530 1150 578 (tantum
1198 526 1390 569 civilibus
1444 526 1702 570 discordiis⁴

168 599 292 642 etiam
326 600 586 655 singulorum
616 600 795 642 audacia
825 600 958 653 valet)
991 600 1185 642 Claudius
1207 601 1458 642 Faventinus
1478 601 1702 645 centurios

165 687 242 728 per
271 675 544 729 ignominiam
577 688 599 717 a
632 675 762 716 Galba
794 674 991 717 dimissus
1022 675 1075 718 ad
1094 675 1377 717 defectionem
1396 676 1535 728 traxit,
1561 675 1668 717 fictis

166 749 412 803 Vespasiani
443 749 629 803 epistulis
668 749 846 803 pretium
885 750 1134 803 proditionis
1182 754 1410 792 ostentans.
1471 750 1668 791 Praeerat

165 823 292 866 classi
314 822 510 867 Claudius
526 823 810 877 Apollinaris,
823 835 960 878 neque
980 824 1080 865 fidei
1102 829 1299 866 constans
1318 836 1455 879 neque
1474 828 1668 866 strenuus

163 896 423 966 inffldia.
482 897 534 941 Et
562 896 739 951 Apinius
768 897 866 940 Tiro
895 902 1090 952 praetura
1122 898 1288 941 functus
1335 911 1385 944 ac
1427 889 1668 940 tuffiorte
1737 923 1740 925 >

162 972 381 1016 Minturnis
425 983 555 1027 agens
605 971 755 1014 ducem
796 984 844 1013 se
885 971 1170 1015 defectoribus
1213 973 1371 1015 obtulit.
1432 972 1472 1014 A
1520 973 1722 1026 quibusno

163 1046 403 1101 municipia
434 1046 710 1101 coloniaeque
743 1046 974 1102 impulsae,
1015 1048 1241 1102 praecipuo
1271 1047 1594 1090 Puteolanorum
1625 1048 1668 1088 in

163 1122 463 1178 Vespasianum
493 1121 656 1174 studio,
690 1125 836 1170 contra
869 1121 1008 1181 Capua
1038 1121 1205 1164 Vitellio
1237 1121 1342 1175 fida,
1375 1121 1667 1176 municipalem

163 1195 482 1238 aemulationem
519 1196 641 1238 bellis
689 1196 881 1238 civilibus
923 1196 1168 1239 miscebant.
1229 1196 1419 1238 Vitellius
1453 1197 1668 1239 Claudium

163 1270 364 1319 lulianum
399 1271 457 1324 (is
488 1283 621 1326 nuper
652 1271 828 1315 classem
857 1271 1139 1314 Misenensem
1169 1270 1284 1313 molli
1314 1271 1489 1326 imperio
1535 1284 1667 1314 rexe-

161 1349 246 1397 rat)
277 1345 588 1399 permulcendis
619 1345 790 1387 militum
823 1345 971 1387 animis
1011 1345 1182 1400 delegit.
1243 1346 1349 1388 Data
1389 1346 1431 1387 in
1470 1346 1720 1388 auxiliumns

161 1419 320 1465 urbana
352 1419 506 1462 cohors
539 1424 579 1461 et
616 1419 901 1474 gladiatores,
948 1420 1095 1474 quibus
1127 1419 1307 1465 Iulianus
1347 1425 1555 1474 praeerat.
1615 1420 1666 1462 Ut

163 1493 313 1536 collata
343 1494 554 1553 utrimfflie,
581 1498 742 1547 castra,
785 1494 895 1535 haud
945 1507 1096 1550 magna
1129 1496 1396 1537 cunctatione
1427 1495 1586 1537 Iuliano
1624 1496 1667 1536 in

216 1545 223 1553 ,
381 1549 437 1557 Μ
586 1542 687 1551 ..mm

163 1572 302 1622 partes
330 1568 579 1623 Vespasiani
609 1572 876 1623 transgresso
909 1569 1179 1612 Tarracinam
1212 1581 1476 1623 occupavere
1498 1601 1510 1622 ,
1542 1581 1666 1611 moe-

299 1717 330 1750 l.
357 1727 508 1762 arguere
534 1715 638 1750 GMa:
666 1717 823 1751 correxit
847 1716 1001 1761 Lipsius.
1089 1719 1124 1752 2.
1155 1728 1285 1762 aspera
1313 1715 1418 1751 Gillat
1445 1728 1571 1764 aspere
1597 1717 1663 1751 Bi-

158 1765 312 1812 pontini.
411 1765 597 1813 quidquam
624 1763 690 1800 Ma:
717 1766 902 1810 quicquam
930 1765 970 1800 G.
1079 1766 1113 1800 7.
1152 1765 1302 1811 uespam'
1336 1765 1422 1813 eplis
1448 1768 1548 1810 (cum
1576 1765 1662 1813 lin.)

161 1814 275 1861 flium
299 1813 366 1854 Ma.
464 1814 497 1850 9.
526 1813 676 1860 perfidia
701 1811 774 1848 Ma:
799 1814 950 1860 perfidi&
974 1813 1013 1848 G.
1112 1814 1208 1859 forte
1233 1815 1388 1848 intumis
1414 1813 1490 1848 Ma:
1518 1813 1546 1848 G
1570 1816 1665 1859 forle

157 1863 357 1898 minturnis.
438 1863 493 1898 11.
521 1862 595 1909 inp.
621 1860 686 1897 Ma.
769 1863 823 1898 13.
852 1862 1012 1897 claudias
1039 1861 1102 1896 Ma.
1170 1862 1226 1898 14.
1252 1863 1434 1896 misensem
1461 1861 1526 1897 Ma.
1606 1863 1662 1897 17.

159 1912 324 1959 utrinque
350 1921 445 1945 nunc
470 1909 536 1946 Ma.

159 2063 351 2100 Flavianos
393 2062 438 2097 ad
480 2061 620 2096 radices
662 2063 843 2107 Apennini
863 2089 872 2105 ‚

159 2112 250 2147 alios
274 2111 318 2146 ad
341 2111 476 2146 Fanum
498 2110 675 2146 Fortunae
700 2111 873 2146 inventu-

161 2172 220 2195 rus
246 2159 355 2194 facile
381 2161 582 2204 opprimere
608 2161 736 2205 potuit·

232 2214 271 2242 ut
297 2219 427 2254 aspera
450 2220 538 2252 quae
564 2208 692 2244 utilia.-
722 2207 756 2242 h.
776 2218 808 2241 e.
837 2213 874 2242 ut

942 2065 981 2098 in
1003 2063 1208 2109 perfidiam,
1234 2067 1274 2096 ut
1298 2063 1336 2096 in
1364 2062 1410 2105 G,
1442 2073 1515 2097 non
1541 2068 1662 2108 aptum

943 2117 1027 2147 est:
1073 2122 1153 2146 nam
1188 2112 1227 2147 in
1260 2112 1447 2157 perfidiam
1479 2112 1576 2146 valet
1610 2113 1663 2146 ita

941 2160 1141 2206 utperfidus
1157 2166 1255 2194 esset.
1285 2160 1354 2193 Sed
1365 2159 1536 2204 perfidiae
1556 2161 1662 2195 defe-

945 2210 1146 2253 ctionisque
1167 2208 1274 2253 culpa
1296 2219 1366 2241 non
1382 2209 1534 2243 liberum
1549 2210 1662 2243 fuisse

161 2267 288 2300 aspera
312 2261 433 2290 essent
447 2256 586 2291 Vitellii
612 2257 756 2291 auribus
782 2267 874 2301 quae

164 2304 282 2339 utilia:
309 2314 391 2338 mox
416 2304 615 2338 subiect-uin
643 2310 678 2338 et
699 2309 876 2340 structura

163 2357 329 2388 mutatur.

236 2400 322 2445 Gap.
349 2401 408 2435 57.
447 2401 615 2436 Claudius
643 2401 875 2436 Faventinus.-

162 2451 365 2485 nominatur
390 2450 426 2488 in
454 2450 558 2484 titulo
583 2450 712 2494 lapidis
725 2451 875 2485 Romani

163 2501 248 2545 (ara
275 2497 434 2544 Casuli),
458 2499 608 2541 etiam,
647 2503 685 2533 ut
721 2499 875 2542 videtur,

162 2547 256 2591 apud
290 2547 515 2580 Muratorium
558 2558 590 2591 p.
625 2548 696 2582 543
722 2549 765 2590 3,
815 2548 874 2581 ubi

164 2594 262 2628 CAL.
295 2594 551 2629 FAVENTINO
592 2595 743 2630 fortasse
791 2607 875 2640 per-

164 2653 284 2686 peram
311 2643 508 2686 excriptum
536 2653 599 2686 pro
615 2643 750 2678 CLAV.
768 2644 874 2679 FAv.

234 2702 343 2735 neque
370 2696 532 2725 strenuus
564 2693 603 2724 in
626 2692 799 2737 perfidia:
837 2693 872 2726 h.

165 2749 197 2772 e.
234 2749 352 2784 neque
387 2749 467 2772 cum
501 2738 695 2774 defecisset
730 2745 875 2775 strenue

164 2797 276 2820 novas
296 2791 413 2831 partes
440 2787 672 2831 amplectens.
701 2789 797 2823 Haec
815 2800 875 2824 re-

164 2835 338 2878 feruntur,
366 2841 405 2869 ut
428 2835 678 2881 intelligantur
691 2848 782 2881 quae
799 2843 875 2872 sta-

164 2885 227 2918 tim
262 2884 308 2919 de
343 2894 438 2923 novo
473 2889 615 2928 praeter
647 2884 743 2921 hunc
783 2886 875 2920 duce

165 2931 291 2971 classis
312 2937 510 2972 narrantur.
570 2933 689 2978 Neque
713 2938 874 2972 strenuus

943 2256 1188 2301 Apollinarem
1199 2262 1267 2290 tam
1281 2256 1371 2290 haec
1385 2258 1539 2290 narratio
1557 2268 1661 2302 quam

946 2316 1038 2350 quae
1063 2305 1157 2339 infra
1198 2307 1249 2349 (c.
1277 2305 1464 2351 76—77)
1500 2307 1663 2350 sequitur

946 2353 1115 2387 ostendit.

1010 2407 1052 2436 ret
1087 2401 1304 2447 yladiatores
1344 2401 1465 2446 quibus
1502 2401 1663 2436 Iulianus

941 2456 1133 2496 praeerat.-
1161 2449 1266 2484 Plinii
1283 2449 1472 2484 verborum
1485 2450 1662 2496 (xxxvll

949 2501 987 2533 11
1018 2501 1054 2541 §.
1084 2501 1124 2545 2)
1163 2498 1345 2532 admonuit
1371 2499 1536 2543 Lipsius:
1577 2499 1663 2532 vidit

946 2548 1038 2582 enim
1065 2559 1165 2592 eques
1187 2548 1377 2590 Romanus,
1403 2548 1526 2581 missus
1554 2547 1601 2579 ad
1626 2547 1664 2579 id

945 2597 1166 2642 (succinum)
1186 2596 1457 2641 comparandum
1486 2606 1508 2628 a
1522 2594 1660 2628 Iuliano

946 2651 1092 2679 curante
1117 2645 1369 2690 gladiatorium
1396 2654 1518 2677 munus
1545 2643 1660 2676 Nero-

944 2695 999 2727 πίε
1022 2694 1208 2738 principis.

1035 2741 1167 2774 collata
1199 2741 1370 2784 utrimque
1397 2745 1538 2774 castra.-
1581 2739 1660 2774 col-

945 2789 1018 2823 lata
1043 2794 1125 2822 sunt
1153 2794 1287 2830 castra,
1326 2793 1363 2821 ut
1390 2788 1529 2832 proelio
1568 2788 1661 2823 inter

945 2842 1063 2880 partes
1090 2837 1367 2878 decerneretur,
1411 2837 1474 2871 sed
1500 2847 1562 2881 pro
1590 2848 1659 2882 pu-

944 2896 1015 2931 gna
1044 2885 1201 2919 defectio
1228 2895 1309 2920 mox
1336 2885 1483 2929 placuit.

1015 2933 1193 2971 moenibus
1220 2933 1352 2979 situque
1372 2955 1415 2961 —
1433 2945 1536 2980 quam
1561 2936 1658 2982 ipso-
