1768 3216
155 176 187 214 x
202 186 210 191 -
511 156 516 160 ’
760 167 1027 208 ΡΒΑΕΒΑΉΟ.

152 296 367 347 postquam
396 290 437 330 in
471 286 598 330 variis
629 289 670 328 et
702 284 933 340 splendidis
962 284 1203 328 muneribus
1235 297 1327 329 cum
1355 284 1480 329 laude
1495 297 1646 345 versa-

152 372 215 409 tus
249 371 289 407 et
317 367 438 418 poeta
469 375 518 404 ac
550 373 688 403 rerum
717 361 897 414 scriptor
917 360 1039 402 editis
1063 360 1181 402 libris
1205 360 1398 415 cognitus
1418 364 1496 413 est,
1530 373 1640 404 anno

157 441 263 482 1503
292 438 417 480 vitam
447 435 591 477 finivit.
630 434 722 476 Hoc
753 435 885 489 ipsum
918 435 1057 477 codici
1086 435 1361 478 Perizoniano
1385 446 1486 489 prae
1505 434 1645 479 omui-

151 516 226 556 bus
260 510 506 557 Germaniae
543 514 585 551 et
613 509 780 564 Dialogi
812 509 1057 562 codicibus,
1100 509 1169 564 qui
1199 521 1310 552 nunc
1338 509 1647 553 circumferun-

153 593 239 640 tur,
272 587 447 640 primum
479 585 618 627 locum
646 584 844 626 vindicat.
914 583 1095 626 Accedit
1120 583 1245 626 aliud.
1313 583 1483 630 Scilicet
1515 584 1646 629 ceteri

152 661 350 712 codices,
390 663 566 713 excepto
597 658 798 701 Vaticano
843 658 975 711 1862,
1024 671 1108 700 non
1155 671 1208 700 ex
1250 658 1357 702 libro
1393 658 1644 704 Germanico

150 741 293 779 vetere
319 740 359 776 et
389 747 497 776 nunc
520 733 738 788 deperdito
766 733 840 776 sed
872 746 924 775 ex
938 733 1110 775 Pontani
1133 733 1361 788 exemplari
1390 733 1526 776 hausti
1553 737 1648 779 sunt
1705 728 1707 730 ’

152 823 310 853 omnes.
370 810 576 851 Pontanus
609 808 717 850 enim
736 808 879 851 ‚verba
911 808 1058 862 capitis
1089 808 1281 851 vicesimi
1313 808 1442 862 quinti
1472 808 1514 850 in
1538 808 1649 853 Ger-

152 885 288 927 mania
331 883 489 935 (liberti
519 909 574 916 —
605 887 888 937 argumentum
930 887 1045 936 sunt)
1087 895 1172 924 non
1207 883 1288 925 hoc
1329 883 1425 925 loco
1467 881 1650 939 repperit

154 961 195 1001 in
226 950 333 1001 libro
367 958 642 1011 Germanico,
689 958 765 1000 sed
797 958 1007 1012 aliquanto
1039 962 1134 1013 post
1164 958 1206 999 in
1236 957 1317 1000 fine
1349 957 1495 1012 capitis
1527 957 1651 999 vice-
1718 966 1721 968 ·

154 1034 246 1076 simi
274 1034 381 1076 sexti
414 1033 519 1075 falso
551 1032 755 1074 collocata
787 1031 972 1074 offendit.
1052 1033 1144 1088 Ipse
1177 1032 1367 1080 ordinem
1399 1031 1648 1088 exemplaris

153 1109 215 1151 sui
247 1113 413 1151 secutus
447 1112 533 1161 est,
567 1107 642 1149 sed
673 1119 771 1149 mox
802 1107 1094 1149 animadvertit
1125 1107 1236 1150 illam
1269 1107 1321 1149 de
1351 1106 1512 1156 libertis
1543 1118 1660 1161 nar--

152 1184 355 1226 rationem
382 1183 477 1224 loco
509 1193 594 1224 non
626 1186 720 1236 apto
752 1182 928 1236 positam
959 1194 1054 1224 esse
1095 1195 1144 1223 ac
1182 1182 1393 1235 pertinere
1434 1181 1486 1223 ad
1527 1179 1650 1227 finem
1700 1209 1705 1213 -

153 1258 299 1312 capitis
336 1259 403 1299 25.
448 1257 554 1298 Hinc
585 1270 634 1299 ea
667 1256 748 1299 alio
779 1261 967 1310 tempore
1000 1256 1065 1307 (id
1097 1260 1209 1311 patet
1240 1269 1292 1302 ex
1322 1255 1516 1299 dilutiore
1534 1259 1661 1304 atra-⁴

151 1337 313 1386 mento)
355 1332 549 1386 ascripsit
592 1332 635 1373 in
673 1331 874 1374 inferiore
914 1317 1103 1388 margine
1147 1331 1370 1373 verborum
1411 1329 1556 1385 capitis
1595 1330 1650 1378 25

154 1420 243 1449 cum
276 1405 559 1447 admonitione
580 1405 639 1447 ‘in
670 1405 750 1447 hoc
781 1405 877 1446 loco
911 1403 1076 1460 potius'.
1123 1406 1205 1447 lam
1238 1417 1288 1447 eo
1321 1405 1433 1458 loco,
1467 1405 1508 1445 in
1529 1416 1650 1459 quem

151 1480 359 1530 transtulit
399 1480 468 1522 illa
503 1480 739 1532 Fontanus,
791 1492 938 1522 omnes
984 1480 1114 1522 ceteri
1155 1479 1327 1522 codices
1369 1480 1475 1522 haec
1517 1479 1647 1527 verba

154 1555 309 1610 scripta
350 1555 525 1608 habent,
573 1567 678 1596 unus
710 1554 934 1596 Vaticanus
979 1554 1086 1596 1862
1126 1557 1221 1614 post
1259 1554 1382 1596 finem
1421 1553 1569 1608 capitis
1600 1552 1655 1596 26

155 1630 246 1672 sine
276 1629 358 1672 ulla
390 1629 660 1672 annotatione
693 1629 828 1672 offert.
883 1629 990 1671 Hinc
1022 1629 1176 1679 clarum
1219 1632 1282 1671 est
1317 1633 1482 1684 praeter
1525 1628 1653 1676 codi-

156 1717 248 1746 cem
273 1704 594 1746 Perizonianum
621 1716 747 1746 unum
776 1704 1026 1768 Vaticanum
1058 1704 1170 1745 illum
1191 1717 1245 1746 ex
1266 1708 1410 1745 vetere
1427 1703 1655 1760 exemplari

157 1778 408 1820 Germanico
431 1783 458 1830 ¹,
492 1783 657 1820 ceteros
692 1792 744 1820 ex
773 1779 944 1821 Pontani
975 1779 1082 1821 libro
1115 1783 1236 1828 natos
1270 1790 1377 1820 esse.
1447 1763 1562 1820 Idem
1602 1790 1658 1830 ex

156 1853 386 1906 scripturae
418 1853 711 1907 discrepantiis
742 1854 942 1895 librorum
972 1854 1248 1909 scriptorum,
1303 1856 1504 1908 quotquot
1542 1864 1655 1900 nunc

159 1931 314 1979 extant,
348 1927 457 1968 inter
489 1940 535 1969 se
565 1927 729 1969 collatis
763 1927 1019 1982 intelligitur.
1091 1927 1154 1968 Ob
1188 1927 1296 1968 hanc
1330 1939 1499 1969 causam
1531 1926 1655 1969 codi-

163 2014 253 2042 cem
274 2001 596 2043 Perizonianum
629 2002 700 2055 (P)
732 2001 774 2042 in
802 2001 1022 2043 Germania
1054 2000 1142 2042 fere
1174 2000 1297 2042 unice
1336 2004 1505 2042 secutus
1548 2013 1653 2055 sum,

164 2075 206 2115 in
237 2074 415 2130 Dialogo
450 2074 559 2115 hunc
590 2078 629 2116 et
658 2075 955 2116 Farnesianum
987 2075 1058 2124 (F)
1094 2073 1276 2115 adhibui.
1337 2073 1654 2116 Farnesianoin

159 2148 336 2203 Dialogo
369 2153 508 2204 partes
541 2149 750 2202 concessi,
785 2162 869 2191 non
903 2161 983 2204 quo
1015 2153 1202 2203 putarem
1233 2149 1527 2207 peregregiam
1559 2161 1654 2191 esse

156 2223 345 2266 codicem
364 2227 395 2276 2,
427 2224 502 2266 sed
533 2228 577 2267 ut
605 2224 770 2278 planum
803 2224 921 2266 fieret
952 2228 1146 2278 quantum
1177 2224 1473 2266 Perizonianus
1500 2214 1652 2279 vulga-

154 2298 268 2340 ribus
305 2298 521 2341 codicibus
555 2303 749 2353 praestet.
810 2299 953 2354 Neque
985 2299 1106 2340 aliter
1139 2298 1405 2341 iudicandum
1437 2298 1517 2340 erit
1547 2310 1651 2354 pro-

231 2528 260 2560 1.
286 2525 378 2559 Hinc
404 2524 518 2559 Germ.
547 2537 577 2559 c.
605 2526 627 2560 9
657 2526 760 2559 ambo
787 2537 876 2560 con-

155 2574 314 2608 sentiunt
349 2575 385 2607 in
421 2574 631 2617 scripturam
661 2575 877 2608 memorabi-

155 2623 224 2656 lem
269 2623 419 2656 Marlem
453 2623 626 2656 concessis
666 2623 877 2657 animalibus

151 2671 298 2716 placant
334 2676 366 2704 et
401 2670 608 2713 Herculem,
649 2671 729 2704 dum
766 2672 875 2706 ceteri

156 2730 295 2753 manum
323 2720 591 2764 interpolatoris
609 2720 745 2763 experti
768 2730 875 2764 prae-

157 2767 241 2800 bent-
269 2768 453 2802 Herculem
483 2780 527 2801 ac
553 2768 704 2803 Martem
730 2780 875 2802 conces-

156 2816 202 2847 sis
225 2816 434 2850 animalibus
457 2816 613 2861 placant.
642 2817 790 2851 Scilicet
808 2817 877 2851 hoc

157 2873 266 2906 prave
303 2869 501 2899 correctum
549 2870 603 2900 est
636 2868 673 2899 in
712 2865 876 2914 exemplo

158 2910 277 2957 aliquo
320 2924 363 2947 ex
392 2912 541 2949 Pontani
576 2913 668 2948 libro
697 2914 876 2961 descripto

929 2531 964 2562 et
989 2530 1222 2574 propagatum
1262 2526 1297 2559 in
1332 2531 1473 2560 ceteros
1509 2527 1653 2573 codices

927 2576 1162 2609 recentiores.

999 2624 1033 2657 2.
1059 2623 1114 2657 Ad
1141 2633 1217 2658 eam
1245 2623 1452 2667 opinionem
1480 2624 1559 2658 sine
1589 2634 1654 2665 sua

928 2671 1033 2715 culpa
1066 2671 1232 2706 inductus
1272 2676 1326 2705 est
1362 2671 1524 2716 Lipsius:
1570 2683 1651 2714 nam

926 2731 1010 2764 prae
1021 2725 1190 2754 contextu
1202 2720 1391 2755 verborum
1408 2725 1492 2754 tunc
1503 2720 1652 2767 vulgato

926 2769 1145 2814 (Puteolani)
1164 2768 1277 2803 codex
1288 2768 1524 2803 Farnesianus
1545 2770 1651 2813 plane

928 2819 1097 2863 egregius
1130 2822 1205 2851 erat
1245 2822 1280 2851 et
1307 2818 1464 2862 Lipsium
1502 2818 1538 2850 in
1569 2828 1650 2852 cor-

926 2865 1076 2911 rigendo
1104 2865 1262 2913 Dialogu
1292 2865 1442 2905 multum
1481 2866 1651 2907 adiuvare

926 2918 1078 2960 poterat,
