1768 3216
798 177 1108 214 HISTORIARVM
1465 186 1496 210 a.
1525 185 1561 211 u.
1586 175 1672 213 822.

183 184 256 218 1⁷0

182 301 391 356 quaeritur
419 304 575 352 tempus
602 297 743 349 locuS,
789 296 982 351 quodque
1023 296 1064 337 in
1095 308 1142 337 re
1172 294 1244 337 tali
1276 293 1564 337 difficillimum
1595 297 1672 347 est,

183 376 312 430 pri-ma
343 386 437 425 vox,
471 373 563 414 dum
596 372 732 414 animo
764 385 859 426 spes
892 372 1039 423 timor⁷
1073 371 1178 412 ratio
1214 381 1335 412 casus
1378 370 1671 422 obversantur,

183 460 395 503 egressum
439 447 628 488 cubiculo
670 447 971 501 Vespasianum
1013 446 1135 500 pauci
1177 445 1353 497 milites,
1399 443 1524 486 solito
1556 443 1676 487 adsi-

181 525 334 565 stentes
367 521 512 564 ordine
542 525 586 563 ut
616 521 794 579 legatum
827 521 1066 573 salutaturi,
1101 521 1391 574 imperatorem
1423 518 1673 561 salutavere.

145 607 161 636 5
174 595 272 636 Tum
303 596 433 637 celeri
464 608 699 649 accurrere,
732 583 953 638 Caesarem
987 600 1026 637 et
1049 595 1279 650 Augustum
1313 598 1353 636 et
1383 593 1523 637 omnia
1552 593 1674 650 prin·-

175 671 331 724 cipatus
361 671 561 712 vocabula
597 671 818 712 cumulare.
860 670 1275 736 MQ-fflssfflss‘l
1279 669 1669 725 sortunws-

173 746 288 788 ierat.
351 747 395 786 In
427 746 516 800 ipso
562 746 663 788 niliil
693 746 915 798 tumidum⁷
961 745 1173 800 adrogans
1207 749 1288 786 aut
1318 745 1359 786 in
1390 744 1516 787 rebus
1539 744 1670 787 novis

173 807 325 862 nBVum
379 821 465 862 suit.
527 821 576 862 Ut
623 822 795 875 primum
838 825 974 863 tantae
1029 821 1267 863 mutationis
1314 819 1492 862 offusam
1541 818 1673 862 oculis

175 894 395 950 caliginem
419 895 597 949 disiecit,
629 897 861 938 militariter
891 896 1052 938 locutus
1083 896 1190 938 laeta
1219 895 1359 938 omnia
1385 899 1427 937 et
1449 894 1673 938 adfluentia
1712 904 1715 905 ’

125 981 162 1011 ιο
175 972 350 1025 excepit.
411 972 594 1026 Namque
626 972 666 1013 id
702 973 831 1026 ipsum
864 972 1085 1026 opperiens
1129 971 1345 1014 Mucianus
1377 970 1560 1013 alacrem
1591 969 1674 1012 mi-

173 1045 284 1088 litem
316 1046 358 1087 in
390 1047 517 1088 verba
546 1048 791 1101 Vespasiani
824 1047 978 1102 adegit.
1041 1047 1142 1088 Tum
1173 1045 1519 1088 Antiochensium
1550 1045 1674 1088 thea-

174 1126 278 1163 trum
310 1121 538 1176 ingressus,
569 1122 639 1163 ubi
671 1122 749 1164 illis
782 1123 1019 1165 consultare
1052 1134 1140 1164 mos
1174 1125 1261 1174 est,
1296 1123 1596 1163 concurrentes
1629 1124 1670 1163 et

173 1195 215 1237 in
246 1195 523 1239 adulationem
556 1196 710 1239 effusos
743 1185 990 1252 adloquitur,
1024 1197 1124 1239 satis
1157 1196 1338 1239 decorus
1365 1197 1489 1239 etiam
1510 1195 1672 1238 Graeca

173 1270 384 1323 facundia,
419 1271 685 1326 omniumque
717 1285 821 1327 quae
854 1273 1015 1314 diceret
1046 1277 1168 1327 atque
1199 1275 1346 1328 ageret
1364 1275 1464 1341 arte
1495 1270 1672 1342 quadam

124 1357 160 1388 1⁵
174 1349 416 1420 ostentator.
477 1347 586 1388 Nihil
631 1360 763 1402 aeque
807 1348 1065 1402 provinciam
1117 1330 1437 1402 exercitumque
1479 1322 1674 1389 accendit

174 1401 292 1473 quain
329 1401 438 1474 quod
470 1421 744 1465 adseverabat
773 1423 986 1465 Mucianus
1018 1423 1212 1465 statuisse
1243 1421 1467 1474 Vitellium,
1498 1425 1543 1463 ut
1561 1419 1673 1463 Ger-

172 1494 356 1536 manicas
388 1494 580 1550 legiones
612 1498 653 1538 in
683 1498 844 1552 Syliam
865 1498 916 1540 ad
937 1498 1121 1540 militiam
1145 1497 1381 1552 opulentam
1405 1496 1669 1552 quiet-amque

1027 1654 1199 1688 adsistunt
1226 1653 1274 1687 G:
1314 1653 1470 1688 correxit
1498 1652 1668 1687 Pichena.

1095 1703 1128 1738 8.
1157 1708 1254 1737 tante
1284 1701 1350 1736 Ma.
1440 1700 1671 1736 multitudinis

787 1751 999 1786 Gronovius,
1077 1752 1146 1797 obs.
1177 1750 1239 1785 Ma.
1316 1751 1349 1786 9.
1379 1751 1473 1786 omia
1499 1761 1579 1784 cum
1603 1749 1667 1784 liu.

692 1802 747 1837 12.
775 1800 829 1835 itti
856 1799 930 1836 Ma:
960 1800 986 1834 G
1011 1801 1094 1835 illis.
1160 1801 1215 1836 13.
1243 1811 1352 1846 qreca
1375 1797 1442 1837 Ma.
1497 1799 1552 1837 16.
1580 1809 1674 1846 quan

317 1653 348 1686 1.
387 1663 484 1697 quer.
512 1653 576 1687 Ma.
677 1655 711 1689 3.
740 1654 907 1688 adsistent
934 1653 999 1697 Ma,

171 1699 204 1734 5.
235 1706 323 1734 caet.
352 1700 415 1734 Ma.
492 1702 570 1737 ade.
600 1702 663 1738 llla
744 1704 778 1738 7.
807 1703 918 1737 nichil
944 1702 1009 1737 Ma.

169 1747 223 1782 Ma
249 1754 284 1783 et
311 1750 442 1783 ceteri:
470 1752 624 1784 correxit
649 1751 758 1834 I.1Fr.

170 1795 235 1831 Ma.
318 1798 371 1834 10.
401 1810 537 1844 nanque
565 1798 630 1835 Ma.

171 1845 261 1890 quod
293 1844 357 1881 Ma.

951 1987 1023 2010 was
1048 1987 1088 2010 er
1112 1977 1242 2022 sprach
1268 1976 1342 2010 und
1367 1976 1443 2010 that
1474 1977 1536 2010 mit
1574 1976 1673 2011 einer

950 2026 1119 2070 qewissen
1145 2025 1261 2059 Kunst
1287 2025 1362 2059 sich
1392 2025 1565 2072 zeiyend).

170 1985 287 2020 neque
326 1975 511 2009 credibilia
555 1981 672 2009 narrat
710 1976 882 2020 Iosephus

170 2022 275 2057 Bello
300 2022 374 2061 Iud.
406 2024 453 2057 {V
484 2025 526 2060 10
553 2026 588 2066 §.
618 2025 653 2059 4.

242 2070 327 2115 Cap.
354 2071 412 2106 80.
454 2085 529 2118 spes
556 2074 670 2114 timor,
698 2073 789 2106 ratio
818 2084 883 2106 ca-

168 2132 246 2153 sus.-
276 2120 322 2154 cf.
353 2126 472 2155 annot.
501 2121 543 2155 ad
571 2121 615 2155 XI
641 2121 675 2156 6.
786 2132 882 2155 mens

168 2189 214 2195 --
250 2169 473 2203 transierat.-
525 2169 691 2215 intellige
735 2176 882 2203 mentem

168 2216 397 2251 salutantium
434 2223 470 2251 et
505 2223 703 2252 ceterorum
730 2219 791 2264 qui
818 2230 881 2253 ac-

168 2265 368 2299 currebant.
409 2267 499 2300 Hinc
524 2267 567 2300 ad
593 2268 708 2311 ipsum
742 2268 881 2312 Vespa-

170 2315 305 2348 sianum
334 2317 510 2359 pervenit.

228 2369 347 2396 tantae
372 2365 574 2397 nmtationis
601 2365 747 2409 offusam
773 2364 883 2398 oculis

166 2410 373 2456 caliginenu
388 2412 474 2445 dicit
493 2423 570 2445 eum
585 2417 766 2456 stuporem
778 2424 882 2447 men-

165 2461 210 2492 tis
250 2470 319 2504 quo
362 2460 459 2493 oculi
495 2462 543 2493 ita
578 2461 803 2505 afficiuntur,
846 2467 906 2500 ut,

166 2507 322 2553 caligine
337 2509 561 2542 circumsessi
578 2509 779 2544 videantur.
810 2510 881 2544 Ge-

163 2557 310 2590 nitivus'
327 2558 526 2591 mutationis
553 2557 690 2592 fontem
719 2569 881 2592 causam..

164 2615 234 2649 que
261 2604 432 2648 denotat,
463 2606 649 2651 caliqinem
677 2618 768 2653 quae
796 2618 881 2651 pro-

168 2653 264 2687 fecta
293 2660 369 2688 erat
393 2666 415 2690 ‚a
442 2659 539 2688 tanta
565 2658 773 2690 mutatione.
810 2655 881 2690 Ge-

163 2706 276 2734 temm
326 2703 370 2736 de
420 2705 572 2737 veritate
620 2704 880 2738 emendationis

166 2749 413 2785 Gronovianae
441 2751 593 2785 dubitari
620 2754 714 2786 iuste
742 2755 877 2798 nequit.

237 2804 313 2831 arte
345 2800 493 2843 quadam
517 2806 735 2835 ostentator.-
776 2800 879 2835 abla-

165 2845 258 2878 tivus
297 2847 377 2881 voci
418 2854 608 2883 ostentator
654 2849 878 2884 definiendae

167 2894 288 2936 servit,
316 2895 409 2940 quod
439 2907 508 2942 quo
533 2898 675 2932 facilius
702 2898 763 2932 fiat
790 2908 877 2943 pro-

166 2950 295 2977 nomen
333 2943 502 2988 quaedam
531 2945 644 2980 efficit
685 2948 738 2994 (tn,
764 2946 878 2982 Allem

1025 2074 1186 2118 Syriacis
1219 2073 1412 2118 leqionibus
1453 2074 1669 2108 Germanica

952 2122 1102 2155 hiberna
1120 2143 1162 2148 —
1183 2128 1423 2156 mutarentur.-
1448 2128 1671 2158 mutarentur

952 2169 1020 2205 hoc
1057 2170 1137 2204 loco
1178 2170 1221 2204 de
1264 2181 1303 2204 re
1338 2181 1402 2215 per
1437 2172 1670 2211 mutationem

950 2219 1160 2264 accipienda
1200 2221 1357 2263 positum
1393 2224 1447 2254 est
1493 2220 1592 2267 (dass
1626 2241 1672 2248 --

951 2268 1190 2314 einqetauscht
1205 2269 1381 2311 voztrden).
1400 2269 1498 2303 Suet.
1519 2269 1667 2315 vespas.

950 2317 993 2352 6:
1026 2329 1146 2350 rumor
1172 2318 1358 2363 dissipatus
1396 2318 1589 2352 destinasse
1614 2319 1671 2354 vi-

952 2371 1080 2399 ctorem
1099 2365 1272 2400 Vitellium
1295 2372 1497 2412 permutare
1521 2367 1673 2402 hiberna

951 2414 1125 2459 legionum
1153 2421 1183 2449 et
1214 2415 1446 2449 Germanicas
1471 2418 1671 2462 transferre

951 2463 989 2496 in
1017 2463 1195 2497 Orientem
1219 2464 1266 2497 ad
1294 2464 1509 2498 securiorem
1542 2463 1671 2498 melio-

952 2523 1090 2556 remque
1118 2513 1288 2546 mititiam.
1320 2511 1445 2546 Castra
1470 2513 1602 2550 stativa
1627 2513 1671 2548 ad

952 2560 1194 2595 observandos
1216 2561 1429 2606 populorum
1448 2561 1670 2596 subditorum

952 2610 1087 2642 animos
1117 2615 1152 2643 et
1189 2609 1409 2644 coercendos
1441 2609 1597 2644 hostium
1624 2610 1670 2644 fi-

952 2659 1155 2692 nitimorum
1195 2660 1348 2703 impetus
1383 2660 1419 2692 in
1463 2660 1573 2693 variis
1599 2659 1670 2693 im-

951 2707 1040 2749 perii
1066 2708 1224 2751 partibus
1252 2708 1370 2752 posita
1393 2708 1507 2751 primo
1525 2708 1669 2742 nonnisi

950 2755 1098 2789 hiberna
1126 2756 1240 2798 fuere,
1267 2766 1350 2791 mox
1365 2756 1488 2790 eadem
1515 2756 1670 2791 militum

949 2804 1137 2838 multitudo
1165 2815 1244 2838 cum
1271 2809 1446 2848 perpetuo
1463 2804 1557 2849 apud
1580 2814 1670 2850 pro-

950 2852 1123 2886 vinciales
1158 2858 1385 2898 permaneret
1427 2857 1534 2898 atque
1561 2851 1668 2887 modo

948 2900 983 2933 in
1009 2901 1158 2936 aestivis
1185 2900 1292 2935 modo
1322 2901 1358 2934 in
1387 2899 1548 2935 hibernis
1574 2910 1668 2948 age-

946 2952 1025 2992 ret,
1054 2948 1228 2985 eiusmodi
1255 2954 1371 2985 casu-a
1399 2959 1508 2995 saepe
1534 2949 1669 2989 «intes
