1768 3216
134 203 209 239 288

701 199 762 234 DE
789 199 1074 235 ORATORIBVS

139 319 270 361 maius
300 322 587 373 argumentum
619 321 682 359 est
713 329 832 371 quam
860 317 970 371 quod
990 329 1144 361 causae
1167 316 1502 370 centumvitales,
1530 327 1637 370 quae

139 406 247 435 nunc
280 393 453 446 primum
482 392 668 435 obtinent
702 392 862 445 locum,
908 393 1014 434 adeo
1055 392 1280 446 splendore
1323 391 1498 435 aliorum
1528 389 1638 435 iudi-

139 468 298 508 ciorum
331 466 635 519 obruebantur,
663 471 706 508 ut
738 479 872 521 neque
905 467 1125 508 Ciceronis
1159 479 1295 520 neque
1331 465 1524 511 Caesaris
1558 476 1641 509 ‚ne-w·

137 553 216 594 que
235 541 347 585 Bruti
379 554 514 596 neque
536 542 665 584 Caelii
696 554 832 596 neque
856 541 986 593 Calvi,
1021 554 1105 583 non
1138 541 1317 596 denique
1347 540 1472 583 ullius
1492 539 1632 596 magni

110 617 318 658 soratoris
347 616 454 658 liber
485 617 591 671 apud
625 617 906 659 centumviros
939 617 1074 658 diet-us
1105 616 1283 671 legatur,
1319 615 1505 670 exceptis
1537 626 1662 661 οἴω,

137 690 319 732 tionibus
351 691 489 733 Asinii
521 703 627 745 quae
654 704 728 746 pro
760 691 986 734 heredibus
1019 691 1218 733 Urbiniae
1246 691 1552 743 inscribuntur,
1584 689 1635 734 ab

136 764 225 819 ipso
256 770 395 808 tamen
424 766 610 809 Pollione
643 767 791 810 mediis
840 766 924 808 divi
966 766 1145 821 Augusti
1172 765 1426 819 temporibus
1457 764 1638 816 habitae,

136 844 351 894 postquam
387 841 513 896 longa
544 845 772 895 temporum
814 842 931 895 quies
972 845 1011 883 et
1052 841 1290 882 continuum
1332 839 1472 894 populi
1511 839 1638 885 otium

139 919 179 955 et
206 915 380 961 adsidua
419 922 587 958 senatus
632 916 905 970 tranquillitas
940 920 979 957 et
1011 916 1187 958 maxima
1215 915 1417 970 principis
1446 914 1650 968 discipli-v

88 1001 190 1032 iona
234 991 364 1045 ipsam
417 1004 580 1045 quoque
621 991 898 1045 eloquentiam
944 991 1051 1032 sieut
1089 991 1227 1033 omnia
1277 990 1356 1032 alia
1399 993 1636 1044 pacaverat.

268 1164 301 1198 2.
330 1162 486 1208 optinent
513 1161 548 1196 Ρ.

137 1211 261 1245 urinae
291 1209 335 1243 F:
368 1211 524 1244 correxit
551 1210 704 1254 Lipsius.

665 1162 863 1207 aliquorum
889 1162 934 1195 P:
963 1163 1074 1196 ceteri
1101 1161 1263 1196 aliorum.

788 1211 820 1245 9.
850 1211 1006 1244 niaxima
1035 1210 1083 1244 P:
1113 1210 1222 1255 vulgo
1247 1209 1405 1244 maximi.

1363 1160 1398 1195 6.
1427 1160 1578 1197 urbinae
1602 1158 1639 1203 P,

135 1261 346 1305 pacaverat]
377 1260 615 1305 deparauerat
640 1260 753 1303 primo
781 1270 804 1293 α
829 1270 1007 1304 superscr.
1035 1271 1059 1293 u
1085 1259 1121 1293 1‘.

136 1411 188 1445 ria
215 1409 371 1452 habitis3
412 1409 508 1444 conf.
536 1409 584 1444 111
614 1411 669 1452 12,
699 1409 743 1443 lv
770 1409 792 1444 6
821 1415 856 1444 et

137 1464 260 1494 annot.
289 1459 331 1492 ad
359 1458 400 1492 A.
430 1470 460 1493 c.
489 1458 522 1493 6.

210 1541 338 1564 causae
366 1528 661 1564 centumvirales:
691 1529 786 1563 conf.
813 1529 856 1563 ad

138 1589 214 1623 cap.
244 1580 277 1613 7.

223 1649 373 1684 tiliorum
415 1650 653 1683 iudiciorum:
722 1651 858 1696 cogitat

138 1699 332 1742 praecipue
358 1698 402 1732 de
429 1699 570 1733 iudiciis
598 1697 752 1742 publicis
778 1699 856 1732 sive

138 1747 409 1791 quaestionibus
445 1747 658 1791 perpetuis,
700 1751 772 1780 tum
813 1747 856 1781 de

139 1796 255 1829 causis
294 1796 479 1842 (privatis)
515 1805 633 1829 coram
661 1805 857 1839 recupera-

137 1844 274 1877 toribus
307 1844 428 1878 haberi
470 1844 598 1878 solitis.
652 1843 692 1877 11.
735 1844 857 1888 Meyer

138 1892 172 1924 in
204 1891 298 1926 Orat.
328 1893 427 1926 Rom.
455 1893 582 1938 fragm.
611 1902 644 1936 p.
677 1894 748 1927 214
772 1892 855 1926 illo-

136 1952 213 1974 rum
239 1947 461 1975 correcturus
498 1946 572 1975 erat
610 1945 644 1973 et
683 1940 856 1984 explicuit

138 1999 229 2033 quae
256 1990 348 2033 apud
385 1995 567 2033 praetores
602 1987 756 2021 fiebant:
793 1990 856 2024 sed

137 2047 231 2070 nunc
258 2047 328 2070 non
358 2042 618 2080 componuntur
645 2047 738 2070 nova
759 2038 855 2071 iudi-

139 2086 193 2118 cia
219 2096 297 2118 cum
330 2086 538 2127 veteribus,
566 2085 628 2118 sed
655 2095 761 2118 unum
789 2097 856 2119 ve-

138 2137 250 2166 terum
279 2133 491 2166 iudiciorum
528 2144 641 2178 genus
670 2144 748 2166 cum
775 2134 856 2168 aliis

139 2186 207 2214 tam
237 2181 392 2226 publicis
420 2193 522 2227 quam
551 2182 711 2225 privatis.

213 2252 331 2286 Asinii
358 2264 445 2297 qnae
481 2264 544 2298 pro
572 2253 756 2287 heredibus
788 2252 856 2286 Ur-

138 2301 255 2334 biniae
280 2301 549 2335 inscribuntur:
575 2302 721 2335 Asinius
750 2300 856 2334 Urbi..

137 2350 218 2382 niae
263 2349 413 2383 heredes
454 2349 625 2383 adversus
666 2350 856 2393 petitorem

139 2396 337 2431 Clusinium
371 2398 561 2443 Figulum,
588 2399 647 2443 qui
677 2409 716 2431 se
744 2397 855 2431 filium

137 2457 216 2479 esse
256 2446 422 2479 Urbiniae
464 2447 627 2489 ferebat,
677 2446 854 2480 tuebatur.

139 2494 380 2535 Quintilianus
411 2494 470 2527 Vll
500 2495 522 2527 2
548 2495 616 2529 26:
643 2496 681 2528 in
708 2495 767 2528 tite
787 2494 856 2528 Ur-

138 2542 285 2576 biniana
309 2544 436 2587 petitor
463 2543 557 2584 dicit,
588 2543 856 2576 ClusiniumFi-

136 2591 253 2635 pulum
284 2590 394 2635 filium
429 2590 616 2633 Urbiniae,
660 2592 736 2624 acie
763 2593 857 2624 victa

136 2641 174 2672 in
201 2651 269 2684 qua
294 2644 449 2681 steterat,
477 2639 630 2684 fuqisse,
665 2641 855 2672 iactatum-

138 2699 200 2732 que
228 2688 365 2722 casibus
391 2688 519 2730 variis,
555 2693 726 2720 retentum
752 2689 856 2721 etiam

137 2748 159 2769 a
186 2747 288 2780 ηερε,
317 2736 456 2770 landem
482 2736 520 2768 in
550 2735 693 2769 ltaliam
718 2747 762 2769 ac
784 2747 855 2780 pa-

138 2785 243 2817 triam
267 2797 366 2818 suam
383 2784 568 2829 Maryinos
592 2785 727 2818 venisse
754 2789 855 2828 atque

138 2833 186 2866 ibi
211 2834 375 2877 aynosch
403 2832 512 2866 Pollio
545 2838 682 2875 contra,
709 2834 856 2866 servisse

139 2893 214 2914 eum
240 2881 382 2919 Pisauri
407 2881 558 2918 domnis
593 2881 739 2923 duobus,
781 2893 855 2915 me-

139 2930 293 2965 dicinam
339 2930 520 2976 factitasse
541 2955 552 2973 ,
607 2930 856 2965 manumissum

923 1410 1063 1443 alienae
1099 1421 1134 1443 se
1176 1409 1338 1454 familiae
1374 1407 1493 1443 venali
1523 1407 1641 1442 immi-

922 1459 1054 1492 scuisse
1081 1470 1126 1492 ac
1150 1464 1333 1502 rogantem
1355 1463 1392 1491 ut
1416 1458 1466 1491 eis
1493 1457 1642 1491 serviret

923 1513 1081 1552 emptum.
1141 1506 1241 1541 Adde
1271 1505 1432 1541 eiusdem
1459 1505 1508 1539 lv
1539 1507 1553 1538 l
1585 1506 1640 1547 11,

928 1555 990 1590 Vll
1017 1558 1040 1591 2
1066 1556 1101 1590 4.
1139 1555 1234 1589 Haec
1263 1565 1370 1589 causa
1398 1554 1642 1589 centumvira-

925 1604 981 1647 tis,
1009 1609 1046 1637 ut
1072 1608 1215 1638 ceterae
1243 1613 1366 1638 omnes
1393 1614 1484 1648 quae
1512 1602 1555 1637 ad
1574 1612 1642 1636 no-

924 1659 1030 1687 stram
1058 1653 1222 1686 notitiam
1259 1657 1453 1694 venerunt,
1496 1649 1641 1686 heredi-

924 1703 1014 1735 taria
1041 1706 1140 1735 erat:
1177 1702 1341 1735 nimirum
1369 1702 1405 1734 in
1433 1699 1642 1734 hereditatis

925 1751 1183 1784 controversiis
1211 1760 1320 1794 saepe
1346 1748 1499 1792 accidit,
1533 1753 1572 1781 ut
1597 1747 1642 1781 de

925 1801 1002 1833 iure
1030 1800 1143 1845 magis
1169 1809 1273 1844 quam
1300 1798 1343 1832 de
1370 1798 1466 1832 facto
1488 1807 1642 1843 quaere—

925 1853 1051 1881 retur:
1094 1847 1267 1881 eiusmodi
1301 1852 1420 1880 autem
1447 1856 1577 1880 causae
1606 1845 1642 1878 in

924 1897 1094 1930 iudicium
1123 1895 1383 1931 centumvirale
1413 1893 1643 1929 adduceban-

924 1950 990 1979 tur.

1012 2016 1169 2048 mamima
1218 2015 1391 2059 principis
1430 2012 1643 2058 disciplina:

924 2064 1080 2097 maxima
1107 2063 1294 2107 disciplina
1321 2066 1374 2096 cst
1397 2072 1488 2106 quae
1515 2071 1642 2106 magna

925 2112 1048 2145 molita
1087 2116 1122 2145 et
1160 2120 1331 2156 aggressa
1369 2115 1451 2142 est:
1485 2109 1641 2150 maximi,

925 2166 961 2192 ut
988 2161 1023 2193 in
1050 2159 1161 2204 vulgo
1179 2159 1350 2192 librorum
1377 2157 1521 2203 legitur,
1550 2158 1642 2205 assi-

926 2208 1071 2242 milandi
1099 2197 1324 2241 aberratione
1344 2211 1461 2239 natum
1487 2205 1641 2240 videtur.

927 2257 1086 2290 Maxima
1117 2256 1290 2301 principis
1316 2253 1505 2299 disciplina
1536 2265 1644 2299 egre-

926 2305 986 2349 gie
1013 2305 1183 2338 convenit
1210 2305 1318 2348 priori
1353 2303 1554 2336 continuum
1576 2314 1644 2348 po..

922 2354 998 2399 puli
1015 2354 1121 2387 otium
1146 2358 1181 2386 et
1207 2352 1357 2386 adsidua
1382 2357 1523 2385 senatus
1540 2357 1643 2384 tran-

926 2401 1090 2446 quillitas.
1133 2401 1256 2435 Simile
1286 2406 1339 2434 est
1365 2399 1459 2445 quod
1489 2398 1643 2446 legimus

926 2462 955 2483 c.
982 2451 1040 2493 40,
1071 2451 1292 2484 severissima
1320 2448 1518 2495 disciplina.

1010 2544 1098 2577 sicut
1141 2544 1259 2576 onmia
1303 2542 1379 2575 alia
1416 2548 1641 2586 pacaverat:

926 2590 1082 2626 Orellius
1111 2602 1154 2625 ex
1169 2591 1191 2624 P
1209 2591 1328 2624 omnia
1354 2590 1451 2624 dedit
1475 2600 1538 2634 pro
1557 2590 1641 2624 vul-

926 2641 1016 2684 gatis
1044 2641 1162 2673 omnia
1197 2639 1300 2674 alia.-
1335 2638 1500 2683 equidem
1538 2640 1641 2684 sequi

924 2688 1046 2721 nolim.
1105 2688 1192 2722 Nam
1230 2693 1396 2731 corrupta
1433 2697 1523 2732 quae
1553 2688 1588 2720 in
1618 2687 1642 2720 Ρ

925 2736 1087 2780 sequitur
1120 2737 1233 2771 torma
1265 2736 1525 2781 deparauerat‚
1564 2736 1641 2779 ipsa

925 2789 1001 2817 orta
1021 2790 1075 2818 est
1103 2795 1147 2821 ex
1173 2784 1248 2818 alia
1265 2789 1486 2830 pacauerat:
1509 2784 1642 2828 quippe

925 2834 1145 2876 pronominis
1190 2833 1265 2866 alia
1307 2832 1420 2876 prima
1457 2831 1579 2866 littera
1622 2842 1643 2865 a

924 2891 1135 2926 praegresso
1175 2879 1352 2916 vocabulo
1388 2879 1555 2924 absorpta
1589 2884 1643 2914 est

926 2929 1148 2978 (omnialia):
1178 2941 1223 2964 ex
1249 2929 1398 2974 reliquis
1414 2928 1496 2977 (lm)
1526 2927 1548 2962 1ae
1577 2937 1640 2973 pro

1484 1210 1538 1245 10.
1566 1207 1640 1243 alia
1693 1237 1697 1241 .
