1768 3216
780 225 867 264 GAr.
892 227 1025 265 9-10.
1570 230 1642 268 101

138 342 330 388 mulae
370 341 439 385 vel
482 342 652 397 bipenni
693 342 1013 387 adsimulavere.
1070 342 1122 385 Et
1166 345 1231 384 est
1256 355 1307 386 ea
1349 342 1482 387 facies
1527 344 1633 389 citra

141 417 426 470 caledoniam,
458 417 570 460 unde
600 422 640 460 et
669 418 713 459 in
740 417 981 460 universum
1014 416 1125 460 fama
1148 421 1214 460 est
1231 421 1511 473 transgressa.
1553 419 1639 463 Sed

139 492 386 536 immensum
430 496 472 534 et
513 504 687 535 enorme
729 491 923 547 spatium*
954 492 1289 546 procurrentium
1331 496 1519 536 extremo
1553 493 1636 536 iam

137 566 261 611 litere
290 571 492 609 terrarum
523 567 637 608 velut
666 567 709 608 in
743 578 920 609 cuneum
949 570 1154 608 tenuatur.
1195 565 1312 608 Hane
1344 578 1461 609 oram
1486 568 1636 610 novis-

137 642 235 685 simi
262 641 391 684 maris
418 645 515 684 tunc
544 642 720 696 primum
750 642 937 684 Romana
969 641 1118 683 classis
1148 641 1428 685 circumvecta
1458 642 1671 685 insulams

136 728 234 760 esse
259 716 514 760 Britanniam
548 716 793 769 adfirmavit,
826 729 876 759 ac
906 716 1030 759 simul
1061 716 1300 771 incognitas
1331 717 1384 759 ad
1417 717 1460 759 id
1477 721 1636 772 tempus

136 791 309 844 insulas,
341 803 445 846 quas
477 791 666 835 Orcadas
708 795 885 844 vocant,
926 791 1084 834 invenit
1121 791 1374 846 domuitque.
1440 792 1639 846 Dispecta

135 870 201 911 est
231 870 275 910 et
294 866 446 919 'rbule;
475 878 571 908 nam
602 866 805 909 hactenus
836 866 1007 918 iussum,
1038 870 1080 908 et
1107 866 1239 909 hiems
1271 867 1502 921 appetebat.
1553 867 1638 909 Sed

133 936 251 987 mre
293 941 461 996 pigrum
500 945 542 983 et
586 953 718 996 grave
756 941 1057 996 remigantibus
1101 939 1350 995 perhibent:
1401 953 1456 982 ne
1500 941 1637 983 ventis

134 1015 303 1073 quidem
329 1015 505 1070 perinde
537 1015 695 1058 attolli:
729 1014 884 1067 credo,
916 1014 1028 1068 quod
1059 1015 1245 1056 rariores
1277 1019 1416 1056 terrae
1446 1020 1698 1062 montes-10

67 1077 81 1081 ⁴
136 1102 232 1146 que,
265 1101 391 1134 causa
421 1103 471 1133 ac
499 1090 670 1133 materia
692 1092 993 1144 tempestatum,
1027 1093 1066 1131 et
1096 1089 1303 1143 profunda
1334 1089 1466 1131 moles
1498 1091 1638 1132 conti-

133 1165 206 1208 nui
230 1165 358 1207 maris
382 1165 540 1207 tardius
572 1164 806 1219 impellitur.
838 1164 1037 1207 Naturam
1059 1163 1219 1206 Oceani
1243 1168 1366 1218 atque
1388 1168 1526 1206 aestus
1556 1176 1637 1206 ne-

134 1251 216 1298 que
236 1251 441 1297 quaerere
469 1239 589 1282 huius
622 1239 761 1294 operis
793 1243 870 1292 est,
903 1252 952 1281 ac
976 1238 1091 1280 multi
1119 1238 1331 1281 rettulere.
1365 1238 1497 1281 Unum
1513 1239 1638 1282 addi-

242 1369 278 1405 2.
303 1369 342 1402 in
366 1368 567 1403 universum
591 1370 644 1404 A:
670 1368 872 1402 nniversam
900 1370 937 1409 Γ,
984 1367 1157 1401 unitersis
1181 1377 1253 1412 mg.
1281 1369 1314 1401 Γ
1335 1368 1540 1412 praeposito
1566 1369 1637 1411 Ar,

136 1417 367 1463 transgressis
393 1419 431 1460 Γ,
459 1422 698 1462 transgressus
725 1418 782 1452 A:
823 1422 1047 1461 transgressa
1085 1417 1122 1449 in
1151 1419 1322 1449 contextu
1349 1415 1532 1458 Rhenani,
1576 1419 1638 1462 qui

135 1466 173 1500 in
203 1463 510 1512 Castigationibus
536 1465 662 1499 suadet
690 1476 707 1498 e
732 1466 974 1510 trartsyressis.

863 1514 899 1549 8.
934 1513 1012 1557 Tyle
1038 1514 1083 1552 Δ,
1110 1512 1201 1558 thyle
1227 1511 1458 1546 Puteolanus.

698 1563 843 1608 iussum]
871 1562 936 1595 nie:
963 1572 1008 1595 ex
1033 1571 1145 1605 prava
1174 1561 1380 1594 coniectura
1405 1560 1636 1597 Puteolanus,

135 1611 320 1658 appetebat
345 1613 381 1647 Δ
403 1616 438 1645 et
460 1610 701 1646 Puteolanus:
730 1612 761 1646 Γ
784 1610 944 1644 abdebat.

355 1660 410 1697 10.
432 1660 584 1707 proinde
610 1662 646 1696 Δ
671 1663 707 1693 et
732 1658 962 1694 Puteolanus.

134 1524 228 1548 nus:
254 1525 396 1548 enorme
425 1515 534 1548 tacite
559 1513 764 1548 Rhenanus.

136 1562 280 1598 editor:
310 1563 456 1597 codices
482 1573 598 1608 quam.

138 1660 285 1695 teolani.

136 1762 210 1800 tum
234 1766 448 1811 impedivit,
476 1777 556 1800 cum
583 1766 644 1800 alii
671 1766 852 1810 interpre-

136 1818 298 1850 tarentur
328 1826 432 1860 quam
459 1814 648 1860 (Thulem)
683 1814 852 1848 hactenus

137 1864 202 1898 nix
237 1869 270 1898 et
294 1863 404 1898 hiems
438 1863 621 1910 appetebat
658 1865 852 1907 (expecta-

137 1912 235 1948 veris
258 1912 486 1958 appetebam)
514 1913 648 1957 impetu
675 1921 762 1953 suo,
790 1910 852 1944 alii

136 1961 196 1996 cat
218 1960 389 1996 haetenus
424 1961 488 1995 nis:
523 1965 556 1994 et
586 1961 694 1994 hiems
719 1970 853 2004 appro-

131 2009 347 2056 pinquabat,
380 2008 442 2043 alii
469 2020 573 2054 qnam
601 2011 638 2042 in
670 2007 853 2041 hominum

135 2068 302 2093 sermone
320 2057 490 2092 kactenus
515 2058 579 2091 nix
602 2063 635 2091 et
659 2056 767 2090 hie'ms
786 2056 852 2089 ab·-

136 2106 251 2150 debat,
279 2106 473 2152 probantes
500 2106 648 2140 alteram
671 2104 852 2139 scribendi

135 2156 312 2191 rationem
336 2155 495 2189 abdebat.
534 2153 742 2190 Obscuritas
767 2164 854 2187 sen-

136 2205 275 2239 tentiae
296 2209 332 2238 et
348 2205 579 2238 coniecturae
595 2203 746 2237 audacia
761 2202 852 2236 hanc

135 2253 230 2288 viam
256 2252 474 2286 dissuadent.
542 2251 620 2297 Ego
661 2261 725 2295 pro
752 2262 854 2296 quam

134 2302 281 2346 reposui
307 2311 413 2334 naun:
443 2299 733 2344 compendiorum
765 2299 791 2345 ἤ
819 2303 854 2333 et

136 2348 423 2394 &permutationi
437 2348 540 2393 origo
551 2347 775 2391 corruptelae
790 2345 852 2380 de-

136 2398 214 2433 beri
239 2397 402 2440 videtur;
443 2396 540 2430 certe
576 2394 737 2430 litterula
771 2404 854 2428 cor-

137 2450 238 2481 recta
264 2449 300 2480 et
323 2445 527 2480 sententiae
553 2443 674 2478 lumen
700 2441 790 2476 redit
818 2447 853 2477 et

139 2494 296 2530 facilitas
337 2493 625 2528 constructionis.
698 2492 854 2526 Praece-

138 2549 238 2589 ptum
266 2547 322 2577 est
357 2542 463 2577 classi
498 2546 537 2575 ut
577 2541 710 2575 rediret
735 2551 853 2585 neque

138 2592 233 2627 ultra
283 2591 327 2625 ad
363 2590 510 2625 Thulem
555 2590 853 2635 progrederetur:

140 2651 183 2675 ea
217 2649 326 2673 causa
360 2644 435 2673 erat
470 2649 533 2672 cur
570 2638 686 2671 insula
719 2642 854 2670 tantum

140 2688 390 2732 dispiceretur.
441 2686 568 2720 Verbis
594 2692 626 2719 et
653 2685 761 2719 biems
787 2696 855 2731 ap-

135 2735 276 2783 petebat
301 2735 436 2769 dictum
463 2739 518 2768 est
543 2744 606 2767 cur
633 2733 723 2768 illud
749 2734 856 2768 iube—

140 2789 249 2819 retur.
305 2783 359 2817 De
398 2782 510 2817 Thule
546 2781 681 2816 Plinius
709 2782 754 2816 lv
781 2783 855 2817 30:

140 2832 265 2867 ultima
275 2832 427 2866 omnium
447 2830 662 2876 (insularum
687 2832 723 2864 in
742 2830 857 2864 Oeen-

141 2885 208 2928 no)
244 2892 333 2925 quae
365 2885 606 2915 memorantur
650 2878 773 2921 Thule,
818 2879 856 2912 in

143 2940 213 2975 qua
232 2928 379 2964 solstitio
403 2927 521 2963 nullas
556 2938 629 2962 esse
654 2932 772 2961 noctes
797 2928 856 2960 in-

145 2977 336 3015 dicavimus
359 3002 369 3022 ,
427 2976 553 3013 cancri
598 2975 735 3022 siynum
785 2974 857 3010 sote

1098 1465 1133 1498 3.
1160 1465 1321 1497 innorme
1349 1466 1380 1498 Γ
1402 1468 1438 1497 et
1464 1464 1637 1499 Puteola-

1555 1525 1639 1548 nam

1053 1608 1086 1644 9.
1113 1609 1386 1655 remigrantibus
1411 1610 1535 1645 vitium
1562 1610 1636 1645 Pu-

923 1770 1151 1806 transeunte,
1195 1763 1374 1809 nullosque
1413 1747 1539 1799 con-tra
1573 1775 1639 1810 per

923 1813 1080 1847 bmmam
1118 1813 1202 1847 dies.
1245 1833 1291 1839 —
1330 1814 1363 1847 A
1394 1813 1498 1847 Thule
1535 1815 1640 1847 nntius

924 1862 994 1896 (liei
1017 1862 1245 1906 navigatione
1284 1873 1383 1895 mare
1417 1867 1639 1904 concretum,-

923 1922 946 1944 a
987 1909 1167 1944 nonnullis
1202 1910 1370 1944 Cronium
1415 1909 1639 1955 appellatur,-

922 1959 953 1993 Π
979 1959 1050 1994 77:
1087 1958 1178 2002 quod
1212 1959 1294 2001 fieri
1322 1959 1361 1991 in
1387 1958 1506 1992 insula
1535 1957 1640 1992 Thule

925 2011 982 2053 (ut
1009 2007 1168 2041 continui
1196 2006 1273 2040 dies
1295 2007 1367 2040 sint
1392 2011 1544 2048 aestate,
1570 2016 1639 2039 no-

924 2062 999 2090 ctes
1026 2056 1218 2089 continuae
1254 2066 1318 2099 per
1352 2054 1526 2100 hiemem)
1568 2053 1639 2098 Py-

923 2105 1021 2139 theas
1036 2103 1271 2138 Massiliensis
1295 2103 1447 2148 scripsit,
1473 2115 1535 2137 sea:
1563 2102 1640 2136 die-

923 2165 1002 2188 rum
1033 2153 1262 2198 navigatione
1294 2153 1334 2186 in
1370 2152 1642 2196 septentrionem

924 2214 948 2236 a
973 2202 1164 2236 Britannia
1190 2200 1354 2234 distante.
1405 2199 1507 2233 Adde
1532 2200 1639 2232 Pom-

924 2251 1024 2296 ponii
1052 2249 1168 2284 ltlelae
1195 2247 1244 2283 111
1271 2248 1294 2284 6
1320 2247 1385 2281 sub
1413 2247 1531 2282 finem.

1012 2320 1074 2354 sed
1101 2329 1199 2353 mare
1233 2339 1278 2346 -
1313 2318 1462 2365 perinde
1502 2317 1639 2354 attoni.-

926 2367 970 2401 εἰ.
999 2367 1038 2402 G.
1069 2368 1128 2402 45.

984 2444 1102 2473 terrae
1126 2443 1334 2485 montesque,
1363 2449 1472 2474 causa
1499 2450 1544 2473 ac
1560 2449 1639 2473 nia-

925 2488 1019 2521 teria
1032 2493 1269 2534 tempestatum
1282 2500 1293 2521 .-
1319 2488 1368 2523 ali
1387 2492 1516 2522 ventos
1533 2498 1638 2521 mon-

925 2536 1019 2570 tibus
1047 2535 1167 2570 arduis
1207 2542 1242 2570 et
1268 2536 1453 2581 profundis
1481 2536 1638 2571 flumini-

924 2585 990 2620 bus
1015 2584 1156 2620 Tacitus
1182 2585 1352 2629 credidit3
1384 2596 1418 2619 v.
1448 2584 1477 2618 11
1504 2585 1562 2619 23.

999 2686 1100 2726 atque
1126 2686 1262 2714 aestus:
1297 2679 1382 2712 dicit
1414 2679 1542 2712 fluctus
1575 2690 1639 2712 ac-

927 2734 1131 2764 crescentes
1171 2733 1205 2762 et
1232 2727 1483 2761 decrescentes
1525 2727 1640 2774 (Ebbe

925 2778 998 2812 und
1026 2777 1155 2823 Flam).
1254 2786 1297 2808 ac
1327 2773 1425 2808 multi
1449 2775 1639 2810 rettulere:

925 2826 1068 2860 videtur
1093 2825 1273 2868 respicere
1300 2822 1452 2857 Plinium
1479 2823 1519 2857 N.
1536 2823 1578 2857 lt.
1606 2824 1639 2858 11

926 2874 973 2909 99
999 2885 1052 2918 sq.
1097 2877 1133 2907 et
1169 2872 1340 2906 Senecam
1377 2871 1454 2906 Nat.
1494 2871 1638 2914 Quaest.

925 2921 973 2956 ΙΙΙ
999 2922 1058 2963 28,
1088 2921 1239 2954 tortasse
1265 2920 1372 2953 etiam
1397 2919 1544 2954 Fabium
1562 2919 1638 2954 Ru-

925 2969 1053 3006 sticum
1080 2972 1115 3005 ct
1140 2968 1293 3004 Livium.
1337 2966 1440 3003 Conf.
1467 2966 1596 3006 Strabo
1622 2967 1639 3003 1
