1768 3216
111 229 138 259 ι
156 217 203 258 G.
227 220 286 257 69.
585 220 722 256 LIBER
747 220 791 256 11.
842 221 931 258 Cu.
957 221 1121 258 48—50.

1547 224 1619 258 145

113 337 236 380 dibus
267 342 314 380 et
342 330 555 391 lacrimis,
586 338 736 380 vulnus
767 351 997 393 manusque
1029 340 1118 382 eius
1149 339 1456 382 exosculantes.
1518 340 1623 389 Qui-

113 411 210 455 dam
238 412 412 455 militnm
445 413 557 455 iuxta
589 426 738 469 rogum
771 414 1023 456 interfecere
1054 428 1116 467 se,
1149 427 1233 456 non
1264 426 1374 456 noxa
1403 427 1541 470 neque
1568 415 1623 457 ob

65 523 71 526 .
113 492 294 541 metum,
339 488 416 530 sed
456 488 736 530 aemulatione
776 489 945 531 decoris
985 494 1025 530 et
1071 490 1244 531 caritate
1284 490 1500 545 principis.
1558 490 1624 532 Ac

110 567 259 617 postea
284 563 498 617 promisce
528 562 722 604 Bedriaci
752 563 989 605 Placentiae
1027 563 1204 617 aliisque
1243 564 1284 604 in
1318 565 1469 606 castris
1501 564 1620 606 cele-

111 637 275 704 bfflm
315 638 355 679 id
396 650 530 693 genus
571 639 731 697 mortis.
795 638 948 680 Othoni
988 638 1226 693 sepulcrum
1277 644 1510 682 extructum
1539 619 1656 684 {stt

114 712 326 754 modicum
358 717 404 755 et‘
431 726 681 755 mansurum.
740 713 859 755 Hunc
891 714 1002 755 vit-ae
1041 714 1165 755 finem
1205 714 1349 756 hahuit
1378 716 1553 769 septimo
1583 719 1623 757 et

42 787 333 829 50tricesimo
384 789 532 830 aetatis
574 800 700 830 anno.
763 788 895 843 Origo
941 788 999 829 illi
1041 802 1066 830 c
1111 789 1338 842 municipio
1386 789 1623 842 Ferentino,

112 865 235 916 pater
255 862 516 914 consularis,
550 875 654 904 avus
685 862 943 916 praetorius;
974 867 1203 904 maternum
1223 875 1358 917 genus
1381 864 1528 917 impar,
1544 876 1624 905 nec
1655 845 1690 899 ‘r'
1725 854 1768 921 ἧς

56 947 64 958 ·
114 939 255 979 tamen
285 936 548 978 indecorum.
594 923 857 978 Pueritffiic
880 937 1063 989 iuventa,
1096 937 1259 990 qualem
1285 938 1622 979 monstravimus.
1669 916 1768 941 ’ΜΛ

112 1011 287 1053 Duobus
318 1011 596 1063 facinoribus,
629 1011 763 1052 altero
794 1011 1126 1066 flagitiosissimo
1148 1011 1281 1053 altero
1309 1012 1502 1067 egregio,
1527 1016 1679 1060 tan-10

115 1085 284 1128 tundem
326 1085 435 1140 apud
476 1090 672 1139 posteros
711 1086 861 1127 meruit
902 1086 1038 1128 bonae
1079 1085 1216 1128 famae
1247 1091 1449 1140 quantum
1475 1087 1623 1129 malae.

116 1160 175 1202 Ut.
195 1161 447 1214 conquirere
493 1161 682 1203 fabulosa
724 1165 765 1202 ct
801 1161 908 1202 fictis
947 1161 1162 1204 oblectare
1199 1162 1427 1217 legentium
1460 1163 1623 1204 animos

112 1234 259 1288 procul
301 1236 508 1290 gravitate
541 1236 678 1289 coepti
710 1236 851 1289 operis
884 1236 1163 1288 crediderim,
1196 1237 1249 1278 ita
1279 1237 1460 1292 vulgatis
1491 1236 1627 1279 tradi-—

115 1309 252 1364 iisque
283 1302 454 1352 demere
484 1309 607 1352 tidem
639 1323 723 1352 non
749 1311 896 1356 ausim.
937 1311 1017 1353 Die
1047 1323 1128 1365 quo
1152 1311 1346 1353 Bedriaci
1372 1312 1624 1364 certabatur,

117 1396 250 1429 avem.
277 1384 491 1427 invisitata
531 1385 676 1439 specie
718 1385 825 1439 apud
866 1385 1042 1440 Regium
1084 1385 1285 1439 Lepidum
1332 1386 1490 1428 celebri
1528 1386 1623 1427 luco
1638 1400 1677 1431 ιε

1016 1546 1237 1580 celebrarunt
1263 1546 1331 1581 Ma.
1426 1547 1459 1581 7.
1489 1547 1625 1580 tricen-

466 1598 645 1640 sereutino
674 1594 702 1630 G
727 1596 763 1628 in
791 1597 953 1642 margine
980 1597 1036 1640 (in
1065 1601 1236 1629 contextu
1261 1596 1383 1639 deest)
1413 1595 1457 1628 ab
1486 1595 1623 1637 eadem,

114 1647 155 1676 ut
178 1643 334 1686 videtur,
365 1654 500 1678 manu:
527 1642 581 1678 31⁸
610 1644 782 1679 Ferentio.
865 1644 900 1678 8.
930 1644 1039 1688 inpar
1066 1643 1132 1677 ΜΒ.
1222 1645 1277 1678 13.
1304 1642 1484 1689 gravitate
1510 1645 1626 1688 coepti

115 1691 184 1729 Μ’.
238 1691 332 1738 0019.
358 1691 418 1727 Or.
498 1693 555 1727 ¹5.
582 1692 769 1727 invisitata
797 1691 872 1727 Ma:
898 1693 1072 1727 inusitata
1098 1692 1126 1726 G
1152 1697 1189 1726 et
1214 1691 1290 1727 alii.
1357 1692 1433 1726 loco
1460 1691 1624 1726 Colerus.

249 1545 286 1582 4.
310 1547 485 1592 promisce
512 1545 578 1589 Ma,
610 1556 680 1580 uon
709 1548 920 1592 promiscue.

114 1595 199 1629 sino
226 1596 329 1629 etatis
344 1594 409 1630 Ma.

116 1860 186 1894 hoc
203 1859 425 1894 assimilandi
442 1859 671 1894 aberratione
691 1860 831 1905 (muni-
904 1861 942 1902 §.
969 1859 1036 1902 63,
1064 1859 1128 1894 sed
1153 1860 1183 1892 is
1207 1870 1252 1893 ex
1282 1857 1467 1893 veteribus
1493 1863 1623 1892 aucto-

117 1909 211 1953 cipio
221 1907 409 1955 Ferentio)
424 1913 544 1942 natum
564 1914 630 1943 est.
668 1909 831 1943 Ferenti*-

114 1968 198 1991 ηκτοι
228 1958 324 1992 enim
353 1957 519 1991 Etruriae
545 1957 716 2002 oppidum
750 1957 843 1999 fnit,-

116 2016 189 2040 non
211 2006 423 2049 Ferentium,
442 2016 513 2051 quo
531 2007 678 2040 nomine
692 2005 832 2040 nultum

116 2056 153 2089 in
170 2054 275 2089 ltalia
293 2056 540 2099 municipium,
563 2060 673 2100 atque
692 2054 833 2088 Etruria

114 2105 229 2148 patria
255 2102 414 2146 Othoni,
443 2109 482 2136 ut
508 2103 615 2137 tradit
641 2104 834 2137 Suetonius

116 2151 199 2187 Oth.
230 2154 270 2187 1:
306 2154 458 2186 maiores
486 2152 633 2187 othonis
658 2153 728 2186 orti
753 2158 833 2186 sunit

116 2201 239 2247 oppido
280 2201 486 2243 Ferentino,
531 2200 675 2246 familia
716 2207 833 2235 vetere

116 2255 149 2283 et
185 2249 362 2284 honorata
403 2256 505 2294 atque
543 2262 588 2283 α·
618 2250 836 2295 principibus

116 2297 303 2331 Etruriae.
350 2297 424 2353 &⁰⁶
450 2298 645 2332 Ferentino
671 2297 835 2332 Etruriae

118 2346 250 2388 Strabo·
280 2346 309 2379 V
338 2347 360 2381 2
393 2347 431 2388 δ.
458 2345 505 2387 9,
548 2346 684 2380 Plinius
724 2346 773 2380 111
798 2346 835 2388 8,

116 2395 258 2429 Tacitus
279 2394 342 2428 XV
369 2394 427 2434 53,
455 2394 515 2428 nbi
543 2394 586 2428 ad
610 2397 778 2439 [remano
801 2399 836 2428 et

116 2445 303 2488 ferentano
350 2442 496 2489 codices
534 2443 721 2486 aberrant,
774 2444 835 2488 qui

118 2491 213 2536 apud
240 2490 484 2526 Ptolemaeum
510 2490 560 2525 111
584 2493 600 2525 1
630 2493 667 2534 §.
686 2493 733 2527 50
761 2494 837 2525 ψε-

120 2544 275 2587 pervim«
305 2539 461 2574 offerunt
491 2550 555 2585 pro
589 2543 835 2586 Φερένιινον,

119 2590 275 2623 nominis
301 2588 452 2630 formam
476 2589 612 2623 nemini
640 2590 835 2635 cognitam.

121 2637 255 2672 Eodem
281 2638 425 2670 nomine
462 2639 498 2670 in
525 2637 690 2671 Hernicis
729 2638 838 2682 oppi-

121 2685 204 2719 dum
230 2685 320 2726 fnit,
364 2685 466 2718 cuius
503 2686 596 2729 apud
625 2686 836 2720 Strabonem

122 2735 159 2767 in
170 2733 262 2767 Latii
277 2732 424 2766 urbibus
449 2732 548 2766 nulla
568 2735 717 2777 mentio,
743 2733 838 2768 uude

123 2781 193 2816 boe
227 2780 340 2816 Taciti
375 2780 595 2825 temporibus
630 2792 703 2816 non
742 2783 839 2818 exti-

122 2831 211 2864 tisse
251 2829 325 2863 dixi
359 2830 395 2863 in
434 2830 667 2864 annotatione
701 2831 746 2864 ad
774 2831 839 2865 XV

124 2878 192 2914 53:
219 2877 283 2912 sed
309 2877 445 2912 Plinius
471 2877 598 2912 saltem
626 2878 840 2914 Ferentina-

125 2932 174 2961 tes
198 2927 234 2960 in
260 2925 361 2960 Latio
389 2927 601 2961 memoravit
625 2925 672 2960 111
690 2926 726 2971 9,
752 2928 840 2962 Pto..

124 2975 285 3012 lemaeus
328 2975 435 3010 etiam
472 2978 709 3024 Φερέντινον
745 2975 835 3013 1111

190 3053 315 3083 Tacitus
335 3053 389 3082 111.

903 1908 1002 1941 ribus
1029 1908 1063 1942 id
1083 1910 1238 1942 nominis
1263 1908 1406 1942 videtur
1425 1908 1622 1952 recepisse.

903 1957 1071 1991 Horatius
1095 1957 1211 2002 Epist.
1229 1956 1244 1990 1
1263 1957 1304 1991 17
1330 1957 1354 1991 8
1379 1956 1541 1990 scribens
1559 1957 1624 1990 Fe-

906 2007 1083 2040 rentinum
1116 2007 1171 2040 ire
1195 2005 1317 2039 iubebo
1351 2010 1388 2039 et
1418 2005 1537 2039 locum
1564 2006 1624 2039 in-

904 2055 1131 2100 frequentem
1169 2054 1402 2100 significans,
1445 2054 1625 2087 Hernico-

903 2114 980 2136 rum
1014 2114 1058 2137 an
1085 2103 1277 2138 Tuscorum
1311 2103 1483 2147 oppidum
1519 2102 1625 2136 dixe-

905 2154 962 2195 rit,
993 2153 1168 2186 incertum
1194 2157 1260 2186 est.

964 2207 1161 2235 neuter-num
1188 2213 1298 2246 yenus
1322 2201 1451 2245 impar,
1477 2211 1544 2233 nec
1567 2205 1625 2233 ta·-

905 2261 982 2282 men
994 2250 1199 2283 indecorum
1210 2249 1436 2294 2‘quomodo,
1454 2248 1484 2281 si
1498 2248 1626 2292 splen-

906 2297 1090 2331 didissima
1118 2309 1162 2332 ea
1189 2298 1324 2331 femina
1351 2297 1431 2339 fuit,
1449 2296 1623 2330 Suetonio

906 2347 1099 2380 testante?
1137 2346 1262 2380 scribit
1305 2346 1400 2379 enim
1444 2345 1488 2378 de
1523 2349 1624 2389 patre

906 2394 1078 2429 Othonis:
1106 2406 1150 2428 ex
1175 2394 1285 2428 Albia
1316 2394 1478 2428 Terentia
1502 2393 1624 2439 splen-

906 2443 1089 2477 didissima
1112 2444 1247 2488 semina
1296 2442 1381 2476 duos
1416 2442 1493 2477 tulit
1520 2442 1625 2486 filios.

907 2491 979 2527 Sed
1003 2492 1132 2526 melior
1157 2492 1207 2526 ibi
1233 2492 1410 2536 scriptura
1437 2490 1624 2536 splendida

905 2541 1052 2586 scadan,
1067 2550 1185 2585 ‘quam
1207 2551 1250 2574 ex
1271 2541 1408 2584 optimo
1426 2539 1519 2574 libro
1535 2538 1625 2572 Tor-

907 2591 1044 2623 rentius
1070 2589 1268 2623 adnotavit.
1307 2588 1417 2634 quue
1440 2598 1512 2621 non
1528 2587 1625 2621 aliud

907 2649 1012 2684 quam
1041 2638 1202 2672 ordinem
1242 2643 1445 2682 equestrem
1481 2637 1625 2680 proprie

907 2686 1031 2720 notat'.
1073 2686 1231 2721 Lmsms.
1271 2685 1352 2719 *CL
1382 2685 1480 2719 Suet.
1510 2683 1575 2717 Tit.
1602 2683 1627 2717 4

907 2735 1082 2782 splendidi
1105 2736 1259 2780 qenes-is.

984 2785 1133 2828 Regium
1170 2782 1362 2827 Lepidum:
1406 2781 1457 2814 cis
1493 2779 1625 2813 Padum

909 2833 1015 2865 situm
1054 2835 1131 2864 erat
1157 2841 1229 2864 non
1263 2828 1387 2873 procul
1417 2839 1438 2861 a
1462 2827 1624 2862 Brixello

911 2879 1026 2924 (conf.
1054 2878 1168 2913 Strab.
1197 2878 1224 2910 V
1255 2880 1270 2910 1
1300 2878 1337 2919 §.
1372 2878 1460 2923 11),
1491 2886 1562 2910 non
1588 2876 1626 2910 in

908 2928 1015 2962 litore
1053 2927 1160 2960 maris
1189 2925 1389 2968 Adriatici,
1434 2929 1473 2957 ut
1510 2924 1623 2959 refert

910 2975 1160 3021 Kiesslingius.

1373 3039 1424 3082 10
