<?xml version="1.0" encoding="UTF-8"?>
<!DOCTYPE html PUBLIC "-//W3C//DTD XHTML 1.0 Transitional//EN"
    "http://www.w3.org/TR/xhtml1/DTD/xhtml1-transitional.dtd">
<html xmlns="http://www.w3.org/1999/xhtml" xml:lang="en" lang="en">
 <head>
  <title>
</title>
<meta http-equiv="Content-Type" content="text/html;charset=utf-8" />
  <meta name='ocr-system' content='tesseract 3.04.00' />
  <meta name='ocr-capabilities' content='ocr_page ocr_carea ocr_par ocr_line ocrx_word'/>
</head>
<body>
  <div class='ocr_page' id='page_1' title='image "./operaadcodicesan03taciuoft/operaadcodicesan03taciuoft_0529.png"; bbox 0 0 1768 3216; ppageno 0'>
   <div class='ocr_carea' id='block_1_1' title="bbox 789 215 1648 258">
    <p class='ocr_par' dir='ltr' id='par_1_1' title="bbox 789 215 1648 258">
     <span class='ocr_line' id='line_1_1' title="bbox 789 215 1648 258; baseline 0.007 -6"><span class='ocrx_word' id='word_1_1' title='bbox 789 215 877 253; x_wconf 58' lang='grc' dir='ltr'><strong>ΟΛ».</strong></span> <span class='ocrx_word' id='word_1_2' title='bbox 903 219 1012 255; x_wconf 74' lang='lat'><strong>2-3</strong></span> <span class='ocrx_word' id='word_1_3' title='bbox 1597 222 1648 258; x_wconf 65' lang='lat'><strong>8?</strong></span> 
     </span>
    </p>
   </div>
   <div class='ocr_carea' id='block_1_2' title="bbox 151 324 1420 387">
    <p class='ocr_par' dir='ltr' id='par_1_2' title="bbox 151 324 1420 387">
     <span class='ocr_line' id='line_1_2' title="bbox 151 324 1420 387; baseline 0.008 -18"><span class='ocrx_word' id='word_1_4' title='bbox 151 324 395 385; x_wconf 63' lang='lat' dir='ltr'><strong>quisitioues</strong></span> <span class='ocrx_word' id='word_1_5' title='bbox 438 329 562 375; x_wconf 85' lang='lat' dir='ltr'><strong>etiam</strong></span> <span class='ocrx_word' id='word_1_6' title='bbox 604 330 803 385; x_wconf 84' lang='lat' dir='ltr'><strong>loquendi</strong></span> <span class='ocrx_word' id='word_1_7' title='bbox 842 332 1122 387; x_wconf 87' lang='lat' dir='ltr'><strong>audiendique</strong></span> <span class='ocrx_word' id='word_1_8' title='bbox 1153 336 1420 382; x_wconf 86' lang='lat' dir='ltr'><strong>commercio.</strong></span> 
     </span>
    </p>
   </div>
   <div class='ocr_carea' id='block_1_3' title="bbox 1484 336 1647 380">
    <p class='ocr_par' dir='ltr' id='par_1_3' title="bbox 1484 336 1647 380">
     <span class='ocr_line' id='line_1_3' title="bbox 1484 336 1647 380; baseline 0 0"><span class='ocrx_word' id='word_1_9' title='bbox 1484 336 1647 380; x_wconf 83' lang='lat' dir='ltr'><strong>Memo-</strong></span> 
     </span>
    </p>
   </div>
   <div class='ocr_carea' id='block_1_4' title="bbox 150 404 1647 462">
    <p class='ocr_par' dir='ltr' id='par_1_4' title="bbox 150 404 1647 462">
     <span class='ocr_line' id='line_1_4' title="bbox 150 404 1647 462; baseline 0.008 -19.108"><span class='ocrx_word' id='word_1_10' title='bbox 150 411 453 457; x_wconf 75' lang='lat' dir='ltr'><strong>muuquoque</strong></span> <span class='ocrx_word' id='word_1_11' title='bbox 485 404 618 458; x_wconf 81' lang='lat' dir='ltr'>ipsam</span> <span class='ocrx_word' id='word_1_12' title='bbox 650 416 743 449; x_wconf 88' lang='lat' dir='ltr'><strong>cum</strong></span> <span class='ocrx_word' id='word_1_13' title='bbox 763 418 875 448; x_wconf 89' lang='lat' dir='ltr'><strong>voce</strong></span> <span class='ocrx_word' id='word_1_14' title='bbox 903 407 1247 462; x_wconf 81' lang='lat' dir='ltr'><strong>perdidissemus,</strong></span> <span class='ocrx_word' id='word_1_15' title='bbox 1279 410 1318 452; x_wconf 89' lang='lat' dir='ltr'><strong>si</strong></span> <span class='ocrx_word' id='word_1_16' title='bbox 1335 414 1419 452; x_wconf 82' lang='lat' dir='ltr'><strong>tam</strong></span> <span class='ocrx_word' id='word_1_17' title='bbox 1441 411 1485 453; x_wconf 86' lang='lat' dir='ltr'><strong>in</strong></span> <span class='ocrx_word' id='word_1_18' title='bbox 1502 416 1647 456; x_wconf 85' lang='lat' dir='ltr'><strong>nostra</strong></span> 
     </span>
    </p>
   </div>
   <div class='ocr_carea' id='block_1_5' title="bbox 110 474 1088 537">
    <p class='ocr_par' dir='ltr' id='par_1_5' title="bbox 110 474 1088 537">
     <span class='ocr_line' id='line_1_5' title="bbox 110 474 1088 537; baseline 0.01 -23"><span class='ocrx_word' id='word_1_19' title='bbox 110 474 357 537; x_wconf 62' lang='lat' dir='ltr'><strong>Spotestate</strong></span> <span class='ocrx_word' id='word_1_20' title='bbox 386 481 499 523; x_wconf 85' lang='lat' dir='ltr'><strong>esset</strong></span> <span class='ocrx_word' id='word_1_21' title='bbox 537 479 730 521; x_wconf 82' lang='lat' dir='ltr'><strong>oblivisci</strong></span> <span class='ocrx_word' id='word_1_22' title='bbox 771 492 894 534; x_wconf 87' lang='lat' dir='ltr'><strong>quam</strong></span> <span class='ocrx_word' id='word_1_23' title='bbox 933 484 1088 525; x_wconf 83' lang='lat' dir='ltr'><strong>tacere.</strong></span> 
     </span>
    </p>
   </div>
   <div class='ocr_carea' id='block_1_6' title="bbox 1173 483 1647 539">
    <p class='ocr_par' dir='ltr' id='par_1_6' title="bbox 1173 483 1647 539">
     <span class='ocr_line' id='line_1_6' title="bbox 1173 483 1647 539; baseline 0.006 -15"><span class='ocrx_word' id='word_1_24' title='bbox 1173 483 1290 525; x_wconf 89' lang='lat' dir='ltr'><strong>Nunc</strong></span> <span class='ocrx_word' id='word_1_25' title='bbox 1330 484 1495 539; x_wconf 88' lang='lat' dir='ltr'><strong>demum</strong></span> <span class='ocrx_word' id='word_1_26' title='bbox 1537 485 1647 528; x_wconf 86' lang='lat' dir='ltr'><strong>redit</strong></span> 
     </span>
    </p>
   </div>
   <div class='ocr_carea' id='block_1_7' title="bbox 150 549 1675 834">
    <p class='ocr_par' dir='ltr' id='par_1_7' title="bbox 150 549 1675 834">
     <span class='ocr_line' id='line_1_7' title="bbox 152 549 1647 609; baseline 0.003 -13"><span class='ocrx_word' id='word_1_27' title='bbox 152 549 342 603; x_wconf 50' lang='lat' dir='ltr'><strong>utimum</strong></span> <span class='ocrx_word' id='word_1_28' title='bbox 386 556 427 593; x_wconf 82' lang='lat' dir='ltr'><strong>et</strong></span> <span class='ocrx_word' id='word_1_29' title='bbox 466 565 710 607; x_wconf 85' lang='lat' dir='ltr'><strong>quamquam</strong></span> <span class='ocrx_word' id='word_1_30' title='bbox 755 555 887 609; x_wconf 91' lang='lat' dir='ltr'><strong>primo</strong></span> <span class='ocrx_word' id='word_1_31' title='bbox 930 555 1067 598; x_wconf 86' lang='lat' dir='ltr'><strong>statim</strong></span> <span class='ocrx_word' id='word_1_32' title='bbox 1105 556 1335 600; x_wconf 82' lang='lat' dir='ltr'><strong>beatissimi</strong></span> <span class='ocrx_word' id='word_1_33' title='bbox 1376 558 1510 600; x_wconf 91' lang='lat' dir='ltr'><strong>seculi</strong></span> <span class='ocrx_word' id='word_1_34' title='bbox 1553 563 1647 601; x_wconf 85' lang='lat' dir='ltr'><strong>ortu</strong></span> 
     </span>
     <span class='ocr_line' id='line_1_8' title="bbox 151 623 1675 687; baseline 0.007 -21"><span class='ocrx_word' id='word_1_35' title='bbox 151 623 291 685; x_wconf 58' lang='lat' dir='ltr'><strong>Herm</strong></span> <span class='ocrx_word' id='word_1_36' title='bbox 320 624 476 670; x_wconf 83' lang='lat' dir='ltr'><strong>Caesar</strong></span> <span class='ocrx_word' id='word_1_37' title='bbox 505 639 574 673; x_wconf 80' lang='lat' dir='ltr'><strong>res</strong></span> <span class='ocrx_word' id='word_1_38' title='bbox 614 627 711 670; x_wconf 91' lang='lat' dir='ltr'><strong>olim</strong></span> <span class='ocrx_word' id='word_1_39' title='bbox 752 628 1046 672; x_wconf 86' lang='lat' dir='ltr'><strong>dissociabiles</strong></span> <span class='ocrx_word' id='word_1_40' title='bbox 1084 631 1323 684; x_wconf 83' lang='lat' dir='ltr'><strong>miscuerit,</strong></span> <span class='ocrx_word' id='word_1_41' title='bbox 1370 632 1675 687; x_wconf 69' lang='lat' dir='ltr'><strong>principatum·</strong></span> 
     </span>
     <span class='ocr_line' id='line_1_9' title="bbox 151 697 1644 761; baseline 0.007 -22"><span class='ocrx_word' id='word_1_42' title='bbox 151 708 203 746; x_wconf 78' lang='lat' dir='ltr'><strong>ac</strong></span> <span class='ocrx_word' id='word_1_43' title='bbox 230 697 490 752; x_wconf 83' lang='lat' dir='ltr'><strong>libertatem,</strong></span> <span class='ocrx_word' id='word_1_44' title='bbox 531 707 766 756; x_wconf 86' lang='lat' dir='ltr'><strong>augeatque</strong></span> <span class='ocrx_word' id='word_1_45' title='bbox 809 703 995 756; x_wconf 85' lang='lat' dir='ltr'><strong>quotidie</strong></span> <span class='ocrx_word' id='word_1_46' title='bbox 1037 704 1275 748; x_wconf 76' lang='lat' dir='ltr'><strong>felicitatem</strong></span> <span class='ocrx_word' id='word_1_47' title='bbox 1317 706 1480 760; x_wconf 86' lang='lat' dir='ltr'><strong>imperii</strong></span> <span class='ocrx_word' id='word_1_48' title='bbox 1506 707 1644 761; x_wconf 87' lang='lat' dir='ltr'><strong>Nerva</strong></span> 
     </span>
     <span class='ocr_line' id='line_1_10' title="bbox 150 770 1644 834; baseline 0.006 -20"><span class='ocrx_word' id='word_1_49' title='bbox 150 770 378 825; x_wconf 46' lang='lat' dir='ltr'><strong>&#39;linianum</strong></span> <span class='ocrx_word' id='word_1_50' title='bbox 425 786 504 815; x_wconf 88' lang='lat' dir='ltr'><strong>nec</strong></span> <span class='ocrx_word' id='word_1_51' title='bbox 531 787 647 828; x_wconf 88' lang='lat' dir='ltr'><strong>spem</strong></span> <span class='ocrx_word' id='word_1_52' title='bbox 684 776 809 818; x_wconf 89' lang='lat' dir='ltr'><strong>modo</strong></span> <span class='ocrx_word' id='word_1_53' title='bbox 839 790 888 818; x_wconf 89' lang='lat' dir='ltr'><strong>ac</strong></span> <span class='ocrx_word' id='word_1_54' title='bbox 928 781 1070 819; x_wconf 88' lang='lat' dir='ltr'><strong>votum</strong></span> <span class='ocrx_word' id='word_1_55' title='bbox 1112 780 1316 822; x_wconf 78' lang='lat' dir='ltr'><strong>securitas</strong></span> <span class='ocrx_word' id='word_1_56' title='bbox 1355 780 1520 834; x_wconf 88' lang='lat' dir='ltr'><strong>publica</strong></span> <span class='ocrx_word' id='word_1_57' title='bbox 1567 780 1644 823; x_wconf 89' lang='lat' dir='ltr'><strong>sed</strong></span> 
     </span>
    </p>
   </div>
   <div class='ocr_carea' id='block_1_8' title="bbox 263 941 755 978">
    <p class='ocr_par' dir='ltr' id='par_1_8' title="bbox 263 941 755 978">
     <span class='ocr_line' id='line_1_11' title="bbox 263 941 755 978; baseline 0.006 -3"><span class='ocrx_word' id='word_1_58' title='bbox 263 942 296 975; x_wconf 85' lang='lat'><strong>1.</strong></span> <span class='ocrx_word' id='word_1_59' title='bbox 323 941 361 975; x_wconf 72' lang='grc' dir='ltr'><strong>ἴε</strong></span> <span class='ocrx_word' id='word_1_60' title='bbox 386 943 433 976; x_wconf 82' lang='lat' dir='ltr'><strong>T:</strong></span> <span class='ocrx_word' id='word_1_61' title='bbox 462 942 680 977; x_wconf 85' lang='lat' dir='ltr'><strong>Puteolanus</strong></span> <span class='ocrx_word' id='word_1_62' title='bbox 704 949 755 978; x_wconf 87' lang='lat' dir='ltr'><strong>et.</strong></span> 
     </span>
    </p>
   </div>
   <div class='ocr_carea' id='block_1_9' title="bbox 849 945 1360 988">
    <p class='ocr_par' dir='ltr' id='par_1_9' title="bbox 849 945 1360 988">
     <span class='ocr_line' id='line_1_12' title="bbox 849 945 1360 988; baseline 0.002 -8"><span class='ocrx_word' id='word_1_63' title='bbox 849 946 883 980; x_wconf 85' lang='lat'><strong>5.</strong></span> <span class='ocrx_word' id='word_1_64' title='bbox 911 945 1126 980; x_wconf 76' lang='lat' dir='ltr'><strong>dissolubiles</strong></span> <span class='ocrx_word' id='word_1_65' title='bbox 1151 948 1194 988; x_wconf 95' lang='lat' dir='ltr'><strong>A,</strong></span> <span class='ocrx_word' id='word_1_66' title='bbox 1222 957 1294 980; x_wconf 86' lang='lat' dir='ltr'><strong>non</strong></span> <span class='ocrx_word' id='word_1_67' title='bbox 1321 950 1360 983; x_wconf 89' lang='grc' dir='ltr'><strong>Γ.</strong></span> 
     </span>
    </p>
   </div>
   <div class='ocr_carea' id='block_1_10' title="bbox 1496 948 1643 993">
    <p class='ocr_par' dir='ltr' id='par_1_10' title="bbox 1496 948 1643 993">
     <span class='ocr_line' id='line_1_13' title="bbox 1496 948 1643 993; baseline -0.02 -10"><span class='ocrx_word' id='word_1_68' title='bbox 1496 948 1531 983; x_wconf 89' lang='grc'><strong>6.</strong></span> <span class='ocrx_word' id='word_1_69' title='bbox 1558 949 1643 993; x_wconf 76' lang='lat' dir='ltr'><strong>feli.</strong></span> 
     </span>
    </p>
   </div>
   <div class='ocr_carea' id='block_1_11' title="bbox 148 988 1642 1088">
    <p class='ocr_par' dir='ltr' id='par_1_11' title="bbox 148 988 1642 1088">
     <span class='ocr_line' id='line_1_14' title="bbox 150 988 1642 1038; baseline 0.007 -17"><span class='ocrx_word' id='word_1_70' title='bbox 150 988 290 1022; x_wconf 74' lang='lat' dir='ltr'><strong>citatem</strong></span> <span class='ocrx_word' id='word_1_71' title='bbox 315 991 400 1024; x_wconf 83' lang='lat' dir='ltr'><strong>I&#39;A:</strong></span> <span class='ocrx_word' id='word_1_72' title='bbox 433 990 644 1035; x_wconf 74' lang='lat' dir='ltr'><strong>salicitatem</strong></span> <span class='ocrx_word' id='word_1_73' title='bbox 680 993 807 1026; x_wconf 86' lang='lat' dir='ltr'><strong>vitium</strong></span> <span class='ocrx_word' id='word_1_74' title='bbox 847 998 902 1027; x_wconf 87' lang='lat' dir='ltr'><strong>est</strong></span> <span class='ocrx_word' id='word_1_75' title='bbox 938 994 1105 1027; x_wconf 75' lang='lat' dir='ltr'><strong>editionis</strong></span> <span class='ocrx_word' id='word_1_76' title='bbox 1135 995 1296 1029; x_wconf 76' lang='lat' dir='ltr'><strong>Venetae</strong></span> <span class='ocrx_word' id='word_1_77' title='bbox 1336 1006 1367 1028; x_wconf 86' lang='lat' dir='ltr'><strong>a.</strong></span> <span class='ocrx_word' id='word_1_78' title='bbox 1402 995 1513 1038; x_wconf 81' lang='lat'><strong>1497,</strong></span> <span class='ocrx_word' id='word_1_79' title='bbox 1548 997 1642 1031; x_wconf 90' lang='lat' dir='ltr'><strong>unde</strong></span> 
     </span>
     <span class='ocr_line' id='line_1_15' title="bbox 148 1022 1622 1088; baseline 0.005 -18"><span class='ocrx_word' id='word_1_80' title='bbox 148 1033 345 1072; x_wconf 79' lang='lat' dir='ltr'><strong>Beroaldus</strong></span> <span class='ocrx_word' id='word_1_81' title='bbox 382 1038 470 1072; x_wconf 83' lang='lat' dir='ltr'><strong>fecit</strong></span> <span class='ocrx_word' id='word_1_82' title='bbox 494 1039 717 1084; x_wconf 73' lang='lat' dir='ltr'><strong>facilitatem.</strong></span> <span class='ocrx_word' id='word_1_83' title='bbox 745 1046 845 1086; x_wconf 77' lang='lat' dir='ltr'><strong>epora</strong></span> <span class='ocrx_word' id='word_1_84' title='bbox 871 1043 910 1084; x_wconf 87' lang='grc' dir='ltr'><strong>Γ,</strong></span> <span class='ocrx_word' id='word_1_85' title='bbox 938 1047 1127 1088; x_wconf 79' lang='lat' dir='ltr'><strong>tempo-rum</strong></span> <span class='ocrx_word' id='word_1_86' title='bbox 1152 1044 1204 1077; x_wconf 89' lang='lat' dir='ltr'><strong>A:</strong></span> <span class='ocrx_word' id='word_1_87' title='bbox 1230 1043 1370 1088; x_wconf 76' lang='lat' dir='ltr'><strong>imperii</strong></span> <span class='ocrx_word' id='word_1_88' title='bbox 1394 1022 1622 1079; x_wconf 76' lang='lat' dir='ltr'><strong>Puteo&#39;lanus.</strong></span> 
     </span>
    </p>
   </div>
   <div class='ocr_carea' id='block_1_12' title="bbox 144 1195 858 2012">
    <p class='ocr_par' dir='ltr' id='par_1_12' title="bbox 146 1195 857 1391">
     <span class='ocr_line' id='line_1_16' title="bbox 150 1195 855 1246; baseline 0 -12"><span class='ocrx_word' id='word_1_89' title='bbox 150 1201 294 1234; x_wconf 82' lang='grc' dir='ltr'>σωνίου</span> <span class='ocrx_word' id='word_1_90' title='bbox 311 1198 352 1233; x_wconf 75' lang='grc' dir='ltr'><strong>ἐκ</strong></span> <span class='ocrx_word' id='word_1_91' title='bbox 373 1198 438 1241; x_wconf 68' lang='grc' dir='ltr'><strong>τός</strong></span> <span class='ocrx_word' id='word_1_92' title='bbox 456 1195 598 1246; x_wconf 78' lang='grc' dir='ltr'>Ῥωιιης</span> <span class='ocrx_word' id='word_1_93' title='bbox 622 1200 780 1246; x_wconf 75' lang='grc' dir='ltr'><strong>ἐξέβαλε.</strong></span> <span class='ocrx_word' id='word_1_94' title='bbox 802 1201 855 1234; x_wconf 82' lang='lat' dir='ltr'><strong>Ex</strong></span> 
     </span>
     <span class='ocr_line' id='line_1_17' title="bbox 147 1233 855 1290; baseline 0.003 -10"><span class='ocrx_word' id='word_1_95' title='bbox 147 1245 307 1281; x_wconf 73' lang='lat' dir='ltr'><strong>Eusebio</strong></span> <span class='ocrx_word' id='word_1_96' title='bbox 349 1233 538 1290; x_wconf 83' lang='lat' dir='ltr'><strong>Syncellus</strong></span> <span class='ocrx_word' id='word_1_97' title='bbox 586 1247 723 1281; x_wconf 89' lang='lat' dir='ltr'><strong>duobus</strong></span> <span class='ocrx_word' id='word_1_98' title='bbox 767 1249 855 1282; x_wconf 89' lang='lat' dir='ltr'><strong>locis</strong></span> 
     </span>
     <span class='ocr_line' id='line_1_18' title="bbox 146 1288 857 1344; baseline 0.003 -17"><span class='ocrx_word' id='word_1_99' title='bbox 146 1288 288 1328; x_wconf 73' lang='lat' dir='ltr'><strong>renunt</strong></span> <span class='ocrx_word' id='word_1_100' title='bbox 309 1291 547 1342; x_wconf 77' lang='grc' dir='ltr'>Δοιιετιανὸς</span> <span class='ocrx_word' id='word_1_101' title='bbox 565 1292 652 1334; x_wconf 80' lang='grc' dir='ltr'><strong><em>τοὺς</em></strong></span> <span class='ocrx_word' id='word_1_102' title='bbox 670 1301 857 1344; x_wconf 76' lang='grc' dir='ltr'><em>μαθημα-</em></span> 
     </span>
     <span class='ocr_line' id='line_1_19' title="bbox 148 1343 857 1391; baseline 0.001 -14"><span class='ocrx_word' id='word_1_103' title='bbox 148 1354 275 1381; x_wconf 67' lang='grc' dir='ltr'>τικους</span> <span class='ocrx_word' id='word_1_104' title='bbox 313 1362 360 1369; x_wconf 92' lang='grc'>-</span> <span class='ocrx_word' id='word_1_105' title='bbox 400 1343 572 1387; x_wconf 72' lang='grc' dir='ltr'><em>ἀπήλασε</em></span> <span class='ocrx_word' id='word_1_106' title='bbox 599 1348 664 1379; x_wconf 77' lang='grc' dir='ltr'><strong>καὶ</strong></span> <span class='ocrx_word' id='word_1_107' title='bbox 690 1345 857 1391; x_wconf 77' lang='grc' dir='ltr'>φιλοσό</span> 
     </span>
    </p>

    <p class='ocr_par' dir='ltr' id='par_1_13' title="bbox 144 1390 858 2012">
     <span class='ocr_line' id='line_1_20' title="bbox 149 1390 857 1448; baseline 0.006 -25"><span class='ocrx_word' id='word_1_108' title='bbox 149 1402 249 1448; x_wconf 81' lang='grc' dir='ltr'><strong><em>φους</em></strong></span> <span class='ocrx_word' id='word_1_109' title='bbox 272 1391 338 1433; x_wconf 68' lang='grc' dir='ltr'><strong>τῆς</strong></span> <span class='ocrx_word' id='word_1_110' title='bbox 363 1390 523 1439; x_wconf 68' lang='grc' dir='ltr'><em>Ῥώμης,</em></span> <span class='ocrx_word' id='word_1_111' title='bbox 557 1402 640 1425; x_wconf 84' lang='lat' dir='ltr'><strong>mox</strong></span> <span class='ocrx_word' id='word_1_112' title='bbox 665 1395 857 1439; x_wconf 73' lang='grc' dir='ltr'><strong>Δομετια-</strong></span> 
     </span>
     <span class='ocr_line' id='line_1_21' title="bbox 146 1434 857 1500; baseline 0.001 -25"><span class='ocrx_word' id='word_1_113' title='bbox 146 1436 214 1479; x_wconf 73' lang='grc' dir='ltr'><strong>νὸς</strong></span> <span class='ocrx_word' id='word_1_114' title='bbox 237 1451 326 1478; x_wconf 74' lang='grc' dir='ltr'><strong><em>τους</em></strong></span> <span class='ocrx_word' id='word_1_115' title='bbox 348 1434 642 1487; x_wconf 71' lang='grc' dir='ltr'><strong>μηθηαατικους</strong></span> <span class='ocrx_word' id='word_1_116' title='bbox 678 1441 857 1500; x_wconf 63' lang='grc' dir='ltr'>δεύτεριιν</span> 
     </span>
     <span class='ocr_line' id='line_1_22' title="bbox 149 1486 856 1534; baseline 0.003 -13"><span class='ocrx_word' id='word_1_117' title='bbox 149 1486 227 1523; x_wconf 72' lang='lat' dir='ltr'><strong>dm</strong></span> <span class='ocrx_word' id='word_1_118' title='bbox 210 1488 325 1528; x_wconf 58' lang='grc' dir='ltr'><strong><em>ἔλασε</em></strong></span> <span class='ocrx_word' id='word_1_119' title='bbox 342 1491 407 1522; x_wconf 79' lang='grc' dir='ltr'><strong>καὶ</strong></span> <span class='ocrx_word' id='word_1_120' title='bbox 429 1488 580 1534; x_wconf 82' lang='grc' dir='ltr'>φιλοσό</span> <span class='ocrx_word' id='word_1_121' title='bbox 577 1501 677 1534; x_wconf 84' lang='grc' dir='ltr'><em>ρους</em></span> <span class='ocrx_word' id='word_1_122' title='bbox 691 1494 755 1531; x_wconf 75' lang='grc' dir='ltr'><strong>τῆς</strong></span> <span class='ocrx_word' id='word_1_123' title='bbox 766 1489 856 1523; x_wconf 86' lang='grc' dir='ltr'><strong>Ῥώ-</strong></span> 
     </span>
     <span class='ocr_line' id='line_1_23' title="bbox 144 1535 856 1583; baseline 0.001 -14"><span class='ocrx_word' id='word_1_124' title='bbox 144 1548 230 1583; x_wconf 66' lang='grc' dir='ltr'><strong>μης,</strong></span> <span class='ocrx_word' id='word_1_125' title='bbox 254 1545 348 1580; x_wconf 73' lang='lat' dir='ltr'><strong>quae</strong></span> <span class='ocrx_word' id='word_1_126' title='bbox 361 1535 487 1570; x_wconf 80' lang='lat' dir='ltr'><strong>Latine</strong></span> <span class='ocrx_word' id='word_1_127' title='bbox 513 1546 618 1570; x_wconf 87' lang='lat' dir='ltr'><strong>versa</strong></span> <span class='ocrx_word' id='word_1_128' title='bbox 644 1537 680 1569; x_wconf 91' lang='lat' dir='ltr'><strong>in</strong></span> <span class='ocrx_word' id='word_1_129' title='bbox 707 1536 856 1570; x_wconf 88' lang='lat' dir='ltr'><strong>Eusebii</strong></span> 
     </span>
     <span class='ocr_line' id='line_1_24' title="bbox 147 1581 856 1639; baseline 0.001 -22"><span class='ocrx_word' id='word_1_130' title='bbox 147 1581 352 1618; x_wconf 79' lang='lat' dir='ltr'><strong>chronicon</strong></span> <span class='ocrx_word' id='word_1_131' title='bbox 364 1583 679 1639; x_wconf 80' lang='lat' dir='ltr'><strong>Hieronymianum</strong></span> <span class='ocrx_word' id='word_1_132' title='bbox 699 1584 856 1619; x_wconf 79' lang='lat' dir='ltr'><strong>editores</strong></span> 
     </span>
     <span class='ocr_line' id='line_1_25' title="bbox 146 1631 856 1676; baseline 0.003 -12"><span class='ocrx_word' id='word_1_133' title='bbox 146 1635 362 1675; x_wconf 75' lang='lat' dir='ltr'><strong>receperunt</strong></span> <span class='ocrx_word' id='word_1_134' title='bbox 376 1631 598 1675; x_wconf 81' lang='lat' dir='ltr'><strong>(Vallarsius</strong></span> <span class='ocrx_word' id='word_1_135' title='bbox 622 1633 659 1665; x_wconf 91' lang='lat' dir='ltr'><strong>in</strong></span> <span class='ocrx_word' id='word_1_136' title='bbox 687 1634 856 1676; x_wconf 73' lang='lat' dir='ltr'><strong>operibus</strong></span> 
     </span>
     <span class='ocr_line' id='line_1_26' title="bbox 146 1679 855 1726; baseline 0.001 -13"><span class='ocrx_word' id='word_1_137' title='bbox 146 1679 355 1722; x_wconf 76' lang='lat' dir='ltr'><strong>Hieronymi</strong></span> <span class='ocrx_word' id='word_1_138' title='bbox 391 1684 415 1712; x_wconf 83' lang='lat' dir='ltr'><strong>t.</strong></span> <span class='ocrx_word' id='word_1_139' title='bbox 455 1679 563 1714; x_wconf 82' lang='lat' dir='ltr'><strong>vul</strong></span> <span class='ocrx_word' id='word_1_140' title='bbox 552 1690 654 1725; x_wconf 83' lang='lat' dir='ltr'><strong>pag.</strong></span> <span class='ocrx_word' id='word_1_141' title='bbox 680 1680 752 1715; x_wconf 83' lang='lat'><strong>688</strong></span> <span class='ocrx_word' id='word_1_142' title='bbox 781 1684 855 1726; x_wconf 88' lang='lat' dir='ltr'><strong>sq.)</strong></span> 
     </span>
     <span class='ocr_line' id='line_1_27' title="bbox 146 1726 858 1763; baseline -0.003 0"><span class='ocrx_word' id='word_1_143' title='bbox 146 1727 212 1763; x_wconf 81' lang='lat' dir='ltr'><strong>sub</strong></span> <span class='ocrx_word' id='word_1_144' title='bbox 240 1727 344 1763; x_wconf 81' lang='lat' dir='ltr'><strong>annis</strong></span> <span class='ocrx_word' id='word_1_145' title='bbox 368 1726 562 1761; x_wconf 85' lang='lat' dir='ltr'><strong>Domitiani</strong></span> <span class='ocrx_word' id='word_1_146' title='bbox 589 1727 753 1761; x_wconf 79' lang='lat' dir='ltr'><strong>Caesaris</strong></span> <span class='ocrx_word' id='word_1_147' title='bbox 778 1729 800 1763; x_wconf 85' lang='lat'>8</span> <span class='ocrx_word' id='word_1_148' title='bbox 822 1733 858 1762; x_wconf 86' lang='lat' dir='ltr'><strong>et</strong></span> 
     </span>
     <span class='ocr_line' id='line_1_28' title="bbox 150 1774 856 1818; baseline -0.004 -9"><span class='ocrx_word' id='word_1_149' title='bbox 150 1776 207 1810; x_wconf 83' lang='lat'><strong>15.</strong></span> <span class='ocrx_word' id='word_1_150' title='bbox 261 1775 358 1810; x_wconf 75' lang='lat' dir='ltr'><strong>naec</strong></span> <span class='ocrx_word' id='word_1_151' title='bbox 383 1777 514 1810; x_wconf 84' lang='lat' dir='ltr'><strong>uostris</strong></span> <span class='ocrx_word' id='word_1_152' title='bbox 549 1774 769 1818; x_wconf 80' lang='lat' dir='ltr'><strong>temporibus</strong></span> <span class='ocrx_word' id='word_1_153' title='bbox 798 1778 856 1810; x_wconf 91' lang='lat' dir='ltr'><strong>in-</strong></span> 
     </span>
     <span class='ocr_line' id='line_1_29' title="bbox 146 1820 858 1867; baseline 0.003 -11"><span class='ocrx_word' id='word_1_154' title='bbox 146 1822 365 1867; x_wconf 76' lang='lat' dir='ltr'><strong>tet-pratibus</strong></span> <span class='ocrx_word' id='word_1_155' title='bbox 391 1823 502 1858; x_wconf 78' lang='lat' dir='ltr'><strong>Taciti</strong></span> <span class='ocrx_word' id='word_1_156' title='bbox 534 1820 792 1867; x_wconf 77' lang='lat' dir='ltr'><strong>imposuerunt,</strong></span> <span class='ocrx_word' id='word_1_157' title='bbox 818 1829 858 1858; x_wconf 87' lang='lat' dir='ltr'><strong>ut</strong></span> 
     </span>
     <span class='ocr_line' id='line_1_30' title="bbox 146 1869 855 1915; baseline 0.003 -11"><span class='ocrx_word' id='word_1_158' title='bbox 146 1869 384 1915; x_wconf 82' lang='lat' dir='ltr'><strong>philosophos</strong></span> <span class='ocrx_word' id='word_1_159' title='bbox 424 1871 478 1906; x_wconf 88' lang='lat' dir='ltr'><strong>bis</strong></span> <span class='ocrx_word' id='word_1_160' title='bbox 517 1882 538 1905; x_wconf 83' lang='lat' dir='ltr'><strong>a</strong></span> <span class='ocrx_word' id='word_1_161' title='bbox 575 1871 779 1906; x_wconf 86' lang='lat' dir='ltr'><strong>Domitiano</strong></span> <span class='ocrx_word' id='word_1_162' title='bbox 821 1873 855 1906; x_wconf 91' lang='lat' dir='ltr'><strong>in</strong></span> 
     </span>
     <span class='ocr_line' id='line_1_31' title="bbox 148 1919 857 1965; baseline 0.003 -13"><span class='ocrx_word' id='word_1_163' title='bbox 148 1919 298 1952; x_wconf 88' lang='lat' dir='ltr'><strong>exilium</strong></span> <span class='ocrx_word' id='word_1_164' title='bbox 323 1925 422 1954; x_wconf 87' lang='lat' dir='ltr'><strong>actos</strong></span> <span class='ocrx_word' id='word_1_165' title='bbox 449 1919 650 1962; x_wconf 83' lang='lat' dir='ltr'><strong>crederent,</strong></span> <span class='ocrx_word' id='word_1_166' title='bbox 677 1920 857 1965; x_wconf 84' lang='lat' dir='ltr'><strong>inquibus</strong></span> 
     </span>
     <span class='ocr_line' id='line_1_32' title="bbox 148 1966 626 2012; baseline 0 -11"><span class='ocrx_word' id='word_1_167' title='bbox 148 1966 334 2004; x_wconf 81' lang='lat' dir='ltr'><strong>Walchius</strong></span> <span class='ocrx_word' id='word_1_168' title='bbox 361 1973 397 2002; x_wconf 90' lang='lat' dir='ltr'><strong>et</strong></span> <span class='ocrx_word' id='word_1_169' title='bbox 423 1968 626 2012; x_wconf 75' lang='lat' dir='ltr'><strong>RupertiuS.</strong></span> 
     </span>
    </p>
   </div>
   <div class='ocr_carea' id='block_1_13' title="bbox 146 2059 862 2969">
    <p class='ocr_par' dir='ltr' id='par_1_14' title="bbox 146 2059 862 2969">
     <span class='ocr_line' id='line_1_33' title="bbox 196 2059 857 2104; baseline -0.003 -9"><span class='ocrx_word' id='word_1_170' title='bbox 196 2059 302 2095; x_wconf 77' lang='lat' dir='ltr'><strong>etiam</strong></span> <span class='ocrx_word' id='word_1_171' title='bbox 315 2059 479 2104; x_wconf 67' lang='lat' dir='ltr'><strong>loquenda·</strong></span> <span class='ocrx_word' id='word_1_172' title='bbox 504 2060 736 2104; x_wconf 77' lang='lat' dir='ltr'><strong>audiendique</strong></span> <span class='ocrx_word' id='word_1_173' title='bbox 760 2071 857 2094; x_wconf 84' lang='lat' dir='ltr'><strong>com-</strong></span> 
     </span>
     <span class='ocr_line' id='line_1_34' title="bbox 146 2108 857 2154; baseline 0 -13"><span class='ocrx_word' id='word_1_174' title='bbox 146 2108 299 2143; x_wconf 75' lang='lat' dir='ltr'><strong>men-cio.-</strong></span> <span class='ocrx_word' id='word_1_175' title='bbox 326 2109 362 2142; x_wconf 85' lang='lat' dir='ltr'><strong>in</strong></span> <span class='ocrx_word' id='word_1_176' title='bbox 390 2110 421 2143; x_wconf 88' lang='grc' dir='ltr'><strong><em>Γ</em></strong></span> <span class='ocrx_word' id='word_1_177' title='bbox 444 2119 526 2154; x_wconf 67' lang='lat' dir='ltr'><strong>esse</strong></span> <span class='ocrx_word' id='word_1_178' title='bbox 552 2109 597 2152; x_wconf 66' lang='lat' dir='ltr'><strong>ic,</strong></span> <span class='ocrx_word' id='word_1_179' title='bbox 626 2108 662 2143; x_wconf 82' lang='lat' dir='ltr'><strong>h.</strong></span> <span class='ocrx_word' id='word_1_180' title='bbox 683 2119 715 2142; x_wconf 89' lang='lat' dir='ltr'><strong>e.</strong></span> <span class='ocrx_word' id='word_1_181' title='bbox 738 2109 857 2150; x_wconf 72' lang='lat' dir='ltr'><strong>etiam,</strong></span> 
     </span>
     <span class='ocr_line' id='line_1_35' title="bbox 147 2155 856 2192; baseline -0.001 -1"><span class='ocrx_word' id='word_1_182' title='bbox 147 2156 296 2191; x_wconf 83' lang='lat' dir='ltr'><strong>Wexius</strong></span> <span class='ocrx_word' id='word_1_183' title='bbox 324 2161 484 2192; x_wconf 77' lang='lat' dir='ltr'><strong>testatur.</strong></span> <span class='ocrx_word' id='word_1_184' title='bbox 537 2156 575 2190; x_wconf 86' lang='lat' dir='ltr'><strong>Si</strong></span> <span class='ocrx_word' id='word_1_185' title='bbox 616 2162 647 2190; x_wconf 86' lang='lat' dir='ltr'><strong>et</strong></span> <span class='ocrx_word' id='word_1_186' title='bbox 687 2166 706 2189; x_wconf 82' lang='lat' dir='ltr'><strong>a</strong></span> <span class='ocrx_word' id='word_1_187' title='bbox 734 2155 856 2191; x_wconf 88' lang='lat' dir='ltr'><strong>Tacito</strong></span> 
     </span>
     <span class='ocr_line' id='line_1_36' title="bbox 149 2203 856 2249; baseline 0 -11"><span class='ocrx_word' id='word_1_188' title='bbox 149 2208 264 2246; x_wconf 71' lang='lat' dir='ltr'><strong>esset,</strong></span> <span class='ocrx_word' id='word_1_189' title='bbox 304 2203 397 2244; x_wconf 84' lang='lat' dir='ltr'><strong>idem</strong></span> <span class='ocrx_word' id='word_1_190' title='bbox 436 2205 531 2249; x_wconf 85' lang='lat' dir='ltr'><strong>quod</strong></span> <span class='ocrx_word' id='word_1_191' title='bbox 566 2206 671 2238; x_wconf 81' lang='lat' dir='ltr'><strong>etiam</strong></span> <span class='ocrx_word' id='word_1_192' title='bbox 705 2204 856 2247; x_wconf 83' lang='lat' dir='ltr'><strong>valeret,</strong></span> 
     </span>
     <span class='ocr_line' id='line_1_37' title="bbox 149 2252 857 2296; baseline 0.001 -11"><span class='ocrx_word' id='word_1_193' title='bbox 149 2262 268 2296; x_wconf 85' lang='lat' dir='ltr'><strong>neque</strong></span> <span class='ocrx_word' id='word_1_194' title='bbox 294 2252 469 2295; x_wconf 76' lang='lat' dir='ltr'><strong>particula</strong></span> <span class='ocrx_word' id='word_1_195' title='bbox 494 2264 558 2296; x_wconf 76' lang='lat' dir='ltr'><strong>que</strong></span> <span class='ocrx_word' id='word_1_196' title='bbox 571 2252 607 2284; x_wconf 91' lang='lat' dir='ltr'><strong>in</strong></span> <span class='ocrx_word' id='word_1_197' title='bbox 624 2252 857 2296; x_wconf 74' lang='lat' dir='ltr'><strong>audiendique</strong></span> 
     </span>
     <span class='ocr_line' id='line_1_38' title="bbox 151 2298 859 2336; baseline 0 -3"><span class='ocrx_word' id='word_1_198' title='bbox 151 2304 247 2334; x_wconf 84' lang='lat' dir='ltr'><strong>esset</strong></span> <span class='ocrx_word' id='word_1_199' title='bbox 271 2298 498 2336; x_wconf 67' lang='lat' dir='ltr'><strong>distributiva</strong></span> <span class='ocrx_word' id='word_1_200' title='bbox 532 2299 595 2333; x_wconf 90' lang='lat' dir='ltr'><strong>sed</strong></span> <span class='ocrx_word' id='word_1_201' title='bbox 633 2299 859 2333; x_wconf 88' lang='lat' dir='ltr'><strong>adiunctiva.</strong></span> 
     </span>
     <span class='ocr_line' id='line_1_39' title="bbox 150 2346 862 2391; baseline -0.001 -10"><span class='ocrx_word' id='word_1_202' title='bbox 150 2357 233 2381; x_wconf 79' lang='lat' dir='ltr'><strong>nam</strong></span> <span class='ocrx_word' id='word_1_203' title='bbox 279 2346 566 2382; x_wconf 79' lang='lat' dir='ltr'><strong>distributionem</strong></span> <span class='ocrx_word' id='word_1_204' title='bbox 611 2357 674 2391; x_wconf 86' lang='lat' dir='ltr'><strong>per</strong></span> <span class='ocrx_word' id='word_1_205' title='bbox 721 2358 786 2390; x_wconf 80' lang='lat' dir='ltr'><strong>que</strong></span> <span class='ocrx_word' id='word_1_206' title='bbox 827 2352 862 2380; x_wconf 86' lang='lat' dir='ltr'><strong>et</strong></span> 
     </span>
     <span class='ocr_line' id='line_1_40' title="bbox 150 2393 861 2440; baseline -0.003 -11"><span class='ocrx_word' id='word_1_207' title='bbox 150 2394 428 2440; x_wconf 81' lang='lat' dir='ltr'><strong>subsequentem</strong></span> <span class='ocrx_word' id='word_1_208' title='bbox 466 2401 498 2431; x_wconf 75' lang='lat' dir='ltr'><strong>et</strong></span> <span class='ocrx_word' id='word_1_209' title='bbox 535 2394 593 2428; x_wconf 89' lang='lat' dir='ltr'><strong>vel</strong></span> <span class='ocrx_word' id='word_1_210' title='bbox 637 2405 682 2427; x_wconf 79' lang='lat' dir='ltr'><strong>ac</strong></span> <span class='ocrx_word' id='word_1_211' title='bbox 720 2393 861 2427; x_wconf 82' lang='lat' dir='ltr'><strong>Tacitus</strong></span> 
     </span>
     <span class='ocr_line' id='line_1_41' title="bbox 150 2440 860 2487; baseline -0.004 -9"><span class='ocrx_word' id='word_1_212' title='bbox 150 2443 325 2486; x_wconf 77' lang='lat' dir='ltr'><strong>instituit,</strong></span> <span class='ocrx_word' id='word_1_213' title='bbox 350 2453 423 2479; x_wconf 82' lang='lat' dir='ltr'><strong>nou</strong></span> <span class='ocrx_word' id='word_1_214' title='bbox 454 2453 519 2487; x_wconf 88' lang='lat' dir='ltr'><strong>per</strong></span> <span class='ocrx_word' id='word_1_215' title='bbox 545 2447 577 2476; x_wconf 74' lang='lat' dir='ltr'><strong>ct</strong></span> <span class='ocrx_word' id='word_1_216' title='bbox 603 2464 648 2470; x_wconf 93' lang='grc'>-</span> <span class='ocrx_word' id='word_1_217' title='bbox 677 2453 751 2487; x_wconf 77' lang='lat' dir='ltr'><strong>que.</strong></span> <span class='ocrx_word' id='word_1_218' title='bbox 804 2440 860 2476; x_wconf 83' lang='lat' dir='ltr'><strong>cf.</strong></span> 
     </span>
     <span class='ocr_line' id='line_1_42' title="bbox 149 2490 859 2536; baseline -0.003 -11"><span class='ocrx_word' id='word_1_219' title='bbox 149 2490 167 2525; x_wconf 90' lang='lat' dir='ltr'><strong>l</strong></span> <span class='ocrx_word' id='word_1_220' title='bbox 189 2490 260 2528; x_wconf 72' lang='lat'><strong>61:</strong></span> <span class='ocrx_word' id='word_1_221' title='bbox 302 2492 443 2536; x_wconf 72' lang='lat' dir='ltr'><strong>visuque</strong></span> <span class='ocrx_word' id='word_1_222' title='bbox 475 2502 521 2528; x_wconf 73' lang='lat' dir='ltr'><strong>ac</strong></span> <span class='ocrx_word' id='word_1_223' title='bbox 555 2491 735 2525; x_wconf 71' lang='lat' dir='ltr'><strong>memoria.</strong></span> <span class='ocrx_word' id='word_1_224' title='bbox 788 2490 859 2525; x_wconf 80' lang='lat'><strong>71:</strong></span> 
     </span>
     <span class='ocr_line' id='line_1_43' title="bbox 150 2537 859 2585; baseline -0.007 -9"><span class='ocrx_word' id='word_1_225' title='bbox 150 2539 282 2584; x_wconf 68' lang='lat' dir='ltr'><strong>sibique</strong></span> <span class='ocrx_word' id='word_1_226' title='bbox 311 2545 343 2574; x_wconf 87' lang='lat' dir='ltr'><strong>et</strong></span> <span class='ocrx_word' id='word_1_227' title='bbox 364 2538 512 2585; x_wconf 72' lang='lat' dir='ltr'><strong>proelio.</strong></span> <span class='ocrx_word' id='word_1_228' title='bbox 560 2537 610 2572; x_wconf 85' lang='lat' dir='ltr'><strong>lv</strong></span> <span class='ocrx_word' id='word_1_229' title='bbox 638 2539 681 2573; x_wconf 66' lang='lat'><strong>4:</strong></span> <span class='ocrx_word' id='word_1_230' title='bbox 708 2538 787 2572; x_wconf 83' lang='lat' dir='ltr'><strong>‹tum</strong></span> <span class='ocrx_word' id='word_1_231' title='bbox 815 2558 859 2565; x_wconf 85' lang='lat'><strong>-—</strong></span> 
     </span>
     <span class='ocr_line' id='line_1_44' title="bbox 150 2587 859 2632; baseline -0.004 -10"><span class='ocrx_word' id='word_1_232' title='bbox 150 2598 254 2632; x_wconf 74' lang='lat' dir='ltr'><strong>seque</strong></span> <span class='ocrx_word' id='word_1_233' title='bbox 287 2593 320 2622; x_wconf 84' lang='lat' dir='ltr'><strong>et</strong></span> <span class='ocrx_word' id='word_1_234' title='bbox 353 2587 489 2621; x_wconf 78' lang='lat' dir='ltr'><strong>domam</strong></span> <span class='ocrx_word' id='word_1_235' title='bbox 514 2592 547 2621; x_wconf 85' lang='lat' dir='ltr'><strong>et</strong></span> <span class='ocrx_word' id='word_1_236' title='bbox 574 2597 699 2632; x_wconf 79' lang='lat' dir='ltr'><strong>pacem</strong></span> <span class='ocrx_word' id='word_1_237' title='bbox 722 2591 859 2620; x_wconf 75' lang='lat' dir='ltr'><strong>sttstea-</strong></span> 
     </span>
     <span class='ocr_line' id='line_1_45' title="bbox 152 2633 859 2679; baseline -0.007 -8"><span class='ocrx_word' id='word_1_238' title='bbox 152 2636 251 2671; x_wconf 79' lang='lat' dir='ltr'><strong>tam&#39;t.</strong></span> <span class='ocrx_word' id='word_1_239' title='bbox 301 2634 364 2670; x_wconf 85' lang='lat' dir='ltr'><strong>xu</strong></span> <span class='ocrx_word' id='word_1_240' title='bbox 391 2636 459 2670; x_wconf 80' lang='lat'><strong>37:</strong></span> <span class='ocrx_word' id='word_1_241' title='bbox 490 2635 622 2679; x_wconf 76' lang='lat' dir='ltr'><strong>ipsique</strong></span> <span class='ocrx_word' id='word_1_242' title='bbox 649 2639 680 2667; x_wconf 88' lang='lat' dir='ltr'><strong>et</strong></span> <span class='ocrx_word' id='word_1_243' title='bbox 706 2633 859 2678; x_wconf 67' lang='lat' dir='ltr'><strong>coniugi.</strong></span> 
     </span>
     <span class='ocr_line' id='line_1_46' title="bbox 153 2681 859 2727; baseline -0.001 -10"><span class='ocrx_word' id='word_1_244' title='bbox 153 2683 220 2718; x_wconf 83' lang='lat'><strong>51:</strong></span> <span class='ocrx_word' id='word_1_245' title='bbox 246 2693 350 2727; x_wconf 77' lang='lat' dir='ltr'><strong>seque</strong></span> <span class='ocrx_word' id='word_1_246' title='bbox 380 2688 412 2716; x_wconf 82' lang='lat' dir='ltr'><strong>et</strong></span> <span class='ocrx_word' id='word_1_247' title='bbox 438 2683 630 2727; x_wconf 67' lang='lat' dir='ltr'><strong>coniugem.</strong></span> <span class='ocrx_word' id='word_1_248' title='bbox 684 2681 764 2715; x_wconf 83' lang='lat' dir='ltr'><strong>xttt</strong></span> <span class='ocrx_word' id='word_1_249' title='bbox 790 2681 859 2716; x_wconf 73' lang='lat'><strong>40:</strong></span> 
     </span>
     <span class='ocr_line' id='line_1_47' title="bbox 151 2728 861 2775; baseline -0.004 -10"><span class='ocrx_word' id='word_1_250' title='bbox 151 2741 254 2775; x_wconf 76' lang='lat' dir='ltr'><strong>seque</strong></span> <span class='ocrx_word' id='word_1_251' title='bbox 288 2735 322 2764; x_wconf 83' lang='lat' dir='ltr'><strong>et</strong></span> <span class='ocrx_word' id='word_1_252' title='bbox 352 2735 536 2774; x_wconf 74' lang='lat' dir='ltr'><strong>equestres.</strong></span> <span class='ocrx_word' id='word_1_253' title='bbox 586 2728 667 2763; x_wconf 76' lang='lat' dir='ltr'><strong>XIV</strong></span> <span class='ocrx_word' id='word_1_254' title='bbox 693 2729 762 2764; x_wconf 84' lang='lat'><strong>30:</strong></span> <span class='ocrx_word' id='word_1_255' title='bbox 797 2739 861 2763; x_wconf 82' lang='lat' dir='ltr'><strong>re-</strong></span> 
     </span>
     <span class='ocr_line' id='line_1_48' title="bbox 151 2776 860 2824; baseline -0.003 -12"><span class='ocrx_word' id='word_1_256' title='bbox 151 2789 323 2824; x_wconf 61' lang='lat' dir='ltr'><strong>gnumque</strong></span> <span class='ocrx_word' id='word_1_257' title='bbox 348 2784 381 2815; x_wconf 84' lang='lat' dir='ltr'><strong>et</strong></span> <span class='ocrx_word' id='word_1_258' title='bbox 404 2778 550 2812; x_wconf 83' lang='lat' dir='ltr'><strong>domam.</strong></span> <span class='ocrx_word' id='word_1_259' title='bbox 602 2776 684 2811; x_wconf 85' lang='lat' dir='ltr'><strong>xvt</strong></span> <span class='ocrx_word' id='word_1_260' title='bbox 713 2778 775 2813; x_wconf 88' lang='lat'><strong>10:</strong></span> <span class='ocrx_word' id='word_1_261' title='bbox 801 2788 860 2810; x_wconf 83' lang='lat' dir='ltr'><strong>se-</strong></span> 
     </span>
     <span class='ocr_line' id='line_1_49' title="bbox 154 2824 859 2871; baseline -0.004 -10"><span class='ocrx_word' id='word_1_262' title='bbox 154 2837 218 2871; x_wconf 71' lang='lat' dir='ltr'><strong>que</strong></span> <span class='ocrx_word' id='word_1_263' title='bbox 244 2831 276 2861; x_wconf 89' lang='lat' dir='ltr'><strong>et</strong></span> <span class='ocrx_word' id='word_1_264' title='bbox 301 2825 471 2862; x_wconf 72' lang='lat' dir='ltr'><strong>libertam.</strong></span> <span class='ocrx_word' id='word_1_265' title='bbox 523 2824 564 2859; x_wconf 82' lang='grc' dir='ltr'><strong>Η.</strong></span> <span class='ocrx_word' id='word_1_266' title='bbox 600 2824 616 2859; x_wconf 87' lang='lat'>1</span> <span class='ocrx_word' id='word_1_267' title='bbox 642 2825 711 2860; x_wconf 81' lang='lat'><strong>51:</strong></span> <span class='ocrx_word' id='word_1_268' title='bbox 746 2824 859 2871; x_wconf 69' lang='lat' dir='ltr'><strong>legio-</strong></span> 
     </span>
     <span class='ocr_line' id='line_1_50' title="bbox 153 2872 856 2918; baseline -0.004 -9"><span class='ocrx_word' id='word_1_269' title='bbox 153 2886 216 2909; x_wconf 69' lang='lat' dir='ltr'><strong>nes</strong></span> <span class='ocrx_word' id='word_1_270' title='bbox 241 2883 344 2918; x_wconf 72' lang='lat' dir='ltr'><strong>seque</strong></span> <span class='ocrx_word' id='word_1_271' title='bbox 370 2879 401 2908; x_wconf 79' lang='lat' dir='ltr'><strong>et</strong></span> <span class='ocrx_word' id='word_1_272' title='bbox 428 2872 583 2908; x_wconf 77' lang='lat' dir='ltr'><strong>Galliam</strong></span> <span class='ocrx_word' id='word_1_273' title='bbox 607 2878 783 2918; x_wconf 64' lang='lat' dir='ltr'><strong>expertae.</strong></span> <span class='ocrx_word' id='word_1_274' title='bbox 815 2872 856 2906; x_wconf 86' lang='lat' dir='ltr'><strong>H.</strong></span> 
     </span>
     <span class='ocr_line' id='line_1_51' title="bbox 153 2920 857 2969; baseline -0.004 -13"><span class='ocrx_word' id='word_1_275' title='bbox 153 2922 203 2958; x_wconf 86' lang='lat' dir='ltr'><strong>ut</strong></span> <span class='ocrx_word' id='word_1_276' title='bbox 239 2922 304 2958; x_wconf 77' lang='lat'><strong>63:</strong></span> <span class='ocrx_word' id='word_1_277' title='bbox 343 2933 445 2969; x_wconf 71' lang='lat' dir='ltr'><strong>seque</strong></span> <span class='ocrx_word' id='word_1_278' title='bbox 476 2932 522 2956; x_wconf 88' lang='lat' dir='ltr'><strong>ac</strong></span> <span class='ocrx_word' id='word_1_279' title='bbox 551 2920 690 2955; x_wconf 80' lang='lat' dir='ltr'><strong>liberos.</strong></span> <span class='ocrx_word' id='word_1_280' title='bbox 741 2920 782 2954; x_wconf 79' lang='grc' dir='ltr'><strong>Η.</strong></span> <span class='ocrx_word' id='word_1_281' title='bbox 809 2920 857 2953; x_wconf 82' lang='lat' dir='ltr'><strong>tv</strong></span> 
     </span>
    </p>
   </div>
   <div class='ocr_carea' id='block_1_14' title="bbox 923 1202 1641 1343">
    <p class='ocr_par' dir='ltr' id='par_1_15' title="bbox 923 1202 1641 1343">
     <span class='ocr_line' id='line_1_52' title="bbox 924 1202 1640 1248; baseline -0.001 -11"><span class='ocrx_word' id='word_1_282' title='bbox 924 1203 969 1237; x_wconf 82' lang='lat'><strong>2:</strong></span> <span class='ocrx_word' id='word_1_283' title='bbox 1013 1213 1115 1246; x_wconf 79' lang='lat' dir='ltr'><strong>seque</strong></span> <span class='ocrx_word' id='word_1_284' title='bbox 1150 1207 1182 1235; x_wconf 86' lang='lat' dir='ltr'><strong>et</strong></span> <span class='ocrx_word' id='word_1_285' title='bbox 1221 1202 1394 1236; x_wconf 76' lang='lat' dir='ltr'><strong>cohortes.</strong></span> <span class='ocrx_word' id='word_1_286' title='bbox 1446 1203 1532 1248; x_wconf 85' lang='lat' dir='ltr'><strong>Agr.</strong></span> <span class='ocrx_word' id='word_1_287' title='bbox 1574 1203 1640 1238; x_wconf 88' lang='lat'><strong>18:</strong></span> 
     </span>
     <span class='ocr_line' id='line_1_53' title="bbox 923 1251 1641 1294; baseline 0.004 -12"><span class='ocrx_word' id='word_1_288' title='bbox 923 1257 1029 1293; x_wconf 73' lang='lat' dir='ltr'><strong>seque</strong></span> <span class='ocrx_word' id='word_1_289' title='bbox 1050 1256 1084 1283; x_wconf 84' lang='lat' dir='ltr'><strong>et</strong></span> <span class='ocrx_word' id='word_1_290' title='bbox 1111 1260 1224 1283; x_wconf 84' lang='lat' dir='ltr'><strong>arma.</strong></span> <span class='ocrx_word' id='word_1_291' title='bbox 1277 1251 1350 1292; x_wconf 82' lang='lat' dir='ltr'><strong>Que</strong></span> <span class='ocrx_word' id='word_1_292' title='bbox 1379 1255 1460 1294; x_wconf 82' lang='lat' dir='ltr'><strong>post</strong></span> <span class='ocrx_word' id='word_1_293' title='bbox 1483 1257 1515 1285; x_wconf 87' lang='lat' dir='ltr'><strong>et</strong></span> <span class='ocrx_word' id='word_1_294' title='bbox 1539 1251 1641 1285; x_wconf 73' lang='lat' dir='ltr'><strong>illata</strong></span> 
     </span>
     <span class='ocr_line' id='line_1_54' title="bbox 925 1298 1424 1343; baseline 0 -12"><span class='ocrx_word' id='word_1_295' title='bbox 925 1298 1106 1343; x_wconf 83' lang='lat' dir='ltr'><strong>adiungit,</strong></span> <span class='ocrx_word' id='word_1_296' title='bbox 1133 1307 1204 1331; x_wconf 89' lang='lat' dir='ltr'><strong>non</strong></span> <span class='ocrx_word' id='word_1_297' title='bbox 1230 1298 1424 1332; x_wconf 83' lang='lat' dir='ltr'><strong>distribuit.</strong></span> 
     </span>
    </p>
   </div>
   <div class='ocr_carea' id='block_1_15' title="bbox 922 1391 1639 1627">
    <p class='ocr_par' dir='ltr' id='par_1_16' title="bbox 922 1391 1639 1627">
     <span class='ocr_line' id='line_1_55' title="bbox 996 1391 1636 1437; baseline 0 -12"><span class='ocrx_word' id='word_1_298' title='bbox 996 1391 1083 1437; x_wconf 81' lang='lat' dir='ltr'><strong>Cap.</strong></span> <span class='ocrx_word' id='word_1_299' title='bbox 1118 1394 1151 1428; x_wconf 86' lang='lat'><strong>3.</strong></span> <span class='ocrx_word' id='word_1_300' title='bbox 1202 1404 1299 1427; x_wconf 82' lang='lat' dir='ltr'><strong>nune</strong></span> <span class='ocrx_word' id='word_1_301' title='bbox 1337 1393 1494 1426; x_wconf 82' lang='lat' dir='ltr'><strong>demum:</strong></span> <span class='ocrx_word' id='word_1_302' title='bbox 1534 1391 1569 1425; x_wconf 81' lang='lat' dir='ltr'><strong>h.</strong></span> <span class='ocrx_word' id='word_1_303' title='bbox 1604 1403 1636 1426; x_wconf 88' lang='lat' dir='ltr'><strong>e.</strong></span> 
     </span>
     <span class='ocr_line' id='line_1_56' title="bbox 924 1440 1635 1484; baseline 0.003 -12"><span class='ocrx_word' id='word_1_304' title='bbox 924 1450 1020 1473; x_wconf 87' lang='lat' dir='ltr'><strong>nuuc</strong></span> <span class='ocrx_word' id='word_1_305' title='bbox 1056 1446 1138 1484; x_wconf 85' lang='lat' dir='ltr'><strong>post</strong></span> <span class='ocrx_word' id='word_1_306' title='bbox 1179 1442 1338 1475; x_wconf 89' lang='lat' dir='ltr'><strong>occisum</strong></span> <span class='ocrx_word' id='word_1_307' title='bbox 1377 1440 1635 1483; x_wconf 76' lang='lat' dir='ltr'><strong>Domitianum,</strong></span> 
     </span>
     <span class='ocr_line' id='line_1_57' title="bbox 925 1487 1639 1532; baseline 0.001 -12"><span class='ocrx_word' id='word_1_308' title='bbox 925 1487 969 1521; x_wconf 89' lang='lat' dir='ltr'><strong>de</strong></span> <span class='ocrx_word' id='word_1_309' title='bbox 995 1498 1066 1532; x_wconf 82' lang='lat' dir='ltr'><strong>quo</strong></span> <span class='ocrx_word' id='word_1_310' title='bbox 1093 1487 1210 1522; x_wconf 88' lang='lat' dir='ltr'><strong>adhuc</strong></span> <span class='ocrx_word' id='word_1_311' title='bbox 1240 1489 1392 1528; x_wconf 89' lang='lat' dir='ltr'><strong>dictum,</strong></span> <span class='ocrx_word' id='word_1_312' title='bbox 1437 1492 1474 1522; x_wconf 86' lang='lat' dir='ltr'><strong>et</strong></span> <span class='ocrx_word' id='word_1_313' title='bbox 1500 1489 1639 1531; x_wconf 86' lang='lat' dir='ltr'><strong>princi-</strong></span> 
     </span>
     <span class='ocr_line' id='line_1_58' title="bbox 922 1536 1636 1579; baseline 0.001 -11"><span class='ocrx_word' id='word_1_314' title='bbox 922 1541 1043 1579; x_wconf 80' lang='lat' dir='ltr'><strong>patum</strong></span> <span class='ocrx_word' id='word_1_315' title='bbox 1069 1547 1091 1570; x_wconf 84' lang='lat' dir='ltr'><strong>a</strong></span> <span class='ocrx_word' id='word_1_316' title='bbox 1115 1536 1237 1571; x_wconf 81' lang='lat' dir='ltr'><strong>Nerva</strong></span> <span class='ocrx_word' id='word_1_317' title='bbox 1270 1542 1307 1571; x_wconf 88' lang='lat' dir='ltr'><strong>et</strong></span> <span class='ocrx_word' id='word_1_318' title='bbox 1331 1536 1479 1570; x_wconf 80' lang='lat' dir='ltr'><strong>Traiano</strong></span> <span class='ocrx_word' id='word_1_319' title='bbox 1507 1546 1636 1570; x_wconf 85' lang='lat' dir='ltr'><strong>susce-</strong></span> 
     </span>
     <span class='ocr_line' id='line_1_59' title="bbox 924 1588 1034 1627; baseline 0.027 -12"><span class='ocrx_word' id='word_1_320' title='bbox 924 1588 1034 1627; x_wconf 70' lang='lat' dir='ltr'><strong>ptum.</strong></span> 
     </span>
    </p>
   </div>
   <div class='ocr_carea' id='block_1_16' title="bbox 920 1676 1639 2964">
    <p class='ocr_par' dir='ltr' id='par_1_17' title="bbox 920 1676 1639 2964">
     <span class='ocr_line' id='line_1_60' title="bbox 992 1676 1636 1721; baseline 0.003 -13"><span class='ocrx_word' id='word_1_321' title='bbox 992 1676 1199 1719; x_wconf 71' lang='lat' dir='ltr'><strong>felicitatem</strong></span> <span class='ocrx_word' id='word_1_322' title='bbox 1231 1677 1393 1721; x_wconf 75' lang='lat' dir='ltr'><strong>imperii.-</strong></span> <span class='ocrx_word' id='word_1_323' title='bbox 1435 1682 1636 1721; x_wconf 73' lang='lat' dir='ltr'><strong>temporam,</strong></span> 
     </span>
     <span class='ocr_line' id='line_1_61' title="bbox 924 1722 1638 1771; baseline 0.001 -14"><span class='ocrx_word' id='word_1_324' title='bbox 924 1728 962 1757; x_wconf 85' lang='lat' dir='ltr'><strong>ut</strong></span> <span class='ocrx_word' id='word_1_325' title='bbox 988 1728 1041 1757; x_wconf 87' lang='lat' dir='ltr'><strong>est</strong></span> <span class='ocrx_word' id='word_1_326' title='bbox 1073 1725 1109 1757; x_wconf 93' lang='lat' dir='ltr'><strong>in</strong></span> <span class='ocrx_word' id='word_1_327' title='bbox 1137 1726 1218 1766; x_wconf 91' lang='grc' dir='ltr'><strong>ΓΔ,</strong></span> <span class='ocrx_word' id='word_1_328' title='bbox 1255 1735 1300 1758; x_wconf 83' lang='lat' dir='ltr'><strong>ex</strong></span> <span class='ocrx_word' id='word_1_329' title='bbox 1332 1727 1417 1757; x_wconf 85' lang='lat' dir='ltr'><strong>nota</strong></span> <span class='ocrx_word' id='word_1_330' title='bbox 1454 1724 1537 1758; x_wconf 79' lang='lat' dir='ltr'><strong>libri</strong></span> <span class='ocrx_word' id='word_1_331' title='bbox 1564 1722 1638 1771; x_wconf 78' lang='grc' dir='ltr'><strong>ἆρ-</strong></span> 
     </span>
     <span class='ocr_line' id='line_1_62' title="bbox 920 1771 1638 1818; baseline -0.001 -12"><span class='ocrx_word' id='word_1_332' title='bbox 920 1773 1084 1818; x_wconf 79' lang='grc' dir='ltr'>χειύπου</span> <span class='ocrx_word' id='word_1_333' title='bbox 1119 1773 1228 1817; x_wconf 64' lang='lat' dir='ltr'><strong>iperii</strong></span> <span class='ocrx_word' id='word_1_334' title='bbox 1262 1773 1312 1805; x_wconf 86' lang='lat' dir='ltr'><strong>ita</strong></span> <span class='ocrx_word' id='word_1_335' title='bbox 1336 1776 1458 1805; x_wconf 82' lang='lat' dir='ltr'><strong>natum</strong></span> <span class='ocrx_word' id='word_1_336' title='bbox 1484 1771 1638 1814; x_wconf 80' lang='lat' dir='ltr'><strong>videtur,</strong></span> 
     </span>
     <span class='ocr_line' id='line_1_63' title="bbox 924 1819 1639 1865; baseline 0.003 -13"><span class='ocrx_word' id='word_1_337' title='bbox 924 1825 962 1853; x_wconf 89' lang='lat' dir='ltr'><strong>ut</strong></span> <span class='ocrx_word' id='word_1_338' title='bbox 990 1829 1053 1863; x_wconf 86' lang='lat' dir='ltr'><strong>pro</strong></span> <span class='ocrx_word' id='word_1_339' title='bbox 1081 1819 1150 1853; x_wconf 87' lang='lat' dir='ltr'><strong>hoc</strong></span> <span class='ocrx_word' id='word_1_340' title='bbox 1176 1825 1279 1865; x_wconf 79' lang='lat' dir='ltr'><strong>tporu</strong></span> <span class='ocrx_word' id='word_1_341' title='bbox 1301 1819 1503 1865; x_wconf 82' lang='lat' dir='ltr'><strong>legeretur:</strong></span> <span class='ocrx_word' id='word_1_342' title='bbox 1531 1825 1639 1854; x_wconf 86' lang='lat' dir='ltr'><strong>namt</strong></span> 
     </span>
     <span class='ocr_line' id='line_1_64' title="bbox 925 1867 1639 1913; baseline 0.001 -11"><span class='ocrx_word' id='word_1_343' title='bbox 925 1873 962 1902; x_wconf 88' lang='lat' dir='ltr'><strong>et</strong></span> <span class='ocrx_word' id='word_1_344' title='bbox 989 1874 1017 1910; x_wconf 71' lang='grc' dir='ltr'><strong>ἲ,</strong></span> <span class='ocrx_word' id='word_1_345' title='bbox 1044 1878 1166 1913; x_wconf 78' lang='lat' dir='ltr'><strong>rursus</strong></span> <span class='ocrx_word' id='word_1_346' title='bbox 1193 1874 1218 1902; x_wconf 72' lang='lat' dir='ltr'><strong>a</strong></span> <span class='ocrx_word' id='word_1_347' title='bbox 1244 1873 1281 1902; x_wconf 86' lang='lat' dir='ltr'><strong>et</strong></span> <span class='ocrx_word' id='word_1_348' title='bbox 1304 1868 1332 1902; x_wconf 73' lang='lat' dir='ltr'><strong>ii</strong></span> <span class='ocrx_word' id='word_1_349' title='bbox 1348 1867 1456 1902; x_wconf 81' lang='lat' dir='ltr'><strong>facile</strong></span> <span class='ocrx_word' id='word_1_350' title='bbox 1481 1872 1516 1902; x_wconf 87' lang='lat' dir='ltr'><strong>et</strong></span> <span class='ocrx_word' id='word_1_351' title='bbox 1530 1877 1639 1912; x_wconf 82' lang='lat' dir='ltr'><strong>saepe</strong></span> 
     </span>
     <span class='ocr_line' id='line_1_65' title="bbox 926 1916 1639 1961; baseline 0 -12"><span class='ocrx_word' id='word_1_352' title='bbox 926 1921 1197 1950; x_wconf 78' lang='lat' dir='ltr'><strong>commutantur,</strong></span> <span class='ocrx_word' id='word_1_353' title='bbox 1221 1916 1290 1950; x_wconf 91' lang='lat' dir='ltr'><strong>Sed</strong></span> <span class='ocrx_word' id='word_1_354' title='bbox 1311 1920 1349 1948; x_wconf 90' lang='lat' dir='ltr'><strong>ut</strong></span> <span class='ocrx_word' id='word_1_355' title='bbox 1370 1916 1521 1961; x_wconf 71' lang='lat' dir='ltr'><strong>imperii,</strong></span> <span class='ocrx_word' id='word_1_356' title='bbox 1543 1916 1639 1960; x_wconf 80' lang='lat' dir='ltr'><strong>quod</strong></span> 
     </span>
     <span class='ocr_line' id='line_1_66' title="bbox 925 1964 1639 2007; baseline 0 -10"><span class='ocrx_word' id='word_1_357' title='bbox 925 1968 979 1997; x_wconf 83' lang='lat' dir='ltr'><strong>est</strong></span> <span class='ocrx_word' id='word_1_358' title='bbox 1014 1964 1108 2007; x_wconf 86' lang='lat' dir='ltr'><strong>apud</strong></span> <span class='ocrx_word' id='word_1_359' title='bbox 1139 1964 1396 2006; x_wconf 83' lang='lat' dir='ltr'><strong>Puteolanum,</strong></span> <span class='ocrx_word' id='word_1_360' title='bbox 1440 1965 1639 2007; x_wconf 83' lang='lat' dir='ltr'><strong>scripturae</strong></span> 
     </span>
     <span class='ocr_line' id='line_1_67' title="bbox 929 2011 1639 2056; baseline 0 -11"><span class='ocrx_word' id='word_1_361' title='bbox 929 2012 1185 2046; x_wconf 85' lang='lat' dir='ltr'><strong>Vaticanorum</strong></span> <span class='ocrx_word' id='word_1_362' title='bbox 1227 2011 1447 2056; x_wconf 79' lang='lat' dir='ltr'><strong>praeferam,</strong></span> <span class='ocrx_word' id='word_1_363' title='bbox 1487 2012 1639 2055; x_wconf 86' lang='lat' dir='ltr'><strong>primum</strong></span> 
     </span>
     <span class='ocr_line' id='line_1_68' title="bbox 924 2059 1638 2104; baseline -0.001 -11"><span class='ocrx_word' id='word_1_364' title='bbox 924 2065 1046 2093; x_wconf 85' lang='lat' dir='ltr'><strong>movet</strong></span> <span class='ocrx_word' id='word_1_365' title='bbox 1083 2071 1139 2094; x_wconf 88' lang='lat' dir='ltr'><strong>me</strong></span> <span class='ocrx_word' id='word_1_366' title='bbox 1181 2060 1253 2094; x_wconf 91' lang='lat' dir='ltr'><strong>loci</strong></span> <span class='ocrx_word' id='word_1_367' title='bbox 1286 2059 1415 2094; x_wconf 87' lang='lat' dir='ltr'><strong>similis</strong></span> <span class='ocrx_word' id='word_1_368' title='bbox 1452 2059 1514 2104; x_wconf 86' lang='grc' dir='ltr'><strong>(Η.</strong></span> <span class='ocrx_word' id='word_1_369' title='bbox 1555 2059 1569 2093; x_wconf 92' lang='lat'>1</span> <span class='ocrx_word' id='word_1_370' title='bbox 1599 2061 1638 2104; x_wconf 86' lang='lat'><strong>1)</strong></span> 
     </span>
     <span class='ocr_line' id='line_1_69' title="bbox 925 2107 1639 2153; baseline -0.004 -11"><span class='ocrx_word' id='word_1_371' title='bbox 925 2109 1164 2152; x_wconf 86' lang='lat' dir='ltr'><strong>comparatio:</strong></span> <span class='ocrx_word' id='word_1_372' title='bbox 1190 2109 1430 2153; x_wconf 75' lang='lat' dir='ltr'><strong>principatum</strong></span> <span class='ocrx_word' id='word_1_373' title='bbox 1457 2107 1529 2142; x_wconf 76' lang='lat' dir='ltr'><strong>divi</strong></span> <span class='ocrx_word' id='word_1_374' title='bbox 1545 2107 1639 2141; x_wconf 80' lang='lat' dir='ltr'><strong>Ner-</strong></span> 
     </span>
     <span class='ocr_line' id='line_1_70' title="bbox 924 2156 1637 2201; baseline -0.003 -11"><span class='ocrx_word' id='word_1_375' title='bbox 924 2167 991 2190; x_wconf 79' lang='lat' dir='ltr'><strong>vae</strong></span> <span class='ocrx_word' id='word_1_376' title='bbox 1017 2161 1050 2190; x_wconf 81' lang='lat' dir='ltr'><strong>et</strong></span> <span class='ocrx_word' id='word_1_377' title='bbox 1074 2156 1259 2201; x_wconf 70' lang='lat' dir='ltr'><strong>imperium</strong></span> <span class='ocrx_word' id='word_1_378' title='bbox 1289 2156 1436 2189; x_wconf 77' lang='lat' dir='ltr'><strong>Traiani</strong></span> <span class='ocrx_word' id='word_1_379' title='bbox 1463 2175 1509 2181; x_wconf 93' lang='lat'><strong>--</strong></span> <span class='ocrx_word' id='word_1_380' title='bbox 1534 2166 1637 2188; x_wconf 77' lang='lat' dir='ltr'><strong>sene-</strong></span> 
     </span>
     <span class='ocr_line' id='line_1_71' title="bbox 925 2202 1638 2259; baseline -0.004 -21"><span class='ocrx_word' id='word_1_381' title='bbox 925 2205 1011 2238; x_wconf 76' lang='lat' dir='ltr'><strong>etuti</strong></span> <span class='ocrx_word' id='word_1_382' title='bbox 1035 2205 1184 2249; x_wconf 69' lang='lat' dir='ltr'><strong>sepositi.</strong></span> <span class='ocrx_word' id='word_1_383' title='bbox 1235 2203 1376 2259; x_wconf 79' lang='lat' dir='ltr'><strong>Quippe</strong></span> <span class='ocrx_word' id='word_1_384' title='bbox 1400 2203 1517 2237; x_wconf 83' lang='lat' dir='ltr'><strong>Nerva</strong></span> <span class='ocrx_word' id='word_1_385' title='bbox 1545 2202 1638 2236; x_wconf 85' lang='lat' dir='ltr'><strong>alie-</strong></span> 
     </span>
     <span class='ocr_line' id='line_1_72' title="bbox 930 2250 1638 2294; baseline -0.006 -8"><span class='ocrx_word' id='word_1_386' title='bbox 930 2261 997 2286; x_wconf 88' lang='lat' dir='ltr'><strong>nus</strong></span> <span class='ocrx_word' id='word_1_387' title='bbox 1026 2251 1070 2284; x_wconf 90' lang='lat' dir='ltr'><strong>ab</strong></span> <span class='ocrx_word' id='word_1_388' title='bbox 1098 2251 1204 2286; x_wconf 89' lang='lat' dir='ltr'><strong>armis</strong></span> <span class='ocrx_word' id='word_1_389' title='bbox 1229 2252 1282 2285; x_wconf 88' lang='lat' dir='ltr'><strong>rei</strong></span> <span class='ocrx_word' id='word_1_390' title='bbox 1309 2250 1476 2294; x_wconf 89' lang='lat' dir='ltr'><strong>publicae</strong></span> <span class='ocrx_word' id='word_1_391' title='bbox 1505 2260 1638 2283; x_wconf 86' lang='lat' dir='ltr'><strong>consu-</strong></span> 
     </span>
     <span class='ocr_line' id='line_1_73' title="bbox 932 2296 1638 2344; baseline -0.004 -11"><span class='ocrx_word' id='word_1_392' title='bbox 932 2299 1000 2334; x_wconf 83' lang='lat' dir='ltr'><strong>luit</strong></span> <span class='ocrx_word' id='word_1_393' title='bbox 1024 2303 1203 2344; x_wconf 79' lang='lat' dir='ltr'><strong>tamquam</strong></span> <span class='ocrx_word' id='word_1_394' title='bbox 1235 2299 1418 2343; x_wconf 76' lang='lat' dir='ltr'><strong>princeps,</strong></span> <span class='ocrx_word' id='word_1_395' title='bbox 1453 2296 1488 2330; x_wconf 91' lang='lat' dir='ltr'><strong>h.</strong></span> <span class='ocrx_word' id='word_1_396' title='bbox 1517 2309 1549 2331; x_wconf 86' lang='lat' dir='ltr'><strong>e.</strong></span> <span class='ocrx_word' id='word_1_397' title='bbox 1577 2307 1638 2330; x_wconf 77' lang='lat' dir='ltr'><strong>sa-</strong></span> 
     </span>
     <span class='ocr_line' id='line_1_74' title="bbox 930 2343 1637 2390; baseline -0.003 -11"><span class='ocrx_word' id='word_1_398' title='bbox 930 2346 1111 2390; x_wconf 81' lang='lat' dir='ltr'><strong>pientibus</strong></span> <span class='ocrx_word' id='word_1_399' title='bbox 1163 2349 1199 2379; x_wconf 87' lang='lat' dir='ltr'><strong>et</strong></span> <span class='ocrx_word' id='word_1_400' title='bbox 1243 2345 1367 2389; x_wconf 82' lang='lat' dir='ltr'><strong>aequis</strong></span> <span class='ocrx_word' id='word_1_401' title='bbox 1412 2343 1555 2389; x_wconf 85' lang='lat' dir='ltr'><strong>legibus</strong></span> <span class='ocrx_word' id='word_1_402' title='bbox 1599 2345 1637 2377; x_wconf 85' lang='lat' dir='ltr'><strong>in</strong></span> 
     </span>
     <span class='ocr_line' id='line_1_75' title="bbox 930 2392 1638 2436; baseline -0.001 -9"><span class='ocrx_word' id='word_1_403' title='bbox 930 2393 1018 2427; x_wconf 90' lang='lat' dir='ltr'><strong>urbe</strong></span> <span class='ocrx_word' id='word_1_404' title='bbox 1045 2404 1125 2427; x_wconf 90' lang='lat' dir='ltr'><strong>cum</strong></span> <span class='ocrx_word' id='word_1_405' title='bbox 1143 2392 1302 2436; x_wconf 83' lang='lat' dir='ltr'><strong>patribus</strong></span> <span class='ocrx_word' id='word_1_406' title='bbox 1319 2392 1486 2426; x_wconf 81' lang='lat' dir='ltr'><strong>sancitis:</strong></span> <span class='ocrx_word' id='word_1_407' title='bbox 1515 2395 1638 2426; x_wconf 78' lang='lat' dir='ltr'><strong>contra</strong></span> 
     </span>
     <span class='ocr_line' id='line_1_76' title="bbox 929 2440 1636 2486; baseline -0.003 -11"><span class='ocrx_word' id='word_1_408' title='bbox 929 2441 1096 2475; x_wconf 82' lang='lat' dir='ltr'><strong>Traianus</strong></span> <span class='ocrx_word' id='word_1_409' title='bbox 1133 2445 1311 2486; x_wconf 83' lang='lat' dir='ltr'><strong>tamquam</strong></span> <span class='ocrx_word' id='word_1_410' title='bbox 1353 2440 1545 2485; x_wconf 70' lang='lat' dir='ltr'><strong>imperator</strong></span> <span class='ocrx_word' id='word_1_411' title='bbox 1577 2440 1636 2473; x_wconf 88' lang='lat' dir='ltr'><strong>vi·-</strong></span> 
     </span>
     <span class='ocr_line' id='line_1_77' title="bbox 930 2487 1633 2531; baseline 0 -8"><span class='ocrx_word' id='word_1_412' title='bbox 930 2490 1053 2523; x_wconf 89' lang='lat' dir='ltr'><strong>ctoriis</strong></span> <span class='ocrx_word' id='word_1_413' title='bbox 1081 2489 1125 2522; x_wconf 90' lang='lat' dir='ltr'><strong>de</strong></span> <span class='ocrx_word' id='word_1_414' title='bbox 1151 2488 1312 2522; x_wconf 86' lang='lat' dir='ltr'><strong>hostibus</strong></span> <span class='ocrx_word' id='word_1_415' title='bbox 1336 2487 1460 2522; x_wconf 83' lang='lat' dir='ltr'><strong>relatis</strong></span> <span class='ocrx_word' id='word_1_416' title='bbox 1476 2492 1511 2521; x_wconf 89' lang='lat' dir='ltr'><strong>et</strong></span> <span class='ocrx_word' id='word_1_417' title='bbox 1526 2498 1633 2531; x_wconf 81' lang='lat' dir='ltr'><strong>prae-</strong></span> 
     </span>
     <span class='ocr_line' id='line_1_78' title="bbox 928 2536 1637 2571; baseline -0.004 0"><span class='ocrx_word' id='word_1_418' title='bbox 928 2537 1031 2571; x_wconf 87' lang='lat' dir='ltr'><strong>sidiis</strong></span> <span class='ocrx_word' id='word_1_419' title='bbox 1080 2536 1252 2571; x_wconf 85' lang='lat' dir='ltr'><strong>adversus</strong></span> <span class='ocrx_word' id='word_1_420' title='bbox 1299 2540 1441 2570; x_wconf 87' lang='lat' dir='ltr'><strong>exteros</strong></span> <span class='ocrx_word' id='word_1_421' title='bbox 1492 2536 1637 2569; x_wconf 89' lang='lat' dir='ltr'><strong>munitis</strong></span> 
     </span>
     <span class='ocr_line' id='line_1_79' title="bbox 927 2583 1638 2630; baseline -0.003 -12"><span class='ocrx_word' id='word_1_422' title='bbox 927 2584 1132 2628; x_wconf 77' lang='lat' dir='ltr'><strong>felicitatem</strong></span> <span class='ocrx_word' id='word_1_423' title='bbox 1165 2584 1304 2630; x_wconf 75' lang='lat' dir='ltr'><strong>imperii</strong></span> <span class='ocrx_word' id='word_1_424' title='bbox 1340 2584 1421 2630; x_wconf 82' lang='lat' dir='ltr'><strong>(das</strong></span> <span class='ocrx_word' id='word_1_425' title='bbox 1462 2583 1638 2617; x_wconf 75' lang='lat' dir='ltr'><strong>Gedeilten</strong></span> 
     </span>
     <span class='ocr_line' id='line_1_80' title="bbox 930 2630 1636 2676; baseline -0.006 -10"><span class='ocrx_word' id='word_1_426' title='bbox 930 2633 992 2668; x_wconf 83' lang='lat' dir='ltr'><strong>der</strong></span> <span class='ocrx_word' id='word_1_427' title='bbox 1018 2632 1327 2676; x_wconf 76' lang='lat' dir='ltr'><strong>Oberlierrsckaft)</strong></span> <span class='ocrx_word' id='word_1_428' title='bbox 1354 2631 1463 2664; x_wconf 87' lang='lat' dir='ltr'><strong>auxit.</strong></span> <span class='ocrx_word' id='word_1_429' title='bbox 1502 2630 1636 2663; x_wconf 84' lang='lat' dir='ltr'><strong>Plinius</strong></span> 
     </span>
     <span class='ocr_line' id='line_1_81' title="bbox 928 2677 1637 2726; baseline -0.008 -11"><span class='ocrx_word' id='word_1_430' title='bbox 928 2682 966 2715; x_wconf 88' lang='lat' dir='ltr'><strong>in</strong></span> <span class='ocrx_word' id='word_1_431' title='bbox 995 2680 1218 2726; x_wconf 75' lang='lat' dir='ltr'><strong>Panegyrico</strong></span> <span class='ocrx_word' id='word_1_432' title='bbox 1245 2680 1289 2712; x_wconf 90' lang='lat' dir='ltr'><strong>de</strong></span> <span class='ocrx_word' id='word_1_433' title='bbox 1305 2678 1453 2712; x_wconf 83' lang='lat' dir='ltr'><strong>Traiano</strong></span> <span class='ocrx_word' id='word_1_434' title='bbox 1470 2677 1637 2720; x_wconf 83' lang='lat' dir='ltr'><strong>adoptato</strong></span> 
     </span>
     <span class='ocr_line' id='line_1_82' title="bbox 930 2725 1637 2763; baseline -0.007 -1"><span class='ocrx_word' id='word_1_435' title='bbox 930 2733 965 2762; x_wconf 88' lang='lat' dir='ltr'><strong>et</strong></span> <span class='ocrx_word' id='word_1_436' title='bbox 983 2729 1027 2763; x_wconf 88' lang='lat' dir='ltr'><strong>ad</strong></span> <span class='ocrx_word' id='word_1_437' title='bbox 1044 2729 1166 2762; x_wconf 88' lang='lat' dir='ltr'><strong>urbem</strong></span> <span class='ocrx_word' id='word_1_438' title='bbox 1193 2738 1237 2761; x_wconf 81' lang='lat' dir='ltr'><strong>ex</strong></span> <span class='ocrx_word' id='word_1_439' title='bbox 1258 2725 1445 2760; x_wconf 86' lang='lat' dir='ltr'><strong>Germania</strong></span> <span class='ocrx_word' id='word_1_440' title='bbox 1467 2725 1637 2759; x_wconf 88' lang='lat' dir='ltr'><strong>tendente</strong></span> 
     </span>
     <span class='ocr_line' id='line_1_83' title="bbox 927 2771 1637 2817; baseline -0.006 -7"><span class='ocrx_word' id='word_1_441' title='bbox 927 2776 1039 2810; x_wconf 81' lang='lat' dir='ltr'><strong>refert</strong></span> <span class='ocrx_word' id='word_1_442' title='bbox 1065 2787 1096 2810; x_wconf 90' lang='lat' dir='ltr'><strong>c.</strong></span> <span class='ocrx_word' id='word_1_443' title='bbox 1112 2775 1183 2810; x_wconf 78' lang='lat'><strong>20:</strong></span> <span class='ocrx_word' id='word_1_444' title='bbox 1215 2775 1349 2808; x_wconf 77' lang='lat' dir='ltr'><strong>diceres</strong></span> <span class='ocrx_word' id='word_1_445' title='bbox 1377 2782 1539 2817; x_wconf 72' lang='lat' dir='ltr'><strong>maynum</strong></span> <span class='ocrx_word' id='word_1_446' title='bbox 1565 2771 1637 2806; x_wconf 77' lang='lat' dir='ltr'><strong>ati-</strong></span> 
     </span>
     <span class='ocr_line' id='line_1_84' title="bbox 929 2819 1639 2868; baseline -0.007 -10"><span class='ocrx_word' id='word_1_447' title='bbox 929 2835 1026 2868; x_wconf 79' lang='lat' dir='ltr'><strong>qucm</strong></span> <span class='ocrx_word' id='word_1_448' title='bbox 1060 2823 1180 2856; x_wconf 80' lang='lat' dir='ltr'><strong>ducem</strong></span> <span class='ocrx_word' id='word_1_449' title='bbox 1206 2833 1250 2854; x_wconf 86' lang='lat' dir='ltr'><strong>ac</strong></span> <span class='ocrx_word' id='word_1_450' title='bbox 1279 2826 1311 2855; x_wconf 88' lang='lat' dir='ltr'><strong>te</strong></span> <span class='ocrx_word' id='word_1_451' title='bbox 1346 2820 1560 2866; x_wconf 70' lang='lat' dir='ltr'><strong>potissimum</strong></span> <span class='ocrx_word' id='word_1_452' title='bbox 1592 2819 1639 2854; x_wconf 83' lang='lat' dir='ltr'><strong>acl</strong></span> 
     </span>
     <span class='ocr_line' id='line_1_85' title="bbox 927 2867 1639 2911; baseline -0.006 -6"><span class='ocrx_word' id='word_1_453' title='bbox 927 2871 1100 2905; x_wconf 75' lang='lat' dir='ltr'><strong>exercitus</strong></span> <span class='ocrx_word' id='word_1_454' title='bbox 1135 2870 1209 2911; x_wconf 77' lang='lat' dir='ltr'><strong>ire,·</strong></span> <span class='ocrx_word' id='word_1_455' title='bbox 1236 2868 1323 2902; x_wconf 80' lang='lat' dir='ltr'><strong>adeo</strong></span> <span class='ocrx_word' id='word_1_456' title='bbox 1346 2867 1436 2902; x_wconf 71' lang='lat' dir='ltr'><strong>nihil</strong></span> <span class='ocrx_word' id='word_1_457' title='bbox 1461 2872 1521 2901; x_wconf 78' lang='lat' dir='ltr'><strong>aut</strong></span> <span class='ocrx_word' id='word_1_458' title='bbox 1546 2873 1639 2902; x_wconf 81' lang='lat' dir='ltr'><strong>certe</strong></span> 
     </span>
     <span class='ocr_line' id='line_1_86' title="bbox 922 2916 1639 2964; baseline -0.003 -12"><span class='ocrx_word' id='word_1_459' title='bbox 922 2930 1051 2964; x_wconf 80' lang='lat' dir='ltr'><strong>parum</strong></span> <span class='ocrx_word' id='word_1_460' title='bbox 1076 2919 1246 2951; x_wconf 73' lang='lat' dir='ltr'><strong>intererat</strong></span> <span class='ocrx_word' id='word_1_461' title='bbox 1273 2917 1366 2950; x_wconf 74' lang='lat' dir='ltr'><strong>inter</strong></span> <span class='ocrx_word' id='word_1_462' title='bbox 1395 2916 1639 2961; x_wconf 67' lang='lat' dir='ltr'><strong>imperatorem</strong></span> 
     </span>
    </p>
   </div>
  </div>
 </body>
</html>
