1768 3216
687 0 703 6 Ψ
720 0 1049 54 ιμνἜῙῊΠ

1216 0 1326 67 ’,γῇ-’ἓξ
1345 0 1394 19 ’.ς
1450 0 1502 16 μ’
1521 0 1549 14 a

1051 0 1252 127 Tm:
1242 57 1325 97 ’Ἦ
1524 0 1768 141 ‘iffi

735 97 1003 170 {fv-..sk
1432 112 1443 126 ἲ

632 218 768 255 LIBER
793 220 856 256 lv.
908 219 996 255 Gn.
1027 219 1180 256 14-16.
1591 220 1664 254 297

158 340 389 391 spreverat.
450 336 584 391 Igitur
614 337 707 391 ipso
736 337 908 379 rebellis
939 337 1124 379 familiae
1150 336 1322 379 nomine
1350 336 1535 391 placuit,
1570 336 1665 377 -im-

157 411 403 465 positusque
429 415 551 453 scuto
581 423 701 454 more
727 412 866 467 gentis
898 415 940 453 et
967 412 1256 454 sustinentium
1275 411 1458 457 humeris
1478 410 1665 453 vibratus

161 485 247 527 dux
275 485 487 540 deligitur.
548 486 777 539 Statimque
816 486 964 527 accitis
1003 486 1149 528 Frisiis
1196 485 1520 536 (transrhenana
1558 496 1665 540 gens

163 564 249 613 est)
277 560 450 602 duarum
485 560 720 602 cohortium
750 560 942 613 hiberna,
973 560 1171 630 proxima
1172 563 1423 621 occupatu
1457 559 1662 613 inrumpit.
1695 548 1747 592 «f
1728 459 1768 593 Ξ

157 635 246 679 Nec
273 636 572 690 praeviderant
602 636 795 693 impetum
825 636 1006 677 hostium
1037 616 1212 686 milites;
1243 647 1338 687 nec,
1370 635 1407 676 si
1426 633 1698 688 praevidis-⁵

159 714 268 763 sent,
299 711 401 753 satis
431 710 582 751 virium
613 710 665 751 ad
697 711 926 752 arcendum
957 715 1059 751 erat.
1122 710 1248 763 Capta
1280 709 1407 763 igitur
1429 721 1479 750 ac
1505 708 1667 762 direpta

162 787 316 827 castra
375 784 484 825 Dein
515 796 649 839 vagos
681 788 722 825 et
750 785 867 838 pacis
900 783 1059 825 modo
1075 783 1232 825 effusos
1276 783 1382 824 lixas
1422 782 1669 837 negotiato-

160 869 316 914 resque
342 858 555 900 Romanos
586 858 800 899 invadunt.
861 858 992 900 Simul
1023 857 1256 923 exfflijls„
1233 857 1500 898 castellorum
1529 857 1669 921 immi·
1702 894 1707 899 ,

159 933 336 975 nebant:
366 944 474 986 quae
503 945 528 974 a
544 932 771 986 praefectis
793 932 1026 973 cohortium
1050 932 1225 973 incensa
1244 935 1354 983 sunt,
1382 930 1479 984 quia
1498 930 1668 973 defendi
1707 932 1768 979 §ci

158 1006 397 1060 nequibant.
458 1006 587 1061 Signa
614 1006 852 1060 vexillaque
881 1009 922 1047 et
954 1006 1065 1059 quod
1110 1005 1283 1046 militum
1323 1005 1366 1046 in
1407 1017 1666 1058 superiorem
1682 1022 1720 1051 ιο

158 1080 322 1125 insulae
346 1062 887 1136 parteinfcoiigregantur,
900 1081 1009 1122 duce
1024 1063 1208 1134 Aquilio
1220 1067 1489 1134 primipilari,
1512 1091 1668 1120 nomen

161 1155 297 1211 magis
327 1154 539 1198 exercitus
566 1167 689 1209 quam
717 1155 873 1196 robur:
906 1155 1056 1208 quippe
1081 1155 1242 1196 viribus
1274 1154 1508 1196 cohortium
1531 1153 1667 1195 abdu-
1703 1133 1768 1209 <421

161 1229 239 1272 ctis
282 1229 471 1272 Vitellius
515 1242 540 1271 e
578 1230 781 1284 proximis
818 1229 1070 1271 Nerviorum
1121 1229 1498 1284 Gugernorumque
1542 1228 1694 1283 pagis·
1676 1205 1766 1284 :fh

91 1306 148 1346 16
159 1316 334 1360 segnem
354 1317 572 1346 numerum
600 1304 725 1346 armis
758 1308 1022 1346 oneraverat.
1084 1303 1228 1345 Civilis
1233 1288 1379 1345 (1010
1386 1303 1664 1358 grassandum

160 1380 516 1422 ratusincusavit
550 1379 659 1421 ultro
700 1379 941 1434 praefectos
981 1378 1091 1433 quod
1137 1378 1308 1420 castella
1356 1378 1667 1420 deseruissent:
1684 1389 1721 1418 is

169 1465 269 1496 sese
319 1465 414 1495 cum
465 1454 667 1507 cohorte,
714 1454 781 1496 cui
825 1457 1042 1508 praeerat,
1091 1453 1407 1495 Canninefatem
1457 1453 1670 1495 tumultum

162 1540 527 1583 compressurum,
556 1529 616 1570 illi
646 1541 722 1571 sua
751 1529 927 1583 quisque
957 1529 1136 1570 hiberna
1166 1532 1418 1582 repeterent.
1480 1528 1667 1570 Subesse

1709 836 1768 870 μήθ

1257 916 1375 922 ..Α
1745 905 1768 920 νῆ

299 1684 331 1718 1.
357 1683 496 1717 homine
524 1682 587 1725 ΜΒ,
616 1685 731 1718 omine
762 1684 815 1718 G:
843 1685 984 1718 nomine
1011 1683 1165 1728 Lipsius.
1225 1684 1300 1729 inp.
1328 1682 1394 1718 Ma.
1470 1684 1505 1719 2.
1537 1683 1667 1717 umeris

157 1730 225 1766 Ma.
302 1733 338 1770 4.
363 1732 529 1777 proxima
557 1738 729 1777 occupatu
757 1732 894 1767 editor:
927 1733 1092 1778 proxima
1117 1738 1291 1778 occupata
1317 1732 1459 1766 Oceano
1485 1730 1552 1775 Ma,
1577 1743 1667 1778 pro-

156 1781 251 1814 :timo
277 1786 451 1825 occupata
476 1791 609 1814 oceano
636 1779 685 1823 G,
729 1783 894 1826 proxima
928 1787 1099 1828 occupatu
1140 1781 1282 1815 Oceano
1309 1780 1451 1825 Lipsius
1478 1785 1513 1814 et
1538 1780 1665 1826 vulgo.

157 1829 192 1864 5.
216 1828 408 1873 potuissent
434 1839 513 1863 cum
537 1841 560 1875 p
586 1829 737 1863 caudato
775 1829 831 1874 (id
870 1835 926 1864 est
952 1830 1207 1876 providissent)
1236 1828 1308 1871 Ma,
1357 1829 1423 1864 sed
1446 1829 1554 1874 paulo
1582 1834 1667 1863 ante

119 1916 123 1919 1
154 1876 421 1922 praeviderant.
508 1877 543 1912 6.
574 1889 619 1912 ac
643 1876 720 1912 Ma:
749 1883 782 1912 et
807 1877 846 1912 G.
942 1878 998 1914 10.
1024 1879 1242 1924 superiorem
1268 1899 1314 1904 —
1336 1884 1477 1924 partem
1501 1877 1575 1912 Ma:
1606 1890 1668 1912 su-

154 1925 298 1971 periore
323 1946 368 1952 —
392 1930 495 1971 parte
521 1925 550 1960 G
577 1932 613 1960 et
639 1925 878 1961 Oxouienses.
982 1929 1037 1961 11.
1073 1927 1187 1961 insule
1219 1926 1285 1961 Ma.
1386 1928 1441 1962 13.
1480 1927 1668 1973 Guqerno-

283 1985 302 2008 e
327 1973 467 2009 editor:
495 1974 640 2010 codices
670 1975 1004 2021 Germanorumque.
1096 1975 1152 2011 16.
1178 1987 1253 2010 sese
1281 1973 1357 2010 Ma:
1383 1987 1421 2010 se
1447 1975 1486 2010 G.

158 2022 235 2056 nin.
262 2021 342 2057 1¹¹:
369 2022 398 2058 G
422 2023 543 2057 canin.

1566 1975 1667 2009 Can-

156 2149 277 2184 addita
307 2155 362 2185 eet
387 2150 432 2184 ab
457 2150 585 2186 eodem
611 2152 673 2197 qui
708 2163 739 2186 c.
773 2154 815 2187 12
841 2153 878 2187 id

157 2209 287 2233 nomen
316 2200 480 2233 inseruit.
530 2200 563 2233 A
586 2199 708 2234 Tacito
734 2200 876 2235 Oceano

157 2256 229 2280 non
256 2256 337 2281 esse
374 2248 481 2281 etiam
514 2247 599 2282 hinc
631 2251 874 2294 cognoscitur,

158 2294 254 2340 quod
285 2295 428 2329 Oceano
463 2305 526 2339 pro
566 2306 610 2330 eo
640 2296 736 2341 quod
772 2303 827 2332 est
853 2310 877 2332 a

946 2155 1020 2200 gris
1046 2154 1198 2200 originis
1216 2153 1449 2188 Germanicae
1470 2156 1580 2199 gente
1606 2163 1668 2186 re-

947 2208 1004 2236 cte
1024 2207 1243 2247 acceperunt
1260 2202 1321 2236 alii
1339 2214 1348 2235 z
1377 2212 1439 2235 eos
1466 2202 1561 2235 enim
1577 2212 1667 2235 con-

946 2256 1081 2285 stanter
1116 2261 1182 2284 suo
1215 2252 1361 2284 nomine
1387 2249 1527 2283 Tacitus
1556 2259 1668 2282 voca-

947 2301 1010 2333 vit.
1049 2299 1204 2332 Proximi
1228 2308 1316 2332 vero
1343 2298 1489 2331 Batavis
1517 2302 1552 2331 et
1574 2297 1668 2330 Ner-

154 2349 260 2389 paree
273 2342 411 2377 Oceani
434 2348 495 2376 aut
514 2355 581 2389 per
601 2345 781 2379 Oceanum
797 2348 876 2380 sive

156 2393 196 2426 in
220 2391 363 2426 Oceano
388 2391 516 2426 Latine
541 2392 611 2427 dici
641 2395 778 2438 nequit.

228 2441 334 2485 siqua
356 2440 578 2485 oea-illaque.-
614 2442 718 2486 siyna
743 2442 876 2476 cohor-

157 2489 259 2530 tium,
284 2488 417 2523 vexilla
442 2490 695 2524 centuriarum.

240 2536 549 2582 eugamon-umque
565 2549 578 2571 :
620 2538 877 2573 Germanorum

158 2586 264 2630 pagi,
294 2586 356 2630 qui
382 2585 494 2641 vulgo
521 2586 556 2620 11.
585 2585 608 2620 l.
636 2589 875 2630 nominantur,

158 2631 249 2666 nulli
286 2634 323 2666 in
358 2634 520 2677 proximo
559 2633 686 2677 fuere,
713 2636 788 2669 sed
822 2636 877 2670 illi

158 2685 256 2714 trans
281 2681 444 2715 Rhenum
468 2682 636 2727 agebant.
684 2683 808 2729 Neque
833 2684 877 2718 de

159 2727 289 2762 incolis
315 2728 499 2763 inferioris
521 2729 732 2766 Germaniae
747 2759 757 2775 ,
791 2742 878 2775 pro..

158 2777 302 2811 vinciae
326 2777 527 2820 Romanae,
567 2779 728 2823 cogitare
768 2780 876 2814 licet:

158 2826 194 2859 in
221 2835 299 2859 eam
326 2826 422 2859 enim
450 2827 538 2859 varii
570 2826 694 2870 populi
722 2830 875 2862 coniun-

159 2874 207 2907 cti
234 2878 353 2916 erant,
381 2879 418 2908 et
441 2875 527 2919 pays*
555 2884 625 2908 non
653 2875 763 2909 totius
787 2887 874 2921 pro-

158 2922 302 2956 vinciae
316 2921 379 2957 sed
389 2922 587 2978 singularis
606 2923 763 2958 civitatis
779 2936 873 2971 gen-

157 2971 276 3015 tisque
301 2971 539 3006 nominantur.
567 2970 692 3017 Neque
716 2971 762 3006 de
775 2972 872 3008 Tun-

946 2348 994 2381 υἰί
1020 2352 1056 2381 et
1084 2348 1262 2392 Guqerni:
1291 2357 1326 2380 v.
1345 2346 1387 2380 H.
1414 2344 1459 2378 lv
1485 2345 1543 2387 26,
1572 2346 1601 2378 V
1627 2345 1669 2379 16

947 2400 983 2430 et
1011 2395 1066 2430 18.
1095 2396 1219 2441 ltaque
1238 2405 1310 2428 non
1326 2393 1559 2429 dubitandum
1582 2395 1670 2439 quin

947 2445 1130 2490 genitivus
1169 2445 1412 2489 Guyernorum
1452 2453 1474 2476 a
1514 2442 1668 2476 librariis

947 2497 1102 2526 mutatus
1128 2493 1174 2526 sit
1200 2493 1344 2526 nomine
1362 2492 1451 2536 ipsis
1467 2492 1581 2536 magis
1603 2500 1668 2524 co-

947 2543 1059 2586 gnito.
1113 2541 1270 2587 Gugerni
1310 2545 1344 2574 et
1378 2539 1502 2574 Nervii
1530 2539 1667 2573 Galliae

946 2589 1119 2635 Belgicae
1148 2595 1276 2635 gentes
1305 2589 1420 2622 fuere.
1456 2588 1547 2621 llinc
1566 2592 1666 2631 parta

947 2639 1099 2672 victoria
1135 2638 1233 2672 nulla
1260 2638 1515 2672 Germanorum
1541 2636 1577 2668 in
1604 2645 1666 2668 ca-

946 2687 1054 2731 ptivis
1082 2688 1215 2720 mentio
1233 2687 1366 2719 iniecta
1394 2689 1447 2718 est
1476 2695 1506 2717 c.
1522 2683 1576 2725 17,
1603 2682 1667 2716 sed

946 2734 1189 2768 nonnisiGalli
1205 2734 1445 2774 nominantur,
1472 2741 1544 2777 quo
1569 2740 1665 2764 novo

946 2787 1158 2828 argumento
1196 2781 1468 2825 comprobatur,
1515 2780 1666 2814 Germa-

946 2842 1071 2863 norum
1105 2840 1235 2863 nomeu
1276 2828 1309 2863 h.
1338 2829 1361 2862 l.
1400 2829 1489 2862 vitio
1526 2827 1663 2862 dmm-i.

945 2879 1078 2912 Rursus
1108 2878 1175 2922 ipsi
1206 2879 1293 2923 pays?
1319 2876 1566 2922 Gugernorum
1593 2885 1661 2909 no-

944 2927 1123 2960 minantur
1151 2925 1193 2959 11.
1221 2925 1270 2959 lv
1297 2925 1356 2961 26.

1014 2972 1100 3020 Cap.
1132 2973 1185 3008 16.
1226 2973 1284 3009 cui
1302 2979 1494 3019 praeerat.-
1520 2972 1591 3009 hoc
1617 2985 1662 3009 ex
