1768 3216
142 215 215 255 164
700 213 761 248 DE
787 213 1075 250 0RATOR113VS

146 336 331 378 studiose
360 332 591 384 audiebam,
625 331 700 374 sed
729 332 841 373 domi
876 343 1040 385 quoque
1072 335 1112 371 et
1142 330 1184 371 in
1200 329 1367 384 publico
1390 328 1643 371 adsectabar

142 410 245 451 mira
277 408 506 449 studiorum
538 405 764 459 cupiditate
796 410 836 446 et
856 406 1033 459 quodam
1066 405 1219 447 ardore
1237 403 1423 456 iuvenili,
1455 403 1640 445 utfabu-

144 485 204 526 las
236 493 399 536 quoque
431 492 573 523 eorum
606 484 646 522 et
676 481 977 534 disputationes
1013 484 1053 522 et
1071 491 1223 522 arcana
1242 482 1429 521 semotae
1447 477 1643 520 dictionis

142 558 304 611 penitus
335 557 588 610 exciperem,
622 556 810 610 quamvis
842 555 1025 610 maligne
1054 554 1242 609 plerique
1273 554 1541 609 opinarentur
1566 564 1645 595 nec

111 632 337 675 ⁵Seeundo
369 635 599 686 promptum
632 643 726 673 esse
758 643 1014 682 sermonem,
1049 634 1088 672 et
1117 630 1272 684 Aprum
1306 628 1476 684 ingenio
1505 626 1643 681 potius

143 710 183 748 et
212 707 254 747 vi
284 709 458 748 naturae
490 717 609 759 quam
641 704 898 746 institutione
928 709 968 745 et
998 704 1146 746 litteris
1188 703 1335 745 samam
1382 700 1646 755 eloquentiae

143 785 427 823 consecutum.
489 780 592 822 Nam
625 783 664 820 et
693 779 886 822 Secundo
917 791 1040 833 purus
1074 782 1114 819 et
1144 790 1314 832 pressus
1346 781 1400 830 et,
1434 776 1478 818 in
1509 787 1645 829 quan-

144 860 228 897 tum
264 856 364 898 satis
397 859 510 908 erat,
558 854 767 908 profluens
801 866 940 896 sermo
973 865 1057 895 non
1090 853 1243 906 defuit,
1293 856 1334 894 et
1378 853 1493 906 Aper
1535 849 1647 892 omni

145 931 379 973 eruditione
412 930 588 971 imbutus
621 929 916 971 contemnebat
944 929 1080 982 potius
1097 928 1254 970 litteras
1274 939 1393 981 quam
1413 925 1646 977 nesciebat,

94 1015 132 1044 io
146 1009 350 1059 tamquam
383 1004 582 1046 maiorem
615 1003 845 1045 industriae
877 1007 916 1044 et
946 1003 1102 1044 laboris
1133 1002 1310 1056 gloriam
1342 1000 1578 1052 habiturus,
1611 998 1647 1040 si

146 1079 359 1135 ingenium
391 1080 480 1122 eius
507 1079 626 1120 nullis
662 1079 890 1120 alienarum
937 1078 1082 1119 artium
1123 1076 1386 1119 adminiculis
1427 1075 1548 1117 inniti
1583 1074 1649 1115 vi-

147 1156 328 1197 deretur.
404 1155 533 1209 Igitur
562 1158 605 1194 ut
636 1154 877 1194 intravimus
911 1153 1147 1195 cubiculum
1188 1151 1388 1203 Materni,
1430 1149 1691 1193 sedentem3

145 1230 361 1283 ipsumque
393 1241 513 1282 quem
544 1228 678 1282 pridie
712 1228 966 1269 recitaverat
995 1227 1145 1269 librum
1178 1227 1284 1268 intra
1313 1236 1458 1267 manus
1490 1223 1651 1265 haben-

147 1308 225 1346 tem
258 1302 620 1357 deprehendimus.

248 1455 278 1488 1.
307 1452 513 1487 assectatur
538 1451 575 1485 P.
603 1450 819 1485 assectabar.
848 1451 940 1483 mira
968 1449 1139 1495 distingui
1166 1449 1201 1482 in
1228 1448 1253 1482 P
1281 1448 1373 1482 falso
1404 1451 1522 1481 narrat
1545 1446 1650 1482 Orel-

148 1503 232 1546 lius,
265 1502 437 1546 deceptus
465 1502 554 1534 vitio
594 1500 762 1534 editionis
789 1498 1013 1532 'l'rossianae.
1127 1497 1162 1532 6.
1191 1497 1255 1533 lri's
1281 1496 1317 1531 P.
1343 1496 1436 1530 idem
1467 1505 1549 1530 mox
1574 1495 1652 1529 lra‘s

148 1561 210 1596 pro
240 1550 387 1584 litteras.
481 1549 516 1584 8.
546 1549 640 1582 omni
665 1547 755 1584 AF:
783 1547 806 1580 P
835 1559 922 1582 cum.
967 1547 1013 1580 cf.
1044 1557 1073 1580 c.
1106 1546 1161 1580 13.
1261 1545 1295 1580 9.
1327 1545 1536 1582 εόιέηάεὸαι
1562 1544 1650 1578 sub-

148 1604 270 1633 notato
298 1600 320 1633 d
351 1599 387 1633 P.
471 1600 526 1632 11.
554 1598 660 1631 inniti
685 1607 792 1641 super
817 1596 855 1630 in
881 1596 1014 1640 scripto
1043 1595 1091 1629 ad
1115 1594 1151 1628 P.
1250 1594 1303 1628 13ss
1330 1594 1520 1640 ipsumque,
1547 1604 1646 1638 quem

157 1659 284 1682 censor
312 1649 367 1682 ed.
396 1646 665 1681 Waltherianae
695 1647 730 1679 in
758 1645 846 1679 diar.
874 1644 970 1688 Lips.
1003 1643 1095 1679 ¹833
1127 1654 1160 1677 n.
1190 1642 1260 1678 288
1290 1648 1324 1677 et
1355 1643 1473 1687 Haupt
1502 1643 1538 1676 in
1563 1641 1651 1676 Phi-

152 1697 275 1743 lologo
305 1708 336 1731 a.
371 1695 464 1731 1846
491 1706 525 1740 p.
556 1695 651 1730 587:
679 1693 823 1729 codices
854 1694 966 1739 ipsum
992 1704 1101 1738 quem.

149 1838 361 1882 interceptus
416 1847 546 1880 quoque
601 1845 765 1880 maynum
803 1833 869 1867 sibi

150 1886 305 1919 vindicat
344 1885 468 1919 locum.
536 1883 596 1917 Ea
645 1889 693 1917 est
734 1884 866 1927 facun-

152 1935 223 1977 clia,
250 1940 351 1967 tanta
375 1935 412 1967 in
439 1932 648 1978 explicando
677 1932 767 1976 quod
791 1930 866 1964 vel—

152 1981 197 2015 let
224 1983 364 2026 qratia,
408 1988 477 2014 tam
510 1980 698 2014 candidum
733 1986 764 2013 et
791 1979 867 2012 lene

154 2036 185 2063 et
210 2031 401 2075 speciosum
429 2029 567 2062 dicendi
597 2039 728 2073 yenus,
769 2033 868 2061 tanta

153 2078 336 2112 verborum
358 2103 367 2119 ,
415 2078 519 2110 etiam
568 2088 655 2120 quae
692 2081 868 2121 assumpta

153 2132 250 2169 sunt,
275 2126 492 2171 proprietas,
527 2130 627 2158 tanta
661 2125 698 2157 in
727 2125 868 2168 quibus-

156 2175 236 2208 dam
259 2187 302 2208 ecc
310 2173 469 2220 periculo
482 2174 598 2219 petitis
617 2173 866 2218 significantia.

225 2252 410 2290 utrosque.-
446 2244 491 2279 cf.
521 2249 640 2279 annot.
669 2243 712 2278 ad
737 2244 781 2279 XI
811 2245 841 2277 1.

226 2296 263 2327 in
290 2294 450 2340 publico:
494 2304 572 2328 cnm
611 2295 648 2326 in
687 2293 868 2337 publicum

156 2345 291 2388 egressi
318 2348 411 2377 sunt.

229 2426 368 2449 arcana
393 2420 543 2448 semotae
571 2413 751 2447 dictionis:
783 2411 818 2445 h.
837 2422 867 2445 e.

157 2473 247 2507 quae
274 2464 401 2496 semoti
428 2474 447 2496 a
469 2463 598 2496 ceteris
612 2462 754 2494 nonnisi
778 2459 871 2504 apud

157 2510 453 2545 familiarissimos
478 2510 731 2554 proferebant,
757 2508 871 2542 veluti

157 2570 255 2593 suam
283 2559 326 2593 de
362 2570 402 2593 re
426 2559 569 2603 publica
596 2556 872 2592 administranda

158 2609 384 2651 sententiam,
411 2608 454 2641 de
473 2608 648 2651 principe,
676 2606 719 2639 de
740 2610 872 2650 poten-

159 2656 275 2699 tibus,
315 2656 359 2690 de
394 2655 519 2690 studiis
553 2660 690 2699 patrum
725 2654 870 2687 iudicia.

159 2704 313 2738 Orellius
341 2704 421 2738 dum
448 2704 572 2738 scribit
593 2702 674 2737 ‘sed
694 2701 786 2735 hanc
807 2712 873 2735 ex-

158 2754 373 2796 positionem
425 2753 549 2798 nequit
598 2751 786 2785 admittere
835 2760 869 2782 v.

159 2802 262 2834 dictio
280 2828 288 2844 ,
324 2812 392 2846 qua
417 2806 455 2834 ut
482 2813 512 2835 c.
540 2801 588 2835 34
624 2799 872 2845 significantur

158 2851 338 2882 orationes
372 2849 560 2883 iudiciales
595 2848 655 2882 vel
689 2847 870 2882 declama-

157 2898 298 2940 tiones',
332 2897 462 2930 oblitus
500 2902 554 2930 est
590 2896 702 2941 probe
733 2895 872 2929 discer-

158 2945 311 2979 nendum
339 2956 419 2980 esse
444 2947 537 2980 inter
564 2945 732 2979 dictiones
762 2948 796 2978 et
816 2944 872 2978 di-

934 1833 1104 1866 ctionem:
1135 1831 1267 1865 etenim
1285 1830 1455 1864 dictiones
1473 1833 1555 1864 sunt
1569 1838 1653 1862 ora..

933 1882 1063 1924 tiones,
1092 1880 1197 1914 dictio
1225 1890 1329 1914 omne
1363 1878 1458 1924 quod
1485 1877 1626 1912 dicitur.

1004 1965 1115 1999 purus
1141 1959 1172 1987 et
1197 1962 1396 1998 pressus—
1422 1961 1559 1983 sermo.-
1586 1959 1654 1994 pu..

937 2012 1013 2034 rum
1031 2012 1233 2035 sermonem
1251 1999 1509 2033 obtrectatores
1534 1999 1570 2032 in
1587 1999 1654 2033 Se-

938 2049 1072 2092 cundo,
1113 2049 1206 2094 quod
1232 2053 1335 2081 natus
1362 2052 1437 2081 erat
1463 2047 1498 2080 in
1528 2046 1654 2089 Gallia,

937 2098 1079 2131 facilius
1093 2096 1356 2136 desiderabant,
1374 2095 1521 2129 barbara
1541 2105 1655 2139 quae-

937 2146 1014 2179 dam
1044 2151 1079 2180 et
1105 2145 1297 2190 peregrina
1329 2143 1654 2188 deprehendentes,

937 2199 975 2227 ut
1000 2194 1144 2228 Asinius
1162 2193 1276 2227 Pollio
1296 2191 1371 2225 Tito
1390 2192 1494 2226 Livio
1511 2191 1656 2225 Patavi-

937 2244 1083 2277 nitatem
1099 2244 1186 2276 vitio
1205 2243 1323 2275 vertit.
1345 2241 1441 2274 Haec
1455 2241 1532 2284 ipsa
1544 2239 1656 2274 fuisse

939 2292 1154 2325 coniecerim
1197 2301 1287 2335 quae
1332 2289 1574 2331 Quintilianus
1614 2300 1658 2321 em

935 2340 1094 2387 periculo
1118 2340 1230 2385 petita
1256 2338 1471 2383 designavit.
1515 2336 1657 2371 Pressas

939 2399 1055 2423 sermo
1081 2388 1175 2421 unde
1201 2392 1368 2429 amotum,
1396 2385 1565 2431 quidquid
1591 2395 1656 2419 su-

940 2437 1111 2482 perfluum
1140 2441 1205 2470 est.

1014 2507 1111 2552 Aper
1138 2507 1232 2539 omni
1257 2506 1451 2539 eruditione
1482 2525 1526 2529 —
1553 2504 1658 2537 inniti

939 2555 1139 2589 videretur.-
1178 2554 1316 2588 Tacitus
1349 2552 1560 2586 adolescens
1594 2551 1657 2585 Ci-

941 2614 1108 2638 ceronem
1146 2603 1270 2637 ducem
1301 2602 1487 2647 sequitur,
1527 2600 1585 2645 qui
1613 2599 1657 2633 de

941 2652 999 2686 Or.
1027 2652 1056 2686 11
1089 2654 1125 2686 1:
1169 2651 1231 2685 sed
1260 2651 1328 2696 fuit
1360 2650 1488 2684 hocin
1512 2655 1659 2693 utroque

940 2713 1059 2734 eorum
1092 2705 1129 2733 vt
1157 2700 1305 2733 Crassus
1338 2710 1409 2731 non
1440 2703 1510 2731 tam
1535 2697 1659 2730 existi-

942 2750 1035 2782 mari
1060 2748 1159 2782 vellet
1183 2760 1255 2781 non
1281 2747 1442 2781 didicisse
1469 2757 1571 2790 quum
1593 2744 1660 2779 itta

945 2798 1121 2842 despicere
1150 2802 1181 2830 et
1204 2802 1401 2830 nostrorum
1427 2793 1603 2827 hominum
1620 2793 1659 2826 in

945 2847 1039 2879 omni
1079 2856 1207 2890 yenere
1242 2843 1467 2890 prudentiam
1512 2841 1659 2876 Graecis

945 2896 1148 2939 anteferre.-
1187 2892 1362 2927 Antonius
1389 2897 1502 2925 autem
1523 2890 1658 2936 probas

946 2941 1104 2977 bilior-em
1129 2942 1196 2976 hoc
1215 2940 1343 2988 populo
1363 2940 1557 2974 orationem
1579 2940 1658 2986 [ore
