1768 3216
48 500 52 503 “
83 527 86 529 .
116 494 261 544 petest
298 500 415 545 ager.

728 222 816 258 Car.
841 221 997 259 25-26.
1555 221 1605 257 4⁸

116 352 167 387 se
195 340 425 384 secundum
464 341 749 397 dignationem
793 340 1037 394 partiuntur.

822 414 936 455 Arva
963 426 1040 467 per
1067 424 1199 454 annos
1231 415 1417 463 mutant;
1467 415 1508 454 et
1523 423 1613 454 ‘su-
1662 469 1664 473 y

473 490 563 531 Nec
608 489 717 530 enim
762 501 854 546 cum
893 488 1081 530 ubertate
1128 490 1169 528 et
1217 485 1485 541 amplitudine
1533 485 1614 527 soli

118 428 359 471 camporum
390 416 521 470 spatia
547 415 761 470 praebent.

1106 337 1364 381 Facilitatem
1404 335 1612 392 partiendi

114 563 262 606 labore
292 563 564 616 contendunt,
594 567 639 604 ut
666 563 851 617 pomaria
884 566 1108 604 conserant
1137 566 1177 604 et
1205 564 1322 616 prata
1353 563 1559 614 separent*
1573 563 1615 601 et

115 619 263 680 hortos
301 637 461 692 rigent:

514 637 605 679 sola
643 642 782 680 terrae
828 650 953 693 seges
995 638 1232 691 imperatur.

116 722 283 768 quoque
330 713 463 770 ipsum
505 725 589 755 non
630 713 673 755 in
713 713 887 755 totidem
928 713 1125 768 digerunt
1163 711 1350 767 species:

1296 635 1415 677 Unde
1462 645 1644 678 annums

1396 710 1529 753 hiems
1571 713 1613 752 et

249 875 284 909 2.
309 872 455 919 prebent
479 872 518 915 P,
541 873 713 919 praebent
735 874 782 908 A.-
807 877 967 919 prestant
992 872 1218 916 superposito
1254 871 1329 906 ‘vel
1352 869 1510 917 prebent'
1537 871 1611 905 Va-

113 922 253 956 tioeuus
282 921 388 965 1862,
410 927 594 967 praestant
618 921 795 966 plerique.

114 970 235 1007 hortos
261 980 440 1018 superscr.
470 970 515 1008 ab
542 969 589 1008 al.
616 980 663 1007 m.
692 975 724 1003 et
749 968 786 1003 Ρ.

252 1035 264 1057 0

113 1135 196 1159 moa.-
209 1124 305 1158 ὄπωπ’
319 1135 356 1158 se
372 1125 560 1158 secundum
588 1125 827 1170 eliquationem

111 1173 344 1219 partiuntur).
395 1173 567 1207 Nimirum
600 1175 690 1208 vicis
716 1176 824 1208 totius

116 1220 327 1257 Germaniae
359 1221 524 1256 civitat-es
562 1222 824 1269 dispergeban-

114 1273 183 1312 tur,
208 1270 312 1304 urbes
337 1279 408 1303 non
436 1270 627 1304 habebant.
672 1271 771 1317 Lege
792 1283 823 1306 c.

117 1318 182 1353 16:
223 1317 341 1352 nullas
392 1319 648 1353 Germanorum
689 1319 826 1365 populis

93 1366 215 1400 ,ιιι-ὄις
240 1366 397 1400 habitari
420 1368 506 1401 satis
535 1374 654 1402 notum
678 1374 750 1411 est,·
777 1389 822 1395 —

120 1413 380 1458 Vicus-locant,
405 1426 479 1448 non
503 1416 542 1448 in
566 1422 723 1450 nostrum
748 1428 824 1449 mo·-

86 1469 186 1501 ,nm
219 1464 404 1497 connexis
437 1484 483 1490 —-
515 1464 709 1508 aedificiis3
755 1466 823 1498 12:

109 1510 289 1557 eliquatur
312 1513 351 1546 in
375 1512 484 1546 isdem
496 1513 657 1547 conciliis
671 1519 704 1547 et
718 1514 822 1558 prin-

110 1561 227 1606 cipes,
251 1562 311 1604 qui
337 1561 421 1594 iura
443 1573 509 1607 per
530 1573 640 1607 paqos
664 1563 824 1606 vicosque

109 1608 284 1651 reddunt,
277 1620 287 1628 ·
326 1609 390 1644 19:
419 1609 561 1655 expellit
587 1610 821 1655 (adulteram)

111 1657 210 1691 domo
229 1658 378 1691 maritus
403 1668 448 1691 ac
470 1669 535 1703 per
559 1669 694 1692 omnem
710 1660 823 1692 vicum

110 1705 255 1740 verbere
281 1707 367 1751 aqit.
417 1706 541 1740 Restat
567 1711 606 1740 ut
635 1708 822 1741 ostendam

109 1764 229 1799 neque
268 1755 307 1788 in
350 1755 443 1788 vices
479 1766 598 1800 neque
637 1756 676 1789 in
722 1756 821 1798 vicis,

110 1812 203 1848 quae
217 1801 479 1847 discrepantiae
496 1802 664 1838 lectionis
684 1803 819 1860 alioqui

109 1850 154 1885 ad
178 1850 340 1885 traditam
369 1851 579 1895 scripturam
608 1862 677 1886 non
707 1854 823 1886 minus

111 1908 224 1944 prope
249 1898 427 1934 accedunt
453 1911 555 1945 quam
583 1902 621 1934 in
641 1902 747 1944 vicos,
779 1900 823 1934 ad

109 1952 267 1982 ceteram
279 1949 495 1983 sententiam
509 1951 717 1984 convenire.
748 1948 822 1983 Oc-

109 2006 242 2041 cupare
266 2007 390 2043 agrum
416 1999 454 2031 in
479 1998 573 2031 vices
598 2003 652 2032 est
678 2000 727 2032 ita
756 2007 821 2031 oc-

108 2055 242 2089 cupare
266 2050 304 2079 ut
329 2046 422 2080 vice·
443 2045 533 2089 fiant
563 2046 642 2081 sive
657 2046 818 2080 mutatio.

108 2093 209 2136 Quae
245 2095 394 2128 mutatio
430 2093 460 2127 si
488 2095 664 2139 accipitur
688 2095 732 2129 de
759 2105 821 2128 se-

108 2140 212 2176 dibus
238 2147 319 2187 post
345 2141 491 2189 aliquod
516 2147 655 2188 tempus
676 2147 819 2177 mutan-

107 2189 163 2224 dis
189 2195 226 2224 et
260 2191 363 2225 novis
397 2191 583 2236 parandis,
618 2192 710 2226 haec
735 2202 821 2225 nar-

109 2237 220 2272 rando
263 2238 403 2273 Tacitus
444 2250 564 2273 secum
611 2241 821 2284 planissime

107 2286 293 2332 pugnabit.
346 2287 432 2321 Nam
458 2288 514 2320 sui
540 2287 705 2322 Germani
735 2298 817 2322 cer-

108 2339 162 2368 tas
190 2339 226 2368 et
259 2334 346 2368 fixas
383 2334 487 2368 sedes
515 2334 720 2378 habebant,
751 2345 822 2368 non

109 2384 317 2428 vagantium
358 2382 569 2427 populorum
603 2394 703 2417 more
733 2394 824 2428 age-

109 2431 206 2464 bant.
257 2430 376 2465 Alium
433 2432 485 2464 rei
536 2436 664 2466 statum
710 2430 821 2465 Iulius

110 2476 242 2513 Caesar
275 2481 415 2514 invenit
453 2479 547 2523 apud
589 2490 649 2514 eas
694 2484 820 2526 gentes

111 2527 321 2563 Germaniae
357 2539 436 2562 cum
472 2527 601 2573 quibus
626 2530 704 2573 ipse
732 2538 822 2562 con-

110 2587 256 2622 gressus
286 2581 352 2619 cst,
382 2587 500 2622 neque
526 2574 608 2610 inde
638 2577 733 2622 quod
759 2576 823 2611 ille

110 2623 149 2658 B.
178 2624 217 2659 G.
256 2624 303 2659 vl
328 2627 375 2659 22
416 2626 573 2658 narravit
607 2625 823 2670 (ayrici-uu-

108 2683 174 2706 ωε
206 2683 279 2706 non
319 2673 474 2713 student,
516 2674 698 2717 maiorque
736 2683 822 2718 pars

109 2721 220 2755 victus
243 2723 281 2755 in
315 2721 407 2754 tacte
433 2731 535 2754 caseo
565 2731 674 2754 carue
704 2722 823 2755 consi-

110 2770 184 2811 seie‚·
226 2780 335 2814 neque
361 2769 540 2813 qnisquam
574 2771 655 2814 (ιφ-ι’
685 2769 822 2803 modum

110 2822 242 2851 certum
283 2823 343 2851 met
378 2818 466 2860 fines
511 2816 614 2851 babet
646 2818 820 2863 proprios,

109 2865 172 2899 sed
203 2867 429 2911 magistratus
476 2875 521 2898 ac
558 2866 737 2911 principes
782 2867 820 2899 in

111 2923 224 2948 annos
256 2911 410 2959 sinyulos
444 2913 602 2959 yentibns
637 2915 821 2959 coquatio-

110 2962 275 3007 ”itusque
301 2962 478 2997 hominum
492 2962 551 3006 qm·
573 2969 645 2996 nnn
661 2962 822 3005 coierint,

861 920 918 1004 64.
944 919 1092 1001 labor-1:12·
1117 930 1293 965 superscr.
1320 919 1426 954 labor
1449 919 1487 954 P.
1574 923 1612 957 ut

926 967 1059 1021 spesP
1062 994 1071 1007 ,

897 1132 1063 1171 quantum
1089 1131 1121 1160 et
1148 1137 1213 1170 quo
1240 1124 1318 1160 loco
1335 1125 1446 1159 visum
1464 1130 1512 1159 est
1531 1126 1613 1171 agri

897 1175 1108 1218 attribuunt,
1144 1180 1247 1219 atque
1279 1185 1374 1208 anno
1417 1180 1495 1220 post
1538 1174 1610 1208 alio

896 1224 1051 1257 transire
1079 1225 1248 1271 coquat),
1296 1222 1487 1268 quidquam
1525 1223 1612 1258 licet

897 1271 1072 1317 colligere
1116 1275 1178 1305 aut
1221 1271 1357 1306 elicere
1411 1271 1454 1304 ad
1501 1273 1610 1305 vitam

897 1320 1107 1354 Germaniae
1133 1320 1361 1364 populorum,
1392 1319 1508 1364 qualis
1534 1324 1610 1353 erat

895 1368 1009 1402 altero
1037 1368 1175 1402 Traiani
1195 1367 1396 1410 consulatu,
1433 1378 1610 1413 quamque

893 1416 1036 1451 Tacitus
1069 1418 1249 1460 exposuit,
1275 1426 1501 1461 quocumque
1526 1426 1607 1450 mo-

894 1465 939 1499 do
966 1465 1216 1499 definiendam.
1245 1464 1318 1498 Iam
1344 1464 1416 1498 alia
1435 1469 1608 1509 tempora,

894 1514 967 1547 alia
1005 1513 1134 1559 agendi
1176 1514 1287 1554 rati03
1333 1517 1454 1546 certae
1489 1513 1606 1557 sedes,

895 1563 983 1596 certi
1009 1561 1234 1607 singulorum
1260 1561 1475 1606 populorum
1504 1561 1606 1606 fines,

896 1612 963 1654 ipsi
991 1610 1026 1643 in
1060 1612 1161 1644 vicos
1198 1620 1384 1656 pagosque
1422 1609 1606 1654 descripti.

894 1659 955 1693 Sin
997 1658 1161 1692 credatur
1202 1670 1283 1693 esse
1317 1658 1462 1692 mutatio
1498 1670 1608 1692 arvo-

893 1719 970 1741 rum
997 1718 1060 1752 per
1086 1717 1198 1741 annos
1227 1709 1263 1741 iu
1278 1706 1405 1741 eodem
1427 1707 1499 1748 vici
1520 1716 1607 1753 agro

893 1767 914 1789 a
940 1755 1139 1790 cultoribus
1164 1757 1214 1790 ita
1240 1756 1347 1798 sacta,
1374 1759 1412 1788 ut
1439 1757 1515 1801 agri
1536 1766 1607 1790 nno

893 1804 1017 1851 fruges
1042 1804 1183 1846 ferant,
1222 1804 1336 1838 altero
1363 1804 1605 1849 requiescant,

894 1852 983 1887 haec
1010 1853 1116 1897 paulo
1143 1858 1226 1896 post
1259 1853 1399 1887 demum
1426 1863 1605 1887 memora..

893 1906 948 1934 tur
973 1901 1092 1935 verbis
1118 1912 1208 1934 arva
1228 1913 1295 1947 per
1320 1912 1433 1934 annos
1456 1907 1605 1946 mutant,-

893 1956 925 1983 et
949 1955 1105 1995 superest
1134 1961 1232 1994 ager.
1285 1949 1410 1995 Neque
1434 1959 1522 1983 vero
1548 1950 1607 1984 le-

893 1999 965 2032 ctio
1006 2001 1044 2032 in
1081 1998 1168 2031 vicis
1219 1997 1348 2032 bonam
1393 1999 1608 2032 sententiam

892 2047 1066 2091 praebet:
1093 2047 1169 2092 agri
1200 2047 1295 2080 enim
1317 2057 1396 2080 cum
1423 2056 1607 2091 occupan-

892 2091 976 2137 tur,
1023 2095 1096 2129 vici
1138 2095 1294 2128 nondum
1321 2099 1432 2137 sunt,
1475 2096 1539 2129 sed
1564 2095 1608 2130 ab

892 2143 1153 2188 occupantibus
1200 2144 1341 2178 demum
1385 2143 1606 2186 conduntur,

894 2203 1026 2238 neque.
1059 2193 1098 2225 in
1133 2192 1221 2226 vicis
1263 2197 1486 2236 occupantur
1531 2194 1608 2238 agri

894 2241 957 2274 sed
983 2242 1079 2275 circa
1107 2241 1209 2274 vicos
1246 2245 1283 2274 et
1318 2241 1416 2274 circa
1443 2241 1516 2274 vici
1542 2251 1608 2275 ae-

894 2288 1024 2322 dificia.

965 2394 1055 2417 arva
1078 2395 1144 2429 per
1177 2393 1290 2416 annos
1324 2388 1488 2417 mutant.-
1528 2384 1607 2429 agri

893 2435 1028 2475 partem
1050 2458 1059 2474 ‚
1098 2442 1190 2478 quae
1217 2435 1335 2465 aratur
1353 2458 1362 2474 ,
1406 2442 1470 2476 per
1495 2442 1607 2465 annos

894 2484 1031 2513 mutant
1064 2479 1198 2526 singuli
1233 2484 1391 2514 aratores
1424 2479 1483 2514 vel
1519 2490 1606 2524 pos-

893 2538 1066 2571 sessores,
1097 2527 1132 2561 h.
1150 2539 1182 2562 e.
1209 2527 1324 2568 altero
1350 2539 1493 2574 quoque
1512 2539 1605 2562 anno

894 2578 1014 2610 iacere
1038 2577 1160 2610 sinunt
1189 2582 1224 2611 et
1251 2578 1418 2611 recreari.
1446 2577 1521 2610 lloc
1544 2587 1606 2610 cur

894 2624 1015 2658 facere
1039 2624 1148 2659 facile
1175 2627 1323 2669 possint,
1352 2635 1492 2659 causam
1519 2635 1605 2668 pro-

894 2674 988 2707 xima
1027 2673 1137 2707 verba
1172 2680 1203 2707 et
1240 2676 1304 2718 (=
1330 2678 1367 2707 et
1401 2677 1506 2718 sane)
1542 2684 1605 2706 su-

891 2727 1007 2767 perest
1033 2733 1121 2766 ayer
1146 2726 1340 2766 exponunt.

963 2822 1000 2851 ut
1020 2818 1185 2863 pomaria
1210 2822 1419 2851 conserant.-
1445 2816 1478 2850 h.
1505 2827 1538 2851 e.
1566 2821 1604 2850 ut

891 2865 971 2899 loca
1011 2875 1176 2911 agrorum
1209 2864 1391 2899 ordinibus
1439 2865 1604 2899 arborum

892 2920 970 2947 cnm
998 2913 1117 2959 aliqua
1143 2917 1220 2948 arte
1246 2913 1371 2959 positis
1394 2917 1430 2947 ct
1455 2912 1602 2950 directis

895 2962 1080 2996 instruant.
