1768 3216
179 202 250 243 124
789 199 1050 237 AGRIGOLAE

176 331 314 363 sarum
345 318 451 360 ultra
480 318 665 373 gentium
698 322 738 361 et
768 319 918 362 infesta
948 319 1090 363 hostili
1124 321 1311 364 exercitu
1350 321 1502 366 itinera
1543 323 1671 366 time-

175 394 349 445 bantur,
393 396 536 446 portus
567 393 702 435 classe
734 393 964 448 exploravit
975 410 986 447 ;
1028 407 1133 450 quae
1167 396 1217 438 ab
1261 396 1462 452 Agricola
1497 397 1671 451 primum

176 467 388 521 adsumpta
419 467 461 508 in
490 471 647 521 partem
678 469 826 511 virium
856 470 1135 524 sequebatur,
1168 471 1342 527 egregia
1371 471 1545 525 specie,
1575 483 1671 515 cum

173 540 293 584 simul
323 544 435 583 terra
469 541 591 584 simul
622 543 725 584 mari
755 543 906 585 bellum
937 543 1239 599 impelleretur,
1287 556 1335 587 ac
1376 557 1503 600 saepe
1539 545 1672 589 isdem
1700 539 1768 589 [d

141 616 323 659 scastris
354 617 484 671 pedes
519 630 730 673 equesque
759 623 799 661 et
830 619 1020 662 nauticus
1051 619 1171 662 miles
1201 619 1315 662 mixti
1345 620 1479 675 copiis
1507 624 1549 663 et
1576 620 1672 663 lae-
1692 616 1768 689 fw-

171 691 258 737 titia
292 703 368 734 sua
400 692 575 746 quisque
606 693 741 747 facta,
774 706 873 737 suos
907 707 1028 738 casus
1062 694 1318 749 attollerent,
1356 674 1561 738 ἷῗιῗοάο
1592 695 1672 738 sil-
1711 678 1768 748 ὥς

170 778 314 808 varum
346 779 395 808 ac
426 767 625 809 montium
658 767 890 822 profunda,
924 769 1049 811 modo
1080 773 1365 823 tempestatum
1396 782 1446 812 ac
1476 769 1671 813 fluctuum

171 840 378 894 adversa,
421 841 519 883 hinc
551 827 665 884 terra
695 847 735 884 et
767 843 925 896 hostis,
958 843 1055 885 hinc
1091 844 1224 886 victus
1267 844 1461 887 Oceanus
1500 844 1670 888 militari

171 914 367 959 iactantia
413 922 764 971 compararentur.
832 918 1055 961 Britannos
1097 931 1281 973 quoque,
1321 923 1366 960 ut
1404 931 1458 961 ex
1485 919 1670 974 ‘captivis

121 998 160 1031 ιο
171 991 428 1044 audiebatur,
461 992 550 1033 visa
585 992 731 1034 classis
751 993 1122 1047 obstupefaciebat,
1159 998 1364 1048 tamquam
1382 997 1524 1048 aperto
1541 993 1669 1036 maris

170 1065 235 1108 sui
264 1070 430 1108 secreto
460 1065 645 1108 ultimum
678 1067 800 1108 victis
829 1068 1064 1122 perfugium
1095 1067 1372 1110 clauderetur.
1424 1067 1492 1109 Ad
1522 1080 1668 1112 manus

172 1144 213 1182 et
242 1154 356 1183 arma
390 1125 587 1184 conversi
607 1141 874 1184 Caledoniam
894 1143 1126 1185 incolentes
1148 1142 1302 1196 populi,
1334 1145 1479 1196 paratu
1499 1154 1669 1197 magno,

168 1216 328 1260 maiore
363 1216 486 1268 sama,
521 1217 579 1257 uti
610 1227 700 1259 mos
732 1220 794 1258 est
825 1217 878 1258 de
909 1217 1079 1271 ignotis,
1111 1222 1396 1272 [oppugnasse
1426 1215 1558 1270 ultro]
1591 1228 1670 1260 ca-

169 1289 288 1333 stella
320 1290 455 1332 adorti
497 1294 648 1332 metum
695 1294 739 1331 ut
780 1294 1060 1344 provocantes
1100 1290 1370 1342 addiderant3
1414 1290 1671 1346 regredien-

119 1365 157 1396 ¹⁵
170 1363 348 1420 dumque
380 1364 483 1406 citra
516 1364 783 1417 Bodotriam,
824 1369 864 1407 et
895 1364 1183 1407 excedendum
1212 1364 1348 1420 potius
1381 1375 1503 1420 quam
1533 1363 1669 1419 pelle-

294 1475 323 1507 1.
354 1473 473 1508 hostili
497 1475 654 1508 exercitu
679 1475 789 1508 tacite
815 1474 1028 1509 Rhenanus:
1065 1473 1200 1508 hostilis
1230 1473 1404 1508 eoeercieus
1430 1473 1494 1508 ΓΔ
1525 1476 1561 1507 et
1588 1471 1667 1507 cod.

166 1522 298 1559 Ursini.
374 1522 538 1556 timebant
567 1524 610 1565 A,
638 1523 799 1558 timebat*
825 1523 897 1558 712.
997 1526 1033 1558 4.
1060 1522 1250 1569 impellitur
1275 1523 1359 1557 TA:
1391 1521 1546 1555 correxit
1567 1520 1670 1555 Rhe..

167 1580 280 1605 nanus
309 1574 398 1611 (non
422 1571 651 1615 Puteolanus,
679 1576 717 1604 ut
742 1571 854 1606 refert
879 1572 1029 1605 Wexius
1056 1581 1091 1615 p.
1122 1572 1198 1616 11).
1265 1570 1297 1604 7.
1325 1580 1370 1604 ac
1393 1569 1559 1604 montium
1585 1569 1667 1605 I'Az

168 1626 200 1655 et
224 1620 390 1654 montium
414 1619 643 1654 Puteolanus.
741 1620 776 1655 8.
804 1621 915 1654 victus
939 1621 1021 1655 TA:
1047 1619 1265 1653 Puteolanus
1292 1624 1426 1652 auctus.
1508 1618 1564 1652 12.
1593 1616 1668 1651 Ga-

168 1668 338 1703 lidoniam
365 1670 397 1703 Γ
420 1673 455 1703 et
478 1667 717 1702 Puteolanus:
749 1667 978 1703 Caledoniam
1005 1668 1119 1702 codex
1143 1666 1274 1702 Ursini.
1381 1666 1437 1700 13.
1466 1675 1670 1711 oppugnare

168 1716 246 1750 cod.
278 1715 407 1751 Ursini.
442 1716 597 1762 glossam
626 1728 842 1763 oppugnasse
868 1717 960 1760 ultro
986 1716 1135 1750 seclusit
1161 1715 1288 1749 editor.
1432 1713 1580 1747 castella
1605 1723 1669 1748 su-

166 1775 298 1811 perscr.
329 1775 386 1799 um
417 1767 454 1808 Γ,
482 1764 661 1799 castellum
689 1765 765 1799 cod.
796 1765 925 1799 Ursini.
1021 1763 1075 1800 14.
1104 1764 1226 1798 adorsi
1252 1762 1329 1797 cod.
1359 1761 1488 1796 Ursini.

239 1860 369 1903 infesta
399 1859 516 1893 hostili
548 1861 703 1893 exercitu
729 1859 878 1893 itinera.-

167 1907 319 1953 vulgarc
361 1907 524 1941 codicum
574 1908 701 1941 vitium
747 1907 882 1941 hostilis

169 1956 342 1990 exercitus
376 1955 460 1989 hinc
488 1960 627 1998 natum,
668 1956 762 2000 quod
788 1956 882 1989 scri-

169 2008 250 2048 ptor
275 2002 440 2036 librarius
476 2014 518 2036 ea
553 2004 662 2037 verba
692 2014 768 2037 cum
798 2013 882 2047 pro-

169 2051 264 2085 ximo
307 2051 451 2083 nominc
498 2052 678 2096 (itinera)
717 2052 882 2094 imperite

170 2099 297 2134 iunxit.
366 2098 502 2143 Infesta
544 2098 679 2132 hostilis
710 2100 884 2132 exercitus

169 2147 320 2190 itinera,
355 2147 389 2180 h.
418 2157 450 2181 e.
478 2147 616 2180 hostem
642 2146 774 2180 infesto
802 2147 882 2180 ani..

169 2205 227 2230 mo
260 2199 295 2229 et
336 2195 497 2229 exercitu
542 2195 683 2228 obviam
726 2200 882 2237 euntem,

169 2253 288 2288 neque
313 2242 485 2289 Agricola
511 2254 628 2288 neque
655 2242 788 2277 milites
809 2244 883 2277 Ro-

168 2292 263 2327 mani
289 2291 488 2333 timebant,
533 2291 597 2326 sed
622 2291 797 2325 timebant
822 2291 884 2324 iti-

168 2350 255 2375 nera
281 2339 419 2374 insidiis
455 2339 613 2374 obsessa.

257 2411 410 2456 primum
455 2411 638 2456 adsumpta
677 2411 715 2443 in
747 2415 886 2456 partem

169 2459 322 2492 virium:
363 2459 402 2491 in
442 2464 579 2504 partem
625 2458 751 2492 viriam
791 2458 885 2492 idem

170 2506 264 2552 quod
290 2512 326 2540 ut
349 2517 435 2552 pars
461 2507 588 2540 virium
621 2512 707 2540 esset
725 2532 733 2548 ,
778 2516 885 2550 prae-

169 2555 350 2599 positione
393 2565 471 2588 cum
511 2555 717 2587 accusativo
764 2553 886 2587 consi-

172 2603 260 2636 lium
285 2602 345 2636 vel
372 2601 479 2636 linem
506 2602 709 2636 denotante.
771 2601 887 2635 Nimi-

170 2661 247 2685 rum
263 2650 433 2697 Agricola
451 2660 561 2684 naves
591 2659 663 2683 non
687 2648 802 2683 solum
828 2660 888 2682 re-

170 2699 327 2745 migibus
370 2701 556 2746 (ἐρέταις)
593 2697 783 2738 instruxit,
825 2696 889 2730 sed

171 2747 276 2780 simul
301 2753 581 2792 propngynatores
596 2745 816 2792 (ἐπιβάτας)
845 2755 889 2777 ex

173 2794 377 2840 legionibus
406 2800 466 2828 aut
489 2795 597 2828 sociis
622 2794 803 2838 imposuit.
832 2791 886 2825 Cf.

175 2853 207 2875 c.
232 2843 300 2878 38:
324 2846 506 2888 praesecto
535 2843 657 2876 classis
675 2840 889 2875 circumvehi

175 2890 400 2972 {ritarmiam
433 2891 625 2937 praecepit.
692 2889 808 2924 Datae
843 2888 890 2922 ad

176 2949 190 2973 t
241 2949 343 2975 mres.

1021 1859 1122 1892 mixti
1146 1857 1256 1903 copiis
1283 1862 1314 1890 et
1340 1854 1497 1889 laetitia.-
1537 1853 1582 1887 ad
1606 1864 1670 1888 ac·-

951 1907 1119 1951 cipienda
1146 1906 1280 1940 cibaria
1318 1904 1468 1950 (copias)
1498 1911 1608 1946 saepe
1633 1902 1671 1935 in

949 1954 1061 1988 isdem
1091 1955 1216 1988 castris
1243 1953 1343 1987 varia
1358 1951 1511 1985 militum
1533 1959 1670 1996 genera

950 2001 1214 2048 iungebantur,
1253 1998 1445 2045 aliquando
1481 1997 1526 2031 ob
1561 1997 1670 2032 laeti-

950 2051 1034 2084 tiam
1060 2060 1141 2083 sese
1167 2048 1344 2083 visebant.
1384 2046 1516 2092 Copiae
1543 2043 1670 2080 eodem

950 2098 1154 2143 significatu
1192 2108 1222 2131 c.
1251 2097 1320 2137 22,
1361 2095 1445 2128 item
1471 2093 1581 2135 168,
1622 2091 1671 2126 111

953 2147 1011 2188 54,
1041 2145 1104 2179 XV
1134 2146 1191 2180 16.
1242 2143 1284 2178 H.
1313 2141 1344 2176 11
1371 2143 1439 2185 32,
1486 2140 1535 2175 111
1565 2140 1607 2175 15
1635 2144 1671 2174 et

951 2194 998 2229 20
1025 2198 1060 2228 et
1085 2193 1144 2236 60,
1170 2193 1219 2227 1v
1245 2193 1303 2228 22.

1023 2264 1157 2297 maiore
1191 2265 1314 2308 fama,
1367 2260 1419 2294 uti
1443 2269 1516 2294 mos
1550 2263 1600 2294 est
1630 2258 1672 2293 de

951 2313 1091 2357 ignotis,
1121 2315 1354 2358 [oppuqnasse
1391 2308 1501 2355 ultro]
1522 2319 1534 2341 :
1562 2306 1673 2342 verba

953 2371 1170 2406 oppuqnasse
1194 2360 1308 2400 ultro,
1350 2367 1468 2401 neque
1496 2365 1562 2390 suo
1588 2354 1671 2390 loco

953 2409 1068 2452 posita
1094 2418 1212 2453 neque
1239 2407 1282 2441 ad
1308 2405 1523 2439 sententiam
1540 2413 1671 2439 neces-

953 2457 1058 2499 saria,
1077 2467 1122 2490 ex
1142 2456 1264 2501 glossa
1281 2454 1324 2488 ad
1341 2454 1538 2498 marginem
1557 2451 1673 2486 ascri-

953 2508 1014 2548 pta
1049 2504 1239 2538 adversum
1281 2502 1416 2536 maiore
1455 2502 1556 2544 fama
1590 2503 1673 2533 nata

954 2551 1041 2585 mihi
1065 2551 1243 2585 videntur.
1286 2549 1437 2583 Scilicet
1460 2557 1498 2581 m
1523 2547 1670 2592 antiquo

955 2600 1018 2633 illo
1055 2600 1180 2634 codice
1214 2600 1250 2632 in
1288 2597 1358 2631 line
1392 2605 1518 2630 versus
1553 2594 1673 2630 colio-

957 2652 1035 2681 cata
1064 2652 1164 2681 erant
1201 2647 1253 2680 uti
1277 2656 1350 2679 mos
1379 2650 1428 2678 est
1454 2643 1496 2677 de
1519 2643 1671 2688 synam,-

957 2696 1126 2729 continuo
1154 2694 1276 2741 glossa
1302 2696 1470 2737 coeperat
1488 2692 1673 2737 margina-

956 2743 1023 2786 lis,
1073 2743 1228 2788 ideoque
1271 2752 1350 2776 cum
1393 2741 1522 2775 ceteris
1562 2739 1673 2773 mixta

956 2791 1037 2824 loco
1065 2802 1136 2824 non
1164 2796 1246 2834 apto
1274 2800 1369 2823 nuuc
1395 2791 1590 2832 comparet.
1616 2785 1674 2821 Ad

957 2841 1170 2873 sententiam
1199 2838 1288 2872 haec
1323 2847 1466 2882 prorsus
1496 2844 1673 2879 superva-

958 2898 1069 2921 canea
1116 2891 1198 2921 sunt
1222 2898 1231 2920 z
1284 2886 1450 2919 nimirum
1500 2881 1674 2930 quidquid

961 2936 1167 2982 continent,
1193 2934 1289 2970 idem
1313 2933 1443 2970 melius
1469 2936 1506 2968 et
1528 2930 1674 2980 plenius
