1768 3216
188 243 260 276 358

779 230 1092 270 HISTORIARVM

1474 241 1507 265 a.
1532 238 1569 264 u.
1596 228 1682 266 823.

1136 298 1239 339 >eff
1249 309 1290 341 ise
1300 284 1337 337 Ξε

187 355 365 398 hostium
396 353 645 409 evenissent.
695 349 873 393 Primum
904 348 1016 390 illum
1047 347 1350 411 stipendiorum
1368 351 1410 390 et
1433 347 1685 390 sacramenti

1154 403 1254 415 w

189 430 297 471 diem
327 426 551 468 haberent:
582 425 769 479 priorum
800 424 1033 466 facinorum
1063 434 1199 476 neque
1228 411 1522 476 imperatorem
1547 432 1683 476 neque

186 515 232 544 se
263 500 515 542 meminisse.
562 500 674 541 Tunc
705 499 865 552 recepti
897 499 939 539 in
971 497 1117 540 eadem
1150 501 1300 549 castra,
1330 500 1369 537 et
1400 495 1580 538 edictum
1609 507 1686 550 per

186 575 417 629 manipulos
449 586 501 615 ne
533 575 623 628 quis
655 574 697 614 in
729 573 958 615 certamine
991 573 1184 626 iurgiove
1214 571 1466 614 seditionem
1497 574 1566 613 aut
1594 570 1686 613 cla-

154 650 280 696 5dem
318 649 589 690 commilitoni
621 649 866 690 obiectaret.

926 647 1024 689 Mox
1055 647 1252 688 Treviros
1284 659 1334 688 ac
1378 647 1589 702 Lingonas
1629 646 1683 688 ad
1696 651 1757 690 73

188 724 424 765 contionem
455 727 630 765 vocatos
655 723 710 765 ita
740 723 988 776 adloquitur.
1018 720 1180 775 ‘Neque
1210 732 1290 776 ego
1321 732 1502 774 unquam
1533 721 1684 762 sacun-

185 798 293 840 diam
325 798 523 850 exercui,
577 802 617 839 et
655 797 794 851 populi
834 796 1010 839 Romani
1053 796 1246 837 virtutem
1287 795 1413 837 armis
1454 793 1682 838 adfirmavi.

188 872 270 914 Sed
303 872 396 925 quia
428 871 534 925 apud
564 884 641 913 vos
672 871 800 913 verba
833 871 1051 925 plurimum
1082 870 1235 922 valent,
1268 870 1461 923 bonaque
1494 882 1544 912 ac
1574 869 1683 912 mala

143 971 146 974 -
183 958 267 987 non
297 958 371 987 sua
402 950 547 987 natura
575 945 650 987 sed
680 945 856 986 vocibus
887 939 1182 987 seditiosorum
1232 944 1528 996 aestimantur,
1559 944 1684 986 statui

133 1032 315 1073 iopauca
349 1019 576 1071 disserere,
610 1031 717 1072 quae
747 1019 968 1073 profligato
995 1018 1103 1059 bello
1132 1017 1270 1059 utilius
1297 1017 1351 1059 sit
1371 1017 1492 1059 vobis
1517 1017 1685 1061 audisse

188 1106 308 1147 quam
340 1094 460 1135 nobis
495 1093 666 1135 dixisse.
710 1094 879 1135 Terram
909 1097 1091 1134 vestram
1124 1096 1442 1151 ceterorumque
1474 1091 1684 1134 Gallorum

188 1169 370 1223 ingressi
400 1173 494 1209 sunt
526 1169 655 1210 duces
702 1169 1062 1221 imperatoresque
1101 1167 1277 1209 Romani
1321 1166 1431 1208 nulla
1464 1166 1685 1220 -cupidine,

184 1243 260 1285 sed
291 1243 517 1284 maioribus
547 1243 699 1285 vestris
728 1242 1034 1294 invocantibus,
1071 1253 1174 1295 quos
1209 1241 1452 1282 discordiae
1473 1253 1606 1295 usque
1633 1241 1686 1283 ad

185 1317 353 1359 exitium
386 1317 640 1372 fatigabant3
688 1321 727 1358 et
767 1317 891 1358 acciti
923 1316 1076 1358 auxilio
1120 1316 1316 1358 Germani
1354 1315 1483 1357 sociis
1531 1316 1687 1369 pariter

134 1404 172 1432 15
185 1396 306 1445 atque
333 1392 521 1433 hostibus
552 1392 792 1433 servitutem
827 1392 1122 1444 imposuerant.

1186 1391 1294 1439 Quot
1322 1390 1494 1444 proeliis
1526 1389 1684 1436 adver-

187 1478 257 1507 sus
286 1466 476 1508 Cimbros
507 1466 816 1519 Teutonosquc,
850 1458 1012 1519 quantis
1046 1465 1303 1506 exercituum
1344 1469 1582 1506 nostrorum
1620 1464 1686 1506 la-

187 1540 360 1581 boribus
389 1552 525 1593 quove
558 1544 709 1587 eventu
753 1540 1003 1582 Germanica
1044 1540 1151 1581 bella
1197 1539 1542 1591 tractaverimus,
1584 1539 1686 1581 satis

190 1614 358 1655 clarum.

420 1615 507 1656 Nec
540 1615 635 1656 ideo
668 1615 856 1656 Rhenum
899 1614 1127 1655 insedimus
1171 1618 1214 1655 ut
1260 1613 1416 1655 Italiam
1461 1618 1686 1665 tueremur,

188 1689 264 1731 sed
294 1701 347 1730 ne
379 1690 468 1743 quis
501 1689 604 1731 alius
633 1689 870 1731 Ariovistus
905 1701 1038 1744 regno
1071 1689 1294 1731 Galliarum
1334 1693 1559 1743 poteretur.
1619 1689 1687 1730 An

131 1777 171 1806 πο
185 1775 261 1805 vos
292 1763 479 1805 cariores
512 1763 631 1805 Civili
663 1764 910 1817 Batavisque
942 1769 983 1804 et
1011 1764 1326 1806 transrhenanis
1357 1764 1552 1818 gentibus
1585 1775 1686 1805 cre-

182 1837 277 1879 ditis
316 1850 436 1891 quam
477 1838 703 1879 maioribus
747 1850 891 1880 eorum
935 1843 1075 1892 patres
1118 1840 1267 1893 avique
1308 1839 1439 1881 vestri
1471 1831 1685 1881 luerunt?

290 1974 321 2006 1.
347 1983 388 2006 sa
415 1973 467 2018 (in
494 1983 618 2008 versus
653 1973 849 2017 fiiie]1nertti
873 1973 948 2008 Ma:
976 1973 1003 2008 G
1028 1975 1254 2008 sacramenti.

917 2022 952 2056 8.
991 2024 1074 2066 quia
1099 2023 1148 2056 G:
1182 2034 1201 2067 q
1229 2033 1307 2056 cum
1334 2022 1397 2056 lin.
1427 2022 1491 2066 Ma,
1518 2024 1685 2067 quoniam

182 2021 215 2054 7.
247 2020 444 2063 adfirmavit
469 2020 543 2055 Ma:
572 2021 599 2055 G
626 2023 816 2066 affirmaui.

182 2066 287 2102 Corb.
388 2069 421 2103 9.
451 2071 559 2103 eslim.
587 2068 652 2103 Ma.

177 2117 351 2160 potiretur
377 2127 470 2150 nunc
497 2117 562 2151 Ma.

181 2165 240 2198 21.
271 2167 354 2209 fuer
381 2175 459 2198 cum
487 2165 549 2199 lin.
576 2164 641 2199 Ma.

257 2291 449 2325 evenissent
464 2304 474 2324 .·
501 2296 671 2335 expectes
691 2299 891 2336 evenerant,

180 2337 243 2371 sed
269 2339 460 2374 evenissent
487 2346 743 2385 quoquerecte
764 2341 894 2375 dicitur

181 2390 216 2419 et
242 2389 442 2421 contrariae
493 2390 694 2423 sententiae
723 2390 776 2423 vis
804 2391 893 2424 reti-

179 2438 295 2478 netur,
321 2435 401 2468 dum
429 2437 464 2468 in
492 2435 632 2470 incerto
659 2438 694 2471 id
715 2438 893 2483 relinqui-

179 2486 258 2524 tur,
297 2488 465 2527 quantum
512 2484 657 2518 militum
703 2486 893 2530 (lucumque

180 2529 370 2573 discordia,
399 2536 566 2576 quantum
595 2533 724 2577 fraude
745 2534 893 2568 hostium

180 2580 355 2613 evenerit.

248 2638 358 2671 neque
404 2629 650 2673 impet-morem
701 2641 811 2674 neque
857 2643 893 2664 se

176 2676 391 2711 meminisse:
424 2677 616 2721 imperator
643 2683 697 2711 est
726 2680 890 2723 princeps

135 2740 138 2743 -
178 2723 428 2768 Vespasianus,
456 2726 556 2758 cuius
584 2725 725 2772 legatus
759 2732 794 2760 et
820 2738 890 2761 vox

178 2769 340 2806 Cerialis.

248 2818 332 2863 Cap.
362 2822 418 2855 73.
454 2832 564 2866 neque
589 2833 672 2867 eqo:
701 2824 815 2858 oratio
833 2828 890 2857 to-

176 2868 212 2899 ta
246 2867 314 2900 viri
348 2868 511 2904 militaris
547 2871 732 2916 ingenium
764 2874 887 2916 spirat,

175 2912 344 2958 frequens
369 2916 535 2952 dictionis
562 2919 799 2963 proverbialis
825 2931 887 2955 sa-

175 2958 280 3005 libus,
307 2962 479 3008 simplicis
499 2967 606 3002 animi
631 2969 789 3015 ingenua
800 2979 886 3014 pro-

783 2071 838 2104 15.
866 2070 938 2116 inp.
966 2070 1032 2104 Ma.

689 2118 745 2152 20.
779 2118 892 2152 ciuIlis
920 2119 1127 2163 uatauisqne
1158 2118 1231 2152 Mu:
1261 2119 1358 2153 ciuili
1385 2119 1535 2154 bauauis
1562 2131 1625 2164 que
1641 2119 1680 2155 G.

1325 1975 1359 2009 6.
1389 1975 1590 2009 concionum
1616 1975 1682 2010 Ma.

1182 2071 1271 2114 quod
1297 2069 1368 2104 Ma:
1398 2070 1426 2104 G
1452 2077 1542 2115 quot.
1626 2071 1682 2107 19.

963 2294 1121 2328 sessione
1139 2321 1148 2338 ,
1176 2296 1403 2341 arrogantiae
1429 2300 1465 2330 et
1489 2297 1680 2340 superbiae

964 2345 1120 2388 propior,
1149 2344 1256 2388 plena
1286 2349 1491 2389 contemptu
1524 2345 1679 2379 dicentis

962 2391 1133 2425 adversus
1163 2403 1224 2426 eos
1251 2403 1340 2437 quos
1372 2392 1589 2439 alloquitur,
1621 2393 1678 2427 di-

962 2441 1091 2473 stincta
1116 2441 1284 2473 membris
1311 2447 1434 2474 contra
1462 2443 1599 2485 positis,
1619 2443 1678 2475 in-

961 2492 1094 2521 structa
1134 2488 1270 2521 aculeis
1305 2490 1341 2522 iu
1374 2491 1492 2523 animo
1527 2490 1678 2524 audien-

963 2536 1053 2568 tium·
1078 2535 1335 2580 relinquendis..

1036 2590 1067 2617 et
1115 2585 1222 2618 acciti
1263 2585 1396 2619 ‹tim-ilio
1437 2585 1604 2620 Germani
1631 2607 1676 2613 ——-

961 2632 1222 2677 imposuerant:
1249 2644 1282 2666 v.
1310 2632 1442 2667 Caesar
1459 2633 1498 2668 B.
1527 2634 1566 2668 G.
1598 2634 1695 2669 131v

961 2691 1037 2725 sqq.
1076 2680 1130 2714 De
1158 2681 1280 2715 formis
1312 2682 1454 2716 'l'eucoui
1483 2686 1519 2716 et
1539 2679 1673 2716 'Teuto-

961 2739 1042 2771 nes,
1080 2739 1226 2774 quarum
1260 2730 1357 2774 prior
1383 2730 1476 2775 apud
1503 2730 1672 2774 probatos

960 2776 1106 2822 linguae
1148 2783 1336 2820 auctores,
1383 2780 1428 2814 cf.
1463 2778 1672 2813 Forcellinii

961 2823 1116 2859 lexicon.

1031 2874 1190 2908 Rhenum
1213 2873 1422 2908 insedimus:
1463 2873 1550 2908 dicit
1583 2884 1670 2918 pro-

958 2922 1112 2956 vinciam
1153 2922 1348 2967 superioris
1405 2926 1440 2955 et
1487 2922 1668 2958 inferioris

957 2968 1168 3005 Germaniae
1208 2969 1252 3006 ab
1285 2969 1450 3015 Augusto
1489 2971 1667 3006 eonstitu-
