1768 3216
85 654 144 696 35

756 222 852 258 Gn:
869 224 1031 260 33-35.

1583 220 1656 260 187

156 345 199 386 et
229 342 501 397 spectabilem
532 341 750 384 victoriam
784 341 979 384 ederetis.
1025 342 1261 398 Transigite
1291 353 1385 384 cum
1415 341 1655 397 expeditio-

155 417 298 469 nibus3
330 417 527 471 imponite
559 417 857 471 quinquaginta
889 417 1008 459 annis
1037 430 1230 472 magnum
1260 417 1395 468 diem3
1426 417 1654 472 adprobate

155 492 219 536 rei
251 491 442 547 publicae
474 504 683 545 nunquam
713 491 914 534 exercitui
953 491 1143 545 imputari
1180 492 1367 546 potuisse
1407 495 1476 535 aut
1514 502 1654 536 moras

155 566 254 611 belli
279 571 349 609 aut
380 578 530 609 causas
557 567 814 609 rebellandi'.

289 642 342 684 Et
368 641 620 696 adloquente
650 642 784 683 adhuc
823 641 1024 698 Agricola
1055 641 1227 684 militum
1266 640 1393 684 ardor
1431 641 1688 695 eminebat‚5

156 721 197 759 et
224 716 349 758 finem
379 716 581 758 orationis
613 717 763 772 ingens
797 716 990 759 alacritas
1035 720 1262 758 consecuta
1304 719 1392 768 est,
1434 716 1655 769 statimque

156 790 209 835 ad
238 803 352 833 arma
383 791 631 834 discursum.

693 791 914 833 Instinctos
954 794 1207 845 ruentesque
1251 791 1307 832 ita
1347 789 1573 844 disposuit,
1610 793 1656 832 ut

155 865 338 919 peditum
369 866 536 918 auxilia,
572 877 678 919 quae
706 870 801 907 octo
832 865 944 908 milia
975 870 1107 918 erant,
1139 865 1318 908 mediam
1350 864 1484 907 aciem
1512 864 1654 906 firma-

153 943 274 992 rent,
312 940 493 994 equitum
524 939 602 981 tria
641 939 754 982 milia
804 940 1001 982 cornibus
1046 939 1386 1000 adfunderentur.
1445 938 1655 993 Legiones

152 1025 233 1073 pro
278 1013 389 1056 vallo
429 1017 609 1066 stetere,
661 1013 811 1068 ingens
852 1014 1057 1056 victoriae
1098 1013 1228 1055 decus
1274 1014 1378 1056 citra
1422 1014 1652 1056 Romanum
1670 1025 1708 1056 ιο

155 1088 402 1144 sanguinem
433 1088 617 1141 bellanti,-
650 1092 690 1130 et
724 1088 935 1141 auxilium,
965 1089 1002 1130 si
1033 1088 1298 1143 pellerentur.

1360 1087 1652 1130 Britannorum

157 1164 271 1206 acies
301 1164 344 1205 in
375 1163 559 1218 speeiem
589 1163 710 1206 simul
742 1176 790 1206 ac
822 1168 1026 1206 terrorem
1060 1163 1304 1206 editioribus
1346 1162 1453 1205 locis
1489 1162 1652 1204 consti-

156 1242 279 1291 terat,
303 1238 359 1281 ita
389 1243 433 1280 ut
453 1239 629 1293 primum
649 1251 801 1294 agmen
823 1239 864 1280 in
889 1250 1038 1293 aequo,
1070 1239 1200 1281 ceteri
1231 1251 1307 1293 per
1327 1238 1488 1280 acclive
1511 1237 1653 1292 iugum

250 1397 285 1432 3.
311 1397 484 1442 imputare
511 1398 586 1432 I’A:
615 1398 771 1431 correxit
796 1397 1024 1432 Puteolanus

438 1447 492 1480 11.
522 1445 675 1480 bellandi
705 1448 737 1481 Γ
759 1451 794 1480 et
819 1445 1058 1480 Puteolanus:
1089 1445 1234 1480 bellanti
1259 1445 1464 1487 Rhenanus,
1491 1445 1598 1478 etiam
1624 1444 1660 1479 Λ

601 1495 655 1529 12.
685 1495 916 1529 constiterant
945 1496 1071 1528 vitium
1087 1494 1287 1529 Puteolani.

154 1444 331 1480 teolanus.

152 1493 315 1528 Dronkio
342 1495 536 1529 referente.

1131 1398 1165 1432 5.
1192 1397 1325 1431 milium
1351 1398 1438 1432 TA:
1459 1395 1558 1429 milia
1583 1394 1656 1428 Pu..

1344 1495 1399 1529 13.
1427 1494 1567 1538 aqmine
1592 1502 1656 1538 quo

155 1544 227 1586 ΓΔ,
255 1553 380 1589 aqmen
407 1554 517 1588 aequo
543 1544 651 1577 tacite
677 1542 891 1578 Rhenanus:
919 1544 1059 1589 aqmine
1085 1544 1123 1577 in
1149 1554 1259 1588 aequo
1286 1543 1312 1577 1.
1341 1542 1495 1576 Bekker.

158 1701 290 1735 iectum
331 1704 366 1734 et
410 1710 542 1734 novum
578 1700 686 1734 insert
723 1706 874 1735 extremo

156 1755 248 1783 metu
284 1759 454 1795 corpora,
494 1748 528 1783 h.
558 1760 589 1783 e.
629 1760 780 1794 corpora
812 1762 874 1783 ea:-

160 1804 268 1832 tremo
312 1803 403 1831 metu
442 1803 607 1843 correpta
654 1798 798 1840 (Leiber
837 1799 876 1832 in

158 1847 354 1892 a‘ufserster
378 1845 517 1894 Anyst)‚
554 1856 623 1891 quo
658 1846 877 1892 significavit

158 1899 340 1940 stuporem
366 1893 616 1928 Britannorum
655 1895 749 1928 iusto
786 1905 876 1929 con-

157 1943 240 1978 silio
277 1947 313 1977 et
352 1942 461 1976 animi
504 1944 642 1977 ratione
680 1945 876 1978 carentium

159 1997 194 2026 et
221 2001 330 2026 caeco
357 1992 530 2025 instinctu
556 1992 750 2037 agentium.
781 1991 876 2032 ‚Ali-

157 2044 214 2075 ter
246 2050 400 2087 corpora
426 2040 546 2083 posuit
572 2040 614 2074 H.
641 2039 672 2074 11
702 2042 765 2074 11:
795 2052 876 2086 spe-

159 2088 355 2123 culatorum
394 2087 487 2122 lecta
525 2099 687 2134 corpora.
738 2088 876 2123 Nomen

158 2138 271 2172 aciem
303 2138 340 2171 in
369 2140 541 2171 contextu
582 2138 702 2170 omisit
727 2137 875 2171 Rhena-

158 2196 247 2229 nus»,
275 2185 339 2220 sed
364 2195 553 2230 operarum
579 2187 690 2228 viti0‚
731 2190 769 2219 ut
795 2186 876 2220 col-

156 2234 233 2280 ligo
261 2245 306 2268 ex
331 2233 451 2268 verbis
486 2235 563 2268 eius
591 2235 627 2267 in
655 2232 876 2280 Castigatio-

160 2283 288 2316 nibus:
333 2282 507 2328 ‘sequitur
545 2282 696 2326 defixere
739 2283 874 2326 aciem,

157 2341 230 2364 non
256 2330 346 2364 dixit
372 2331 582 2364 constituere
608 2331 678 2364 sive
702 2331 875 2372 direxere,

159 2378 224 2414 sed
264 2379 437 2422 defixere,
475 2378 570 2423 quod
604 2377 756 2422 stupidis
791 2389 876 2422 prae

158 2432 256 2462 metu
282 2426 477 2461 conuenit’.
510 2425 665 2461 Orellius
678 2426 875 2460 Dronkium

159 2482 195 2511 et
230 2476 398 2511 Rothium
433 2480 577 2510 secutus
613 2474 712 2509 dedit
749 2475 876 2521 depre-

158 2525 260 2560 hensi
286 2530 387 2568 sum,-
423 2524 632 2558 novissimae
670 2535 727 2557 res
754 2529 786 2557 et
813 2535 876 2557 ex-

158 2580 266 2608 tremo
296 2579 387 2607 metu
414 2583 566 2618 corpora
586 2572 734 2615 defixere
751 2572 876 2614 aciem,

157 2621 411 2656 Doederlinius
439 2620 646 2667 deprehensi
671 2625 750 2654 sunt
759 2632 772 2663 ;
808 2631 876 2654 no-

158 2671 306 2711 vissime,
331 2670 369 2703 id
397 2675 447 2703 est
474 2674 626 2703 extremo
654 2674 763 2711 metu,
792 2680 876 2703 cor-

156 2729 249 2764 pora
277 2718 427 2761 desit-ere
454 2718 577 2751 aciem.

245 2789 430 2834 transigite
465 2799 540 2822 cum
574 2787 870 2832 expeditionibus.-

160 2838 206 2871 εἰ.
236 2837 274 2872 G.
307 2838 369 2872 19:
402 2849 478 2871 cum
502 2847 560 2882 spe
586 2842 728 2880 votoque
750 2837 873 2870 uxoris

158 2885 264 2920 semel
288 2886 506 2930 transiyitur.
620 2885 873 2930 quinquaqinta

159 2935 287 2969 annis.-
317 2934 452 2969 bellum
479 2936 645 2977 coeptum
669 2943 701 2967 a.
730 2932 800 2968 796
825 2949 871 2965 =

158 2983 218 3020 43.
269 2982 324 3019 Cr.
351 2981 421 3019 Dio
446 2981 506 3018 LX
533 2981 578 3020 19
611 2985 647 3016 et
688 2981 872 3018 annotatio

942 1702 985 1736 ad
1011 1702 1119 1736 'l'acit.
1141 1701 1277 1737 X1136.
1303 1701 1388 1736 Inde
1415 1711 1528 1747 usque
1556 1701 1599 1736 ad
1625 1711 1657 1736 a.

940 1751 1010 1785 837
1040 1750 1274 1797 quadraginta
1292 1751 1361 1784 duo
1377 1751 1459 1784 anni
1475 1750 1658 1796 colligun-

941 1804 997 1832 tur
1049 1802 1140 1843 (non
1185 1799 1446 1846 quinquaginta
1489 1798 1580 1841 duo,
1619 1803 1658 1832 ut

942 1848 1028 1881 dicit
1054 1847 1340 1893 Doederlinius),
1370 1847 1434 1881 sed
1452 1852 1571 1881 orator
1589 1858 1658 1882 nu-

941 1906 1039 1930 mero
1065 1896 1216 1930 rotundo
1247 1906 1331 1930 usus
1358 1900 1423 1930 est.

1014 1966 1099 2011 Cap.
1126 1968 1184 2003 35.
1212 1978 1299 2012 quae
1325 1972 1400 2000 octo
1415 1965 1515 2000 milia
1534 1971 1658 2001 erant.-

942 2014 1103 2049 codieum
1130 2016 1244 2050 forma
1271 2021 1347 2050 octo
1374 2015 1506 2049 milium
1533 2018 1594 2048 aut
1616 2026 1659 2048 ex

941 2068 1025 2097 nota
1063 2064 1112 2098 M.
1150 2074 1336 2109 perperam
1372 2063 1488 2098 soluta
1524 2067 1584 2096 aut
1618 2065 1660 2097 ad

940 2121 1071 2146 nomen
1105 2114 1255 2158 equitum
1294 2113 1428 2147 vitiose
1464 2111 1661 2148 assimilata

942 2165 1007 2194 est.

1015 2233 1164 2266 mediam
1189 2232 1300 2265 aciem
1322 2232 1526 2274 firmarent:
1563 2231 1598 2266 h.
1627 2244 1658 2266 c.

941 2280 1074 2314 firmam
1102 2280 1265 2314 facerent
1284 2278 1433 2312 mediam
1450 2281 1563 2313 aciem
1582 2280 1660 2325 (ein

941 2328 1052 2362 festes
1072 2327 1315 2362 Mitteltreffen
1342 2326 1482 2373 bilden)
1502 2340 1511 2370 3
1539 2337 1573 2361 v.
1592 2338 1659 2369 anq-

941 2380 1014 2410 not.
1045 2375 1087 2409 ad
1113 2387 1143 2409 c.
1166 2376 1221 2410 14.
1240 2374 1425 2409 Walchius
1440 2377 1660 2420 comparavit

940 2424 1032 2457 Livii
1083 2422 1176 2457 xxtl
1225 2423 1295 2459 46:
1347 2422 1506 2457 dextrum
1549 2435 1660 2458 cornu

943 2472 1102 2506 Numidis
1143 2472 1310 2516 equitibus
1350 2471 1490 2514 datum,
1543 2473 1659 2507 media

941 2521 1035 2555 acies
1061 2520 1231 2566 peditibus
1256 2521 1419 2564 firmata5
1454 2520 1566 2555 xxm
1592 2521 1654 2556 29:

941 2569 1118 2603 Asdrubal
1154 2569 1303 2603 mediam
1340 2569 1453 2602 aciem
1490 2569 1656 2615 Hispanis

936 2620 1066 2663 firmat.

1010 2700 1075 2735 per
1099 2687 1232 2722 acclive
1258 2689 1375 2733 iuyum
1401 2691 1551 2723 connexi
1568 2689 1658 2724 velut

938 2739 1186 2783 insurgerent.-
1214 2735 1327 2770 forma
1357 2736 1491 2771 codicis
1518 2740 1550 2772 Γ
1570 2749 1657 2772 con-

941 2787 1024 2820 nexi
1060 2796 1102 2819 ex
1133 2797 1156 2819 u
1190 2789 1225 2818 et
1250 2796 1272 2817 n
1315 2789 1447 2819 mutata
1479 2786 1657 2832 originem

944 2835 1055 2868 duxit.
1100 2834 1167 2876 Qui
1196 2834 1343 2866 convexi
1366 2834 1540 2880 (qewdlbt)
1567 2845 1656 2868 con-

943 2884 1130 2924 stiterunt,
1166 2881 1286 2914 iinon
1325 2881 1430 2916 modo
1467 2883 1657 2929 insurgunt

942 2930 1006 2965 sed
1041 2928 1146 2964 simul
1180 2927 1414 2964 demittuntur
1452 2931 1487 2964 in
1513 2930 1656 2966 diversa
1721 2973 1725 2977 .

942 2982 1062 3026 parte:
1098 2976 1161 3016 sed
1187 2976 1349 3018 Britanni
1372 2978 1505 3016 acclive
1530 2979 1654 3029 iugum
