1768 3216
129 237 151 262 a
176 225 219 264 G.
245 226 305 267 69-
641 228 778 266 LIBER
803 229 848 265 11.
903 229 990 275 GAr.
1018 230 1126 267 4-6.
1566 231 1639 267 105

83 340 85 342 ’
126 349 251 401 tuque
280 346 353 389 vix
384 360 407 390 a
438 348 638 403 gregario
667 347 796 390 milite
828 347 1098 402 discrepans3
1137 358 1340 402 prorsus,
1382 346 1419 390 si
1464 347 1639 391 avaritia

126 422 308 476 abesset,
341 424 520 478 antiquis
546 423 721 467 ducibus
751 437 841 478 par.
901 424 1139 466 Mucianum
1170 437 1194 466 e
1226 423 1438 466 contrario
1469 424 1640 480 magni-

125 496 293 540 ficentia
325 502 366 539 et
397 510 497 552 opes
541 503 581 540 et
622 503 772 541 cuncta
813 499 1019 553 privatum
1050 499 1217 541 modum
1255 511 1529 555 supergressa
1560 512 1639 542 ex-

127 571 348 624 tollebant3
381 573 516 627 aptior
537 585 752 627 sermone,
786 574 995 629 dispositu
1018 574 1272 629 provisuque
1295 575 1478 617 civilium
1498 587 1638 617 rerum

124 647 311 700 peritus:
358 649 576 704 egregium
625 650 883 704 principatus
924 654 1324 704 temperamentum,
1378 651 1415 692 si
1461 650 1668 705 demptis5

123 722 339 776 utriusque
368 723 480 764 vitiis
511 723 629 765 solae
659 724 834 766 virtutes
865 724 1157 767 miscerentur.
1220 725 1414 767 Ceterum
1452 724 1521 766 hic
1550 725 1636 780 Sy-

124 797 238 850 riae,
287 797 357 840 ille
388 798 570 840 Iudaeae
608 800 896 853 praepositus,
925 799 1077 844 vicinis
1107 800 1420 854 provinciarum
1452 800 1638 842 admini-

125 871 429 926 strationibuS‚·
452 872 611 914 invidia
643 873 889 926 discordes,
922 873 1037 916 exitu
1068 873 1232 916 demum
1262 874 1443 916 Neronis
1483 874 1635 928 positis

125 946 234 988 odiis
266 946 309 988 in
339 948 521 1008 medium
555 948 820 1020 consuluere,
851 948 1029 1003 primum
1057 961 1135 1004 per
1165 950 1345 991 amicos:
1379 949 1637 1011 dei-QPEQ-

125 1020 244 1076 cipua
277 1006 671 1065 concordifflsdes
702 1024 816 1066 Titus
846 1036 977 1078 prava
1016 1025 1245 1067 certamina
1277 1024 1487 1067 communi
1519 1024 1688 1067 utili-10

123 1086 494 1151 tate-affileffera‘t,
508 1089 673 1141 *natura
705 1104 827 1154 atque
845 1103 933 1142 arte
954 1100 1210 1155 compositus
1232 1100 1482 1143 adliciendis
1504 1100 1629 1142 etiam

121 1171 303 1214 Muciani
334 1174 534 1216 moribus.
595 1175 767 1217 Tribuni
799 1176 1153 1231 centurionesque
1193 1180 1233 1218 et
1261 1176 1411 1231 vulgus
1458 1176 1632 1218 militum

122 1245 326 1289 industria
359 1247 551 1302 licentia,
598 1262 674 1304 per
703 1250 877 1294 virtutes
907 1263 984 1305 per
1010 1251 1245 1305 voluptates
1264 1283 1277 1305 ,
1307 1255 1352 1292 ut
1382 1252 1533 1305 cuique
1564 1251 1633 1292 in-

79 1321 314 1377 6genium,
350 1323 710 1367 adsciscebantur.
771 1325 1006 1380 Antequam
1036 1327 1150 1368 Titus
1182 1327 1450 1380 adventaret,
1482 1339 1635 1370 sacra-

121 1401 304 1439 mentum
345 1398 522 1441 Othonis
563 1405 786 1456 acceperat
824 1406 1000 1456 uterque
1039 1403 1271 1456 exercitus,
1313 1403 1683 1458 praecipitibuS,1⁵

119 1476 164 1513 ut
193 1472 380 1527 adsolet,
432 1475 611 1529 nuntiis,
653 1480 694 1518 et
726 1477 845 1519 tarda
875 1478 986 1520 mole
1018 1478 1153 1520 civilis
1184 1478 1304 1531 belli,
1350 1479 1459 1533 qnod
1501 1479 1632 1536 longa

121 1548 352 1591 concordia
402 1549 566 1604 quietus
619 1551 772 1594 Oriens
820 1556 918 1593 tunc
969 1554 1147 1607 primum
1196 1554 1382 1608 parabat.
1443 1554 1630 1608 Namque

258 1711 290 1744 1.
314 1712 378 1745 uix
403 1714 616 1758 aqqreqario
642 1712 707 1748 Ma.
783 1714 817 1748 6.
844 1714 1024 1758 uir-iusque
1050 1712 1128 1747 Ma:
1159 1713 1187 1748 G
1214 1715 1406 1759 utriusque.
1484 1715 1516 1749 7.
1543 1714 1629 1749 illae

120 1757 245 1791 iudeae
264 1758 331 1802 Ma,
361 1759 421 1794 ille
447 1761 552 1795 iudae
580 1761 617 1796 G.
706 1764 741 1799 8.
770 1763 865 1797 emitti
891 1761 965 1796 Ma:
994 1762 1022 1796 G
1048 1763 1155 1797 emim.
1244 1765 1298 1797 11.
1327 1763 1388 1798 all.
1420 1761 1484 1798 Ma.
1572 1765 1628 1798 12.

119 1807 276 1840 mociani
300 1806 366 1842 Ma.
453 1810 574 1856 vulqus
600 1810 659 1846 Or.
754 1811 809 1849 15.
841 1811 1006 1862 precibus
1030 1811 1132 1848 GMfl:
1156 1812 1387 1860 precipitibus
1416 1812 1626 1851 Beroaldus.

127 1855 183 1890 17.
210 1867 376 1904 nanquae
401 1856 468 1895 Ma.

123 1990 168 2025 ad
193 1990 271 2025 XIII
296 1994 331 2029 2.
360 1992 528 2029 Ceterum
554 2001 592 2030 ut
622 1997 837 2044 inea-pertus,
910 2001 1051 2044 providi
1080 2000 1193 2036 ducis.
1258 2002 1302 2036 A.
1335 2002 1405 2038 20:
1447 2007 1629 2036 contracto

123 2041 328 2076 aRhenano
356 2045 465 2078 tacite
491 2049 527 2078 et
553 2046 642 2080 vitio
665 2047 839 2091 typothe-
912 2051 1068 2083 eaeercitu
1085 2050 1234 2084 mili-tum
1260 2051 1298 2084 in
1320 2052 1460 2096 aqmine
1481 2051 1631 2085 laudare

123 2093 203 2132 tae,
237 2095 275 2123 ut
301 2091 463 2137 videtur,
491 2094 527 2127 in
557 2100 728 2130 contextu
754 2107 841 2130 ver·
910 2098 1126 2141 modestiam,
1155 2099 1317 2134 disiectos
1338 2104 1524 2143 cocrcere3
1551 2100 1632 2134 loca

121 2137 247 2172 borum
274 2142 440 2185 positum,
468 2152 532 2186 pro
549 2145 726 2190 inexperti
747 2145 841 2179 scri-
913 2148 1039 2181 castris
1065 2148 1139 2193 ipse
1165 2159 1305 2194 capere,
1334 2153 1403 2183 cet.

123 2186 250 2230 batur,
282 2191 525 2225 necessarium
559 2193 647 2227 mihi
684 2193 838 2227 videtur.
982 2197 1099 2242 aptior
1115 2208 1295 2231 sermone:
1321 2207 1487 2232 sermone
1510 2198 1631 2242 aptio-

122 2234 209 2270 Nam
238 2237 379 2283 integra
405 2241 499 2284 quies
526 2252 617 2286 quae
645 2244 842 2286 praecessit
911 2255 986 2278 rem
1013 2245 1099 2278 dicit
1125 2248 1325 2291 (yefntyt'qer
1351 2248 1390 2280 in
1410 2246 1472 2279 der
1501 2245 1629 2280 Umer-

121 2294 245 2318 verum
284 2286 462 2331 laborem,
506 2289 777 2335 qualiscumque
810 2292 840 2324 is
911 2292 1084 2338 Ιιαιιαηῃ),
1120 2295 1181 2338 qui
1208 2294 1314 2328 modo
1340 2294 1559 2328 blandiendo
1587 2296 1631 2328 iis

107 2332 266 2384 'tandem
301 2335 523 2380 accipietur,
574 2338 744 2373 excludit.
798 2339 842 2373 Ut
912 2352 992 2374 cum
1018 2342 1146 2386 quibus
1164 2342 1390 2387 loquebatur,
1417 2343 1521 2377 modo
1538 2353 1632 2376 non-

121 2379 268 2415 alterius
304 2385 484 2418 exercitus
516 2386 623 2420 robur
659 2387 839 2421 discrimi-
911 2389 1010 2423 nulla
1041 2390 1273 2425 concedendo
1299 2392 1443 2426 facilins
1472 2402 1551 2425 cum
1566 2403 1631 2426 ce-

121 2429 224 2463 nibus
253 2435 288 2464 et
315 2431 438 2467 labore
465 2444 548 2477 non,
577 2439 616 2468 ιιι
640 2435 742 2478 alias,
772 2447 839 2469 ex-
910 2439 996 2472 teris
1047 2441 1261 2473 conveniret
1320 2451 1423 2485 quam
1474 2440 1630 2486 rigidum

120 2476 285 2512 haustum
313 2487 388 2515 erat
412 2482 472 2516 vel
499 2483 656 2517 accisum
682 2484 745 2518 sed
772 2495 839 2518 au-
912 2487 1122 2531 Vespasiani
1151 2488 1349 2534 ingenium.
1414 2488 1468 2522 Cf.
1499 2500 1530 2523 c.
1557 2489 1629 2524 86:

123 2531 234 2570 ctum,
269 2529 318 2562 ita
351 2532 456 2577 vigor
488 2531 640 2566 militurn
667 2533 838 2576 Syriaco-
908 2547 1066 2570 sermone
1089 2543 1281 2582 promptus,
1310 2538 1343 2572 h.
1364 2549 1394 2571 e.
1425 2539 1483 2582 qui
1508 2547 1629 2581 prom-

78 2549 88 2624 l
119 2584 193 2608 rum
223 2577 364 2623 integra
391 2580 514 2624 quiete
541 2591 582 2615 ac
600 2580 700 2615 nullo
714 2581 838 2616 labore
907 2589 968 2628 pto
995 2594 1162 2619 sermone
1191 2587 1312 2621 utitur.
1384 2586 1438 2620 De
1464 2587 1627 2620 Muciano

83 2625 88 2647 l
119 2633 210 2666 non,
255 2630 293 2658 ut
328 2626 404 2661 fere
442 2628 500 2671 fit,
543 2631 722 2663 extinctus
762 2636 838 2664 erat
908 2644 940 2667 v.
973 2633 1015 2668 H.
1046 2635 1058 2667 1
1090 2635 1145 2670 10.

86 2665 90 2686 '
118 2671 182 2705 sed
210 2674 399 2710 excitatus.
453 2676 634 2722 Ineoeperti
669 2685 836 2724 corrupte
978 2682 1017 2715 in
1043 2683 1192 2717 medium
1214 2683 1446 2717 consuluere.-
1474 2693 1626 2716 accusa-

118 2720 287 2774 scriptum
315 2727 368 2756 est
395 2734 415 2756 a
439 2723 587 2760 librario
610 2728 747 2773 antiqui
770 2739 836 2762 cu-
905 2731 1000 2764 tivus
1036 2742 1114 2765 cum
1149 2732 1421 2776 praepositione
1458 2731 1625 2765 effect-um
1645 2742 1653 2758 ι

119 2767 256 2823 iusdam
291 2771 446 2814 codicis,
483 2774 542 2817 qui
585 2776 701 2809 exitus
729 2777 835 2810 huius
906 2780 956 2812 rei
983 2780 1175 2825 significat,
1202 2780 1253 2813 ita
1279 2785 1315 2812 ut
1341 2778 1489 2812 medium
1511 2780 1623 2822 fieret,
1645 2772 1669 2850 ξ

122 2818 276 2850 nominis
303 2824 339 2852 et
375 2820 629 2866 subsequentis
664 2825 745 2859 belli
771 2836 836 2869 per
906 2827 939 2860 h.
970 2838 1001 2861 e.
1033 2829 1255 2861 consociatio
1290 2832 1325 2860 et
1361 2836 1559 2862 consensus
1586 2829 1645 2862 in'

120 2864 338 2901 assimilandi
395 2868 658 2904 aberrationem
722 2884 835 2907 exae-
906 2875 1067 2908 consiliis
1103 2875 1300 2919 capiendis.
1352 2874 1456 2910 Cous.
1502 2876 1542 2911 G.
1574 2878 1623 2913 46
1646 2849 1661 2901 ζ

125 2914 262 2957 quavit.
906 2927 996 2956 extr.
1025 2923 1064 2955 iu
1090 2923 1239 2956 medinm
1263 2923 1471 2968 relinquam.

194 2960 279 3006 Cap.
308 2964 342 2999 5.
381 2966 518 3001 anteire
548 2976 692 3012 aymen,
721 2969 834 3003 locum
978 2971 1152 3005 industria
1178 2971 1344 3014 licentia,
1387 2984 1452 3018 per
1475 2975 1621 3009 virtutes

120 3010 247 3050 castris
273 3023 419 3058 capere:
458 3015 599 3060 signnm
635 3018 770 3051 strenui
798 3019 834 3049 et
901 3030 965 3063 per
991 3018 1209 3065 voluptates.-
1234 3031 1267 3055 v.
1296 3025 1417 3056 annot.
1445 3021 1489 3056 ad
1513 3023 1559 3058 XI
1584 3023 1619 3060 6.
