1768 3216
189 274 239 310 48
800 272 923 309 GERM
929 273 1069 309 ANIAE

189 395 268 442 tur,
297 401 376 431 nec
405 388 648 442 publicanus
681 392 830 433 atterit.

890 392 1079 445 Exempti
1096 391 1294 434 oneribus
1316 396 1357 433 et
1377 391 1682 444 collationibus,

190 468 231 505 et
261 467 415 504 tantum
446 463 487 504 in
518 476 637 506 usum
667 465 922 519 proeliorum
953 466 1138 520 sepositi,
1170 466 1284 507 velut
1313 466 1395 508 tela
1411 470 1532 520 atque
1555 478 1682 519 arma,

188 537 310 579 bellis
349 542 630 580 reservantur.

187 623 306 667 gens.

691 540 766 581 Est
807 541 849 581 in
881 540 1030 582 eodem
1077 540 1280 594 obsequio
1319 545 1360 583 et
1399 540 1687 582 Mattiacorum

366 612 536 654 Protulit
567 613 675 655 enim
710 614 953 669 magnitudo
986 614 1127 668 populi
1157 615 1332 657 Romani
1359 614 1466 657 ultra
1499 614 1686 658 Rhenum

156 685 375 740 sultraque
406 690 570 730 veteres
601 689 802 731 terminos
834 689 995 742 imperii
1018 690 1310 731 reverentiam.

1371 689 1430 738 Ita
1460 688 1563 732 sede
1591 688 1688 730 fini-

187 760 347 814 busque
376 761 418 802 in
454 773 528 803 sua
556 762 661 816 ripa,
694 767 832 804 mente
864 763 1085 818 animoque
1113 763 1330 804 nobiscum
1361 767 1512 818 agunt,
1545 766 1686 811 cetera

188 835 346 878 similes
372 835 563 889 Batavis,
595 837 676 878 nisi
718 838 827 891 quod
871 838 963 892 ipso
1006 838 1141 879 adhuc
1183 842 1323 880 terrae
1361 850 1462 880 suae
1506 837 1598 880 solo
1647 841 1688 878 et

189 910 308 952 caelo
341 911 479 952 acrius
511 911 756 953 animantur.

331 984 423 1025 Non
455 986 761 1027 numeraverim
793 986 902 1027 inter
936 986 1183 1028 Germaniae
1212 985 1412 1039 populos,
1445 997 1688 1039 quamquam

142 1063 307 1104 intrans
338 1060 525 1102 Rhenum
551 1060 868 1113 Danuviumque
902 1060 1192 1111 consederint,
1229 1071 1303 1101 eos
1335 1060 1403 1114 qui
1449 1059 1687 1101 decumates

194 1147 321 1190 agros
352 1139 563 1176 exercent.

195 1209 346 1251 dubiae
392 1209 676 1262 possessionis
730 1209 862 1251 solum
917 1202 1230 1262 occupavere*

326 1363 360 1398 2.
389 1360 544 1408 filiorum
569 1360 605 1395 P.

266 1507 432 1552 antiquae
459 1507 638 1542 societatis
663 1508 822 1553 insigne:
847 1507 904 1541 di-

193 1557 242 1590 cit
267 1556 410 1590 dextras
435 1556 579 1602 insigne
607 1556 834 1599 concordiae,
861 1556 905 1589 de

194 1614 264 1650 quo
299 1615 334 1639 v.
375 1604 416 1638 H.
458 1604 470 1638 l
508 1606 574 1647 54²,
615 1604 647 1638 11
679 1605 714 1639 8.
840 1616 906 1638 nec

195 1652 330 1687 tributis
366 1658 655 1696 contemnuntur,
688 1664 755 1687 nec
786 1653 905 1699 publi-

197 1713 307 1736 canus
334 1703 479 1735 atterit:
507 1702 535 1736 H
562 1702 608 1736 lv
638 1703 699 1736 12:
734 1713 800 1735 nec
827 1703 905 1747 opi-

193 1750 252 1784 bus
280 1751 450 1784 Romanis
477 1771 523 1776 ——
563 1751 678 1784 attriti
701 1751 797 1784 viros
823 1756 906 1784 tan-

194 1805 264 1832 tum
303 1810 470 1844 armaque
502 1799 648 1844 imperio
681 1800 883 1833 ministrant
893 1810 906 1841 ‚·

194 1847 245 1881 11:
264 1847 293 1880 V
321 1849 389 1883 25:
414 1848 480 1881 sibi
505 1859 576 1880 non
603 1847 733 1881 tributa
756 1847 818 1882 sed
829 1848 906 1881 vir-

193 1901 297 1930 tutem
323 1902 355 1930 et
381 1897 475 1930 viros
499 1896 621 1930 indici.

270 1968 417 2012 exempti
445 1967 608 2000 oneribus
637 1972 668 2000 et
703 1966 906 2000 collationi-

201 2013 260 2048 bus
278 2027 289 2047 .·
318 2026 429 2048 onera
455 2019 537 2048 sunt
566 2015 698 2048 tributa
726 2020 761 2049 et
787 2016 907 2048 vecti-

197 2062 292 2106 galia
329 2063 527 2105 ordinaria,
569 2062 777 2097 collationes
808 2068 907 2097 extra

196 2110 359 2145 ordinem
387 2111 598 2155 postulatae.

269 2182 522 2216 Mattiacorum
535 2193 641 2226 qens:
656 2182 810 2216 Mattiaci
830 2182 906 2216 fere

198 2239 241 2262 ex
269 2232 420 2277 regione
447 2230 567 2274 oppidi
594 2231 812 2276 Mogontiaci
841 2230 906 2264 ha-

195 2277 357 2312 bitabant
386 2281 422 2313 in
451 2278 572 2313 dextra
600 2280 675 2323 ripa
703 2280 838 2321 Rheni,
874 2284 909 2313 et

196 2325 316 2361 fontes
354 2328 512 2362 Mattiaci
555 2327 615 2361 ubi
658 2339 752 2362 nunc
796 2327 908 2362 Wies-

196 2374 319 2409 hasten.
374 2375 428 2410 Cf.
457 2375 565 2409 Tacit.
598 2375 642 2410 XI
667 2377 725 2412 20.
772 2376 908 2410 Plinius

196 2422 305 2457 XXXI
357 2425 421 2458 17:
465 2430 544 2458 sunt
591 2431 620 2458 et
662 2425 826 2459 Mattiaci
870 2425 909 2458 in

200 2472 393 2505 Germania
417 2475 530 2516 fontes
565 2473 673 2507 calidi
697 2480 795 2506 trans
810 2473 908 2508 Rhe-

197 2530 292 2563 num,
323 2531 467 2563 quorum
482 2521 623 2555 haustus
643 2522 756 2555 triduo
777 2523 908 2564 fervet3

200 2569 298 2601 circa
326 2570 503 2613 maryines
539 2581 620 2603 vero
649 2571 821 2615 pumicem
846 2572 907 2613 sa-

199 2617 294 2650 ciunt
320 2628 443 2661 aquae.
498 2618 701 2650 Ammianus
727 2617 908 2651 Marcelli-

198 2675 264 2698 nus
291 2664 402 2699 XXIX
424 2666 448 2700 4
479 2667 515 2707 §.
544 2668 588 2702 3:
617 2671 837 2711 anteyressus
863 2666 910 2699 ad

200 2713 393 2748 Mattiacas
417 2725 539 2758 aquas.

271 2790 388 2818 terrae
414 2797 498 2819 suae
524 2786 596 2819 solo
623 2792 655 2820 et
688 2785 807 2820 caelo.-
842 2784 908 2818 ha-

199 2832 358 2867 bitabant
384 2835 420 2867 in
448 2834 537 2868 locis
565 2834 669 2868 editis
686 2840 720 2868 et
739 2833 907 2866 silvarum

199 2881 360 2924 saltibus,
390 2887 425 2916 et
453 2882 535 2916 hinc
558 2883 696 2917 caelum
724 2882 904 2927 rigoribus

199 2938 374 2973 asperum.

272 3000 466 3035 decumates
483 3011 588 3047 aqi-os
601 3007 765 3036 exercent
776 3012 788 3035 .·
803 3010 909 3049 agros

622 1134 876 1176 Levissimus
909 1135 1082 1188 quisque
1105 1133 1315 1175 Gallorum
1335 1138 1375 1174 et
1392 1133 1532 1187 inopia
1552 1133 1688 1175 audax

1274 1207 1372 1249 Mox
1420 1207 1550 1250 limite
1590 1211 1687 1249 acto

685 1362 741 1397 10.
771 1361 924 1397 ἀαηαόἱὰ
931 1372 963 1407 q‚·
988 1360 1024 1396 P.

974 1507 1124 1541 Romani
1151 1506 1387 1550 permiserant
1413 1515 1456 1539 ea
1482 1504 1689 1539 conditione

975 1560 1014 1588 ut
1062 1555 1231 1589 decumas
1278 1558 1436 1588 aratores
1489 1552 1685 1600 solverent.

977 1603 1044 1646 Qui
1090 1604 1167 1649 agri
1215 1613 1293 1637 cum
1339 1601 1450 1648 vulgo
1500 1601 1686 1636 decumani

976 1652 1226 1694 nominentur,
1261 1650 1401 1685 Tacitus
1439 1659 1536 1684 nove
1583 1650 1691 1684 decu-

975 1706 1084 1734 males
1109 1701 1251 1744 posuit,
1295 1700 1403 1745 idque
1429 1708 1500 1732 non
1526 1699 1605 1733 sine
1631 1709 1692 1733 ra-

976 1750 1076 1782 tione
1103 1759 1211 1782 ausus
1239 1752 1307 1782 est.
1341 1747 1568 1782 Decumanus
1596 1748 1690 1794 enim

977 1808 1065 1844 ager
1095 1798 1239 1842 proprie
1267 1800 1321 1831 est
1346 1796 1383 1830 in
1409 1796 1595 1840 provincia
1611 1796 1691 1830 fru-

977 1847 1176 1880 mentaria:
1204 1844 1258 1879 illi
1289 1849 1407 1879 autem
1434 1844 1512 1890 agri
1540 1846 1691 1888 provin-

977 1896 1070 1928 ciam
1093 1904 1164 1928 non
1187 1892 1405 1935 efficiebant,
1431 1893 1496 1927 sed
1515 1903 1692 1939 augmen-

976 1948 1048 1977 tum
1102 1947 1178 1977 erat
1225 1942 1422 1986 superioris
1467 1940 1690 1976 Germaniae.

975 1991 1054 2026 Non
1100 2002 1187 2025 vere
1230 1989 1386 2024 Ukertus
1415 1988 1532 2024 Germ.
1560 2000 1595 2034 p.
1621 1989 1693 2026 274

978 2040 1174 2073 decumates
1207 2039 1321 2083 primo
1363 2048 1446 2072 casu
1473 2038 1627 2082 positum
1656 2042 1692 2072 et

979 2088 1110 2121 dictum
1139 2087 1182 2121 de
1211 2086 1408 2120 cultoribus
1427 2087 1587 2130 accepit:
1612 2097 1691 2120 nam

977 2137 1029 2170 sic
1056 2135 1278 2169 divelluntur
1307 2145 1398 2180 quae
1425 2135 1527 2180 iungi
1555 2134 1691 2168 formae

977 2183 1176 2229 aequalitas
1213 2183 1392 2228 postulat,
1430 2187 1466 2216 et
1492 2194 1598 2227 agros
1624 2194 1689 2216 esc-

978 2238 1098 2266 ercent
1134 2233 1184 2266 ita
1219 2242 1291 2266 non
1330 2232 1408 2266 sine
1439 2230 1593 2265 infantia
1625 2231 1692 2265 ad-

978 2282 1135 2315 missum.

1051 2351 1158 2385 limite
1192 2356 1293 2386 acto.-
1339 2356 1418 2384 acto
1461 2350 1554 2386 idem
1597 2349 1693 2396 quod

974 2405 1158 2445 promoto.-
1200 2409 1281 2432 nam
1316 2399 1496 2443 praesidia
1531 2404 1692 2443 promota

979 2450 1014 2481 in
1060 2448 1138 2492 ipso
1192 2448 1306 2481 limite
1352 2452 1462 2482 erant.
1523 2447 1691 2481 Ceterum

978 2496 1183 2530 decumates
1218 2496 1294 2540 agri
1334 2496 1371 2528 in
1409 2506 1450 2530 ea
1477 2495 1688 2530 Germaniae

979 2549 1077 2588 parte
1104 2554 1196 2588 quae
1215 2553 1310 2576 nunc
1325 2543 1527 2586 appellatur
1540 2543 1691 2578 Schwa-

979 2593 1060 2634 ben,
1100 2596 1173 2625 tum
1219 2591 1255 2624 in
1293 2595 1409 2625 tractu
1450 2591 1624 2626 Rhenano
1671 2603 1691 2626 a

978 2641 1095 2674 Moeni
1134 2640 1227 2673 ostio
1273 2649 1386 2684 usque
1425 2639 1469 2673 ad
1509 2639 1688 2674 Nicerem.

979 2689 1032 2722 Cf.
1072 2689 1267 2722 Schwaben
1297 2693 1401 2721 unter
1441 2688 1509 2722 den
1535 2689 1691 2723 Romam

978 2758 1023 2763 —
1050 2748 1118 2771 von
1144 2736 1260 2771 Julius
1295 2735 1487 2770 Leichtlen.
1540 2736 1690 2771 Fribur-

979 2796 1046 2831 gae
1075 2785 1179 2820 1825.
1219 2785 1254 2819 8.
1306 2784 1407 2818 Alios
1442 2785 1502 2830 qui
1541 2785 1690 2819 eandem

978 2834 1226 2878 quaestionem
1261 2837 1473 2876 tractarunt,
1508 2835 1691 2868 recensuit

978 2882 1132 2916 Ukertus
1160 2881 1183 2915 l.
1213 2893 1243 2916 c.
1272 2891 1354 2926 pag.
1382 2881 1463 2916 267.
1558 2877 1567 2883 ³

1050 2951 1134 2995 Cap.
1170 2952 1228 2987 30.
1281 2952 1377 2986 ultra
1409 2952 1471 2986 hos
1499 2951 1618 2986 Chatti
1643 2971 1688 2978 —

977 3000 1174 3035 inchoant:
1199 3000 1261 3035 hos
1286 2999 1462 3049 intelligit
1488 3000 1549 3047 qui
1575 2999 1689 3035 decu-
