<?xml version="1.0" encoding="UTF-8"?>
<!DOCTYPE html PUBLIC "-//W3C//DTD XHTML 1.0 Transitional//EN"
    "http://www.w3.org/TR/xhtml1/DTD/xhtml1-transitional.dtd">
<html xmlns="http://www.w3.org/1999/xhtml" xml:lang="en" lang="en">
 <head>
  <title>
</title>
<meta http-equiv="Content-Type" content="text/html;charset=utf-8" />
  <meta name='ocr-system' content='tesseract 3.04.00' />
  <meta name='ocr-capabilities' content='ocr_page ocr_carea ocr_par ocr_line ocrx_word'/>
</head>
<body>
  <div class='ocr_page' id='page_1' title='image "./operaadcodicesan03taciuoft/operaadcodicesan03taciuoft_0050.png"; bbox 0 0 1768 3216; ppageno 0'>
   <div class='ocr_carea' id='block_1_1' title="bbox 0 1322 54 1363">
    <p class='ocr_par' dir='ltr' id='par_1_1' title="bbox 0 1322 54 1363">
     <span class='ocr_line' id='line_1_1' title="bbox 0 1322 54 1363; baseline 0.037 -2"><span class='ocrx_word' id='word_1_1' title='bbox 0 1322 54 1363; x_wconf 52' lang='lat'>(1111.</span> 
     </span>
    </p>
   </div>
   <div class='ocr_carea' id='block_1_2' title="bbox 0 1576 65 1616">
    <p class='ocr_par' dir='ltr' id='par_1_2' title="bbox 0 1576 65 1616">
     <span class='ocr_line' id='line_1_2' title="bbox 4 1576 63 1593; baseline 0 -3"><span class='ocrx_word' id='word_1_2' title='bbox 4 1576 11 1590; x_wconf 74' lang='grc' dir='ltr'>ι</span> <span class='ocrx_word' id='word_1_3' title='bbox 45 1576 63 1593; x_wconf 59' lang='grc' dir='ltr'>κ,</span> 
     </span>
     <span class='ocr_line' id='line_1_3' title="bbox 0 1594 65 1616; baseline 0 -4"><span class='ocrx_word' id='word_1_4' title='bbox 0 1594 65 1616; x_wconf 41' lang='lat' dir='ltr'>raus*</span> 
     </span>
    </p>
   </div>
   <div class='ocr_carea' id='block_1_3' title="bbox 84 1584 149 1612">
    <p class='ocr_par' dir='ltr' id='par_1_3' title="bbox 84 1584 149 1612">
     <span class='ocr_line' id='line_1_4' title="bbox 84 1584 149 1612; baseline 0.031 -2"><span class='ocrx_word' id='word_1_5' title='bbox 84 1584 149 1612; x_wconf 50' lang='lat'>224⁴«</span> 
     </span>
    </p>
   </div>
   <div class='ocr_carea' id='block_1_4' title="bbox 0 1642 88 1688">
    <p class='ocr_par' dir='ltr' id='par_1_4' title="bbox 0 1642 88 1688">
     <span class='ocr_line' id='line_1_5' title="bbox 0 1642 3 1651; baseline 0 0"><span class='ocrx_word' id='word_1_6' title='bbox 0 1642 3 1651; x_wconf 64' lang='grc'><strong>,</strong></span> 
     </span>
     <span class='ocr_line' id='line_1_6' title="bbox 0 1659 88 1688; baseline 0 0"><span class='ocrx_word' id='word_1_7' title='bbox 0 1668 22 1682; x_wconf 66' lang='lat'>——1</span> <span class='ocrx_word' id='word_1_8' title='bbox 55 1659 88 1688; x_wconf 65' lang='grc' dir='ltr'>ἐς</span> 
     </span>
    </p>
   </div>
   <div class='ocr_carea' id='block_1_5' title="bbox 90 1554 98 1572">
    <p class='ocr_par' dir='ltr' id='par_1_5' title="bbox 90 1554 98 1572">
     <span class='ocr_line' id='line_1_7' title="bbox 90 1554 98 1572; baseline 0 0"><span class='ocrx_word' id='word_1_9' title='bbox 90 1554 98 1572; x_wconf 84' lang='grc' dir='ltr'><strong><em>Ι</em></strong></span> 
     </span>
    </p>
   </div>
   <div class='ocr_carea' id='block_1_6' title="bbox 118 1002 439 1056">
    <p class='ocr_par' dir='ltr' id='par_1_6' title="bbox 118 1002 439 1056">
     <span class='ocr_line' id='line_1_8' title="bbox 118 1002 439 1056; baseline -0.012 -11"><span class='ocrx_word' id='word_1_10' title='bbox 118 1016 155 1045; x_wconf 72' lang='grc' dir='ltr'>ιο</span> <span class='ocrx_word' id='word_1_11' title='bbox 167 1002 439 1056; x_wconf 82' lang='lat' dir='ltr'>elanguescat.</span> 
     </span>
    </p>
   </div>
   <div class='ocr_carea' id='block_1_7' title="bbox 169 224 218 258">
    <p class='ocr_par' dir='ltr' id='par_1_7' title="bbox 169 224 218 258">
     <span class='ocr_line' id='line_1_9' title="bbox 169 224 218 258; baseline 0.02 -1"><span class='ocrx_word' id='word_1_12' title='bbox 169 224 218 258; x_wconf 80' lang='lat'>40</span> 
     </span>
    </p>
   </div>
   <div class='ocr_carea' id='block_1_8' title="bbox 750 206 1053 246">
    <p class='ocr_par' dir='ltr' id='par_1_8' title="bbox 750 206 1053 246">
     <span class='ocr_line' id='line_1_10' title="bbox 750 206 1053 246; baseline -0.013 -1"><span class='ocrx_word' id='word_1_13' title='bbox 750 206 1053 246; x_wconf 75' lang='lat' dir='ltr'><strong>HISTORIARVM</strong></span> 
     </span>
    </p>
   </div>
   <div class='ocr_carea' id='block_1_9' title="bbox 1434 198 1644 238">
    <p class='ocr_par' dir='ltr' id='par_1_9' title="bbox 1434 198 1644 238">
     <span class='ocr_line' id='line_1_11' title="bbox 1434 198 1644 238; baseline 0 -2"><span class='ocrx_word' id='word_1_14' title='bbox 1434 212 1466 236; x_wconf 85' lang='lat' dir='ltr'>a.</span> <span class='ocrx_word' id='word_1_15' title='bbox 1494 209 1532 237; x_wconf 73' lang='grc' dir='ltr'>ιι.</span> <span class='ocrx_word' id='word_1_16' title='bbox 1557 198 1644 238; x_wconf 78' lang='lat'>822.</span> 
     </span>
    </p>
   </div>
   <div class='ocr_carea' id='block_1_10' title="bbox 133 318 1649 978">
    <p class='ocr_par' dir='ltr' id='par_1_10' title="bbox 133 318 1649 978">
     <span class='ocr_line' id='line_1_12' title="bbox 166 318 1646 380; baseline -0.012 0"><span class='ocrx_word' id='word_1_17' title='bbox 166 339 260 380; x_wconf 91' lang='lat' dir='ltr'>dum</span> <span class='ocrx_word' id='word_1_18' title='bbox 300 334 448 377; x_wconf 90' lang='lat' dir='ltr'>ceteris</span> <span class='ocrx_word' id='word_1_19' title='bbox 487 331 721 380; x_wconf 87' lang='lat' dir='ltr'>videbatur,</span> <span class='ocrx_word' id='word_1_20' title='bbox 773 331 990 380; x_wconf 76' lang='lat' dir='ltr'><strong>antequam</strong></span> <span class='ocrx_word' id='word_1_21' title='bbox 1033 325 1245 365; x_wconf 81' lang='lat' dir='ltr'>cresceret</span> <span class='ocrx_word' id='word_1_22' title='bbox 1286 319 1469 363; x_wconf 85' lang='lat' dir='ltr'>invalida</span> <span class='ocrx_word' id='word_1_23' title='bbox 1508 318 1646 362; x_wconf 84' lang='lat' dir='ltr'>adhuc</span> 
     </span>
     <span class='ocr_line' id='line_1_13' title="bbox 166 394 1647 461; baseline -0.012 -7"><span class='ocrx_word' id='word_1_24' title='bbox 166 410 391 454; x_wconf 88' lang='lat' dir='ltr'>coniuratio</span> <span class='ocrx_word' id='word_1_25' title='bbox 421 417 654 461; x_wconf 89' lang='lat' dir='ltr'>paucorum.</span> <span class='ocrx_word' id='word_1_26' title='bbox 694 401 1006 456; x_wconf 89' lang='lat' dir='ltr'>Trepidaturum</span> <span class='ocrx_word' id='word_1_27' title='bbox 1037 398 1160 441; x_wconf 88' lang='lat' dir='ltr'>etiam</span> <span class='ocrx_word' id='word_1_28' title='bbox 1194 396 1416 449; x_wconf 81' lang='lat' dir='ltr'>Othonem,</span> <span class='ocrx_word' id='word_1_29' title='bbox 1451 394 1521 449; x_wconf 88' lang='lat' dir='ltr'>qui</span> <span class='ocrx_word' id='word_1_30' title='bbox 1552 394 1647 437; x_wconf 84' lang='lat' dir='ltr'>sur-</span> 
     </span>
     <span class='ocr_line' id='line_1_14' title="bbox 165 469 1646 538; baseline -0.009 -11"><span class='ocrx_word' id='word_1_31' title='bbox 165 487 233 527; x_wconf 93' lang='lat' dir='ltr'>tim</span> <span class='ocrx_word' id='word_1_32' title='bbox 264 484 485 538; x_wconf 85' lang='lat' dir='ltr'>digressus,</span> <span class='ocrx_word' id='word_1_33' title='bbox 515 479 565 521; x_wconf 86' lang='lat' dir='ltr'>ad</span> <span class='ocrx_word' id='word_1_34' title='bbox 597 479 765 533; x_wconf 83' lang='lat' dir='ltr'>ignaros</span> <span class='ocrx_word' id='word_1_35' title='bbox 788 476 951 528; x_wconf 86' lang='lat' dir='ltr'>inlatus,</span> <span class='ocrx_word' id='word_1_36' title='bbox 986 473 1247 516; x_wconf 80' lang='lat' dir='ltr'>cunctatione</span> <span class='ocrx_word' id='word_1_37' title='bbox 1268 483 1377 513; x_wconf 89' lang='lat' dir='ltr'>nunc</span> <span class='ocrx_word' id='word_1_38' title='bbox 1400 475 1440 513; x_wconf 90' lang='lat' dir='ltr'>et</span> <span class='ocrx_word' id='word_1_39' title='bbox 1462 469 1646 526; x_wconf 74' lang='lat' dir='ltr'>segnitia</span> 
     </span>
     <span class='ocr_line' id='line_1_15' title="bbox 165 545 1644 609; baseline -0.009 -9"><span class='ocrx_word' id='word_1_40' title='bbox 165 559 374 600; x_wconf 86' lang='lat' dir='ltr'>terentium</span> <span class='ocrx_word' id='word_1_41' title='bbox 404 560 560 609; x_wconf 88' lang='lat' dir='ltr'>tempus</span> <span class='ocrx_word' id='word_1_42' title='bbox 591 552 742 594; x_wconf 90' lang='lat' dir='ltr'>imitari</span> <span class='ocrx_word' id='word_1_43' title='bbox 771 551 998 605; x_wconf 89' lang='lat' dir='ltr'>principem</span> <span class='ocrx_word' id='word_1_44' title='bbox 1028 549 1173 590; x_wconf 91' lang='lat' dir='ltr'>discat.</span> <span class='ocrx_word' id='word_1_45' title='bbox 1206 547 1298 589; x_wconf 93' lang='lat' dir='ltr'>Non</span> <span class='ocrx_word' id='word_1_46' title='bbox 1323 545 1644 601; x_wconf 83' lang='lat' dir='ltr'>expectandum,</span> 
     </span>
     <span class='ocr_line' id='line_1_16' title="bbox 133 619 1646 684; baseline -0.007 -10"><span class='ocrx_word' id='word_1_47' title='bbox 133 638 205 676; x_wconf 76' lang='lat' dir='ltr'>sut</span> <span class='ocrx_word' id='word_1_48' title='bbox 248 630 482 684; x_wconf 89' lang='lat' dir='ltr'>compositis</span> <span class='ocrx_word' id='word_1_49' title='bbox 525 628 671 670; x_wconf 88' lang='lat' dir='ltr'>castris</span> <span class='ocrx_word' id='word_1_50' title='bbox 719 626 851 668; x_wconf 84' lang='lat' dir='ltr'>forum</span> <span class='ocrx_word' id='word_1_51' title='bbox 890 624 1057 667; x_wconf 86' lang='lat' dir='ltr'>invadat</span> <span class='ocrx_word' id='word_1_52' title='bbox 1093 627 1133 664; x_wconf 93' lang='lat' dir='ltr'>et</span> <span class='ocrx_word' id='word_1_53' title='bbox 1171 624 1465 677; x_wconf 79' lang='lat' dir='ltr'>prospectante</span> <span class='ocrx_word' id='word_1_54' title='bbox 1515 619 1646 664; x_wconf 81' lang='lat' dir='ltr'>Galba</span> 
     </span>
     <span class='ocr_line' id='line_1_17' title="bbox 163 695 1648 760; baseline -0.006 -13"><span class='ocrx_word' id='word_1_55' title='bbox 163 705 399 760; x_wconf 85' lang='lat' dir='ltr'>Capitolium</span> <span class='ocrx_word' id='word_1_56' title='bbox 431 703 565 754; x_wconf 85' lang='lat' dir='ltr'>adeat,</span> <span class='ocrx_word' id='word_1_57' title='bbox 599 702 692 743; x_wconf 93' lang='lat' dir='ltr'>dum</span> <span class='ocrx_word' id='word_1_58' title='bbox 725 699 920 755; x_wconf 82' lang='lat' dir='ltr'>egregius</span> <span class='ocrx_word' id='word_1_59' title='bbox 952 698 1176 752; x_wconf 88' lang='lat' dir='ltr'>imperator</span> <span class='ocrx_word' id='word_1_60' title='bbox 1207 709 1300 739; x_wconf 93' lang='lat' dir='ltr'>cum</span> <span class='ocrx_word' id='word_1_61' title='bbox 1330 696 1508 739; x_wconf 83' lang='lat' dir='ltr'>sortibus</span> <span class='ocrx_word' id='word_1_62' title='bbox 1536 695 1648 739; x_wconf 84' lang='lat' dir='ltr'>ami-</span> 
     </span>
     <span class='ocr_line' id='line_1_18' title="bbox 162 771 1648 822; baseline -0.006 0"><span class='ocrx_word' id='word_1_63' title='bbox 162 781 220 822; x_wconf 86' lang='lat' dir='ltr'>eis</span> <span class='ocrx_word' id='word_1_64' title='bbox 251 780 370 820; x_wconf 89' lang='lat' dir='ltr'>ianua</span> <span class='ocrx_word' id='word_1_65' title='bbox 401 790 448 819; x_wconf 90' lang='lat' dir='ltr'>ac</span> <span class='ocrx_word' id='word_1_66' title='bbox 478 777 616 818; x_wconf 90' lang='lat' dir='ltr'>limine</span> <span class='ocrx_word' id='word_1_67' title='bbox 647 780 765 816; x_wconf 91' lang='lat' dir='ltr'>tenus</span> <span class='ocrx_word' id='word_1_68' title='bbox 783 774 947 816; x_wconf 91' lang='lat' dir='ltr'>domum</span> <span class='ocrx_word' id='word_1_69' title='bbox 968 772 1107 814; x_wconf 89' lang='lat' dir='ltr'>cludit.</span> <span class='ocrx_word' id='word_1_70' title='bbox 1149 771 1424 814; x_wconf 90' lang='lat' dir='ltr'>Obsidionem</span> <span class='ocrx_word' id='word_1_71' title='bbox 1453 771 1648 814; x_wconf 87' lang='lat' dir='ltr'>nimirum</span> 
     </span>
     <span class='ocr_line' id='line_1_19' title="bbox 161 846 1649 904; baseline -0.003 -10"><span class='ocrx_word' id='word_1_72' title='bbox 161 854 432 895; x_wconf 83' lang='lat' dir='ltr'>toleraturos:</span> <span class='ocrx_word' id='word_1_73' title='bbox 477 855 516 892; x_wconf 91' lang='lat' dir='ltr'>et</span> <span class='ocrx_word' id='word_1_74' title='bbox 543 850 798 904; x_wconf 88' lang='lat' dir='ltr'>praeclarum</span> <span class='ocrx_word' id='word_1_75' title='bbox 830 849 870 889; x_wconf 91' lang='lat' dir='ltr'>in</span> <span class='ocrx_word' id='word_1_76' title='bbox 902 847 1035 890; x_wconf 89' lang='lat' dir='ltr'>servis</span> <span class='ocrx_word' id='word_1_77' title='bbox 1067 846 1289 899; x_wconf 88' lang='lat' dir='ltr'>auxilium,</span> <span class='ocrx_word' id='word_1_78' title='bbox 1338 846 1375 888; x_wconf 94' lang='lat' dir='ltr'>si</span> <span class='ocrx_word' id='word_1_79' title='bbox 1414 857 1649 889; x_wconf 75' lang='lat' dir='ltr'>consensus</span> 
     </span>
     <span class='ocr_line' id='line_1_20' title="bbox 163 920 1648 978; baseline -0.004 -9"><span class='ocrx_word' id='word_1_80' title='bbox 163 931 299 969; x_wconf 88' lang='lat' dir='ltr'>tantae</span> <span class='ocrx_word' id='word_1_81' title='bbox 330 926 591 967; x_wconf 86' lang='lat' dir='ltr'>multitudinis</span> <span class='ocrx_word' id='word_1_82' title='bbox 624 929 676 976; x_wconf 85' lang='lat' dir='ltr'>et,</span> <span class='ocrx_word' id='word_1_83' title='bbox 710 935 813 977; x_wconf 87' lang='lat' dir='ltr'>quae</span> <span class='ocrx_word' id='word_1_84' title='bbox 843 922 1058 977; x_wconf 91' lang='lat' dir='ltr'>plurimum</span> <span class='ocrx_word' id='word_1_85' title='bbox 1088 922 1221 974; x_wconf 87' lang='lat' dir='ltr'>valet,</span> <span class='ocrx_word' id='word_1_86' title='bbox 1252 921 1385 976; x_wconf 87' lang='lat' dir='ltr'>prima</span> <span class='ocrx_word' id='word_1_87' title='bbox 1414 920 1648 978; x_wconf 79' lang='lat' dir='ltr'>indignatio</span> 
     </span>
    </p>
   </div>
   <div class='ocr_carea' id='block_1_11' title="bbox 498 997 1247 1052">
    <p class='ocr_par' dir='ltr' id='par_1_11' title="bbox 498 997 1247 1052">
     <span class='ocr_line' id='line_1_21' title="bbox 498 997 1247 1052; baseline -0.004 -11"><span class='ocrx_word' id='word_1_88' title='bbox 498 999 672 1041; x_wconf 88' lang='lat' dir='ltr'>Proinde</span> <span class='ocrx_word' id='word_1_89' title='bbox 713 999 838 1040; x_wconf 86' lang='lat' dir='ltr'>intuta</span> <span class='ocrx_word' id='word_1_90' title='bbox 885 1009 989 1052; x_wconf 87' lang='lat' dir='ltr'>quae</span> <span class='ocrx_word' id='word_1_91' title='bbox 1030 997 1247 1039; x_wconf 90' lang='lat' dir='ltr'>indecora.</span> 
     </span>
    </p>
   </div>
   <div class='ocr_carea' id='block_1_12' title="bbox 1308 995 1650 1039">
    <p class='ocr_par' dir='ltr' id='par_1_12' title="bbox 1308 995 1650 1039">
     <span class='ocr_line' id='line_1_22' title="bbox 1308 995 1650 1039; baseline 0 -1"><span class='ocrx_word' id='word_1_92' title='bbox 1308 996 1383 1039; x_wconf 85' lang='lat' dir='ltr'>Vel</span> <span class='ocrx_word' id='word_1_93' title='bbox 1423 996 1462 1039; x_wconf 92' lang='lat' dir='ltr'>si</span> <span class='ocrx_word' id='word_1_94' title='bbox 1492 995 1650 1039; x_wconf 83' lang='lat' dir='ltr'>cadere</span> 
     </span>
    </p>
   </div>
   <div class='ocr_carea' id='block_1_13' title="bbox 0 1071 1718 1416">
    <p class='ocr_par' dir='ltr' id='par_1_13' title="bbox 0 1071 1718 1416">
     <span class='ocr_line' id='line_1_23' title="bbox 164 1071 1647 1128; baseline -0.002 -11"><span class='ocrx_word' id='word_1_95' title='bbox 164 1088 338 1117; x_wconf 90' lang='lat' dir='ltr'>necesse</span> <span class='ocrx_word' id='word_1_96' title='bbox 376 1076 448 1128; x_wconf 91' lang='lat' dir='ltr'>sit,</span> <span class='ocrx_word' id='word_1_97' title='bbox 488 1073 786 1116; x_wconf 89' lang='lat' dir='ltr'>occurrendum</span> <span class='ocrx_word' id='word_1_98' title='bbox 825 1072 1077 1114; x_wconf 89' lang='lat' dir='ltr'>discrimini:</span> <span class='ocrx_word' id='word_1_99' title='bbox 1117 1072 1158 1114; x_wconf 92' lang='lat' dir='ltr'>id</span> <span class='ocrx_word' id='word_1_100' title='bbox 1198 1071 1353 1114; x_wconf 90' lang='lat' dir='ltr'>Othoni</span> <span class='ocrx_word' id='word_1_101' title='bbox 1395 1071 1647 1114; x_wconf 83' lang='lat' dir='ltr'>invidiosius</span> 
     </span>
     <span class='ocr_line' id='line_1_24' title="bbox 166 1145 1648 1203; baseline 0 -13"><span class='ocrx_word' id='word_1_102' title='bbox 166 1153 205 1191; x_wconf 88' lang='lat' dir='ltr'>et</span> <span class='ocrx_word' id='word_1_103' title='bbox 254 1150 350 1203; x_wconf 92' lang='lat' dir='ltr'>ipsis</span> <span class='ocrx_word' id='word_1_104' title='bbox 401 1149 628 1191; x_wconf 91' lang='lat' dir='ltr'>honestum.</span> <span class='ocrx_word' id='word_1_105' title='bbox 687 1148 997 1202; x_wconf 82' lang='lat' dir='ltr'>Repugnantem</span> <span class='ocrx_word' id='word_1_106' title='bbox 1044 1147 1141 1189; x_wconf 91' lang='lat' dir='ltr'>huic</span> <span class='ocrx_word' id='word_1_107' title='bbox 1194 1147 1430 1190; x_wconf 87' lang='lat' dir='ltr'>sententiae</span> <span class='ocrx_word' id='word_1_108' title='bbox 1481 1145 1648 1190; x_wconf 84' lang='lat' dir='ltr'>Vinium</span> 
     </span>
     <span class='ocr_line' id='line_1_25' title="bbox 164 1221 1648 1277; baseline 0.001 -13"><span class='ocrx_word' id='word_1_109' title='bbox 164 1223 272 1264; x_wconf 91' lang='lat' dir='ltr'>Laco</span> <span class='ocrx_word' id='word_1_110' title='bbox 306 1223 520 1263; x_wconf 89' lang='lat' dir='ltr'>minaciter</span> <span class='ocrx_word' id='word_1_111' title='bbox 543 1222 704 1275; x_wconf 88' lang='lat' dir='ltr'>invasit,</span> <span class='ocrx_word' id='word_1_112' title='bbox 737 1221 970 1264; x_wconf 89' lang='lat' dir='ltr'>stimulante</span> <span class='ocrx_word' id='word_1_113' title='bbox 1001 1222 1113 1264; x_wconf 92' lang='lat' dir='ltr'>Icelo</span> <span class='ocrx_word' id='word_1_114' title='bbox 1144 1222 1294 1276; x_wconf 89' lang='lat' dir='ltr'>privati</span> <span class='ocrx_word' id='word_1_115' title='bbox 1312 1221 1399 1264; x_wconf 90' lang='lat' dir='ltr'>odii</span> <span class='ocrx_word' id='word_1_116' title='bbox 1415 1221 1648 1277; x_wconf 75' lang='lat' dir='ltr'>pertinacia</span> 
     </span>
     <span class='ocr_line' id='line_1_26' title="bbox 164 1297 1718 1363; baseline 0.003 -26"><span class='ocrx_word' id='word_1_117' title='bbox 164 1297 206 1338; x_wconf 89' lang='lat' dir='ltr'>in</span> <span class='ocrx_word' id='word_1_118' title='bbox 236 1297 444 1351; x_wconf 89' lang='lat' dir='ltr'>publicum</span> <span class='ocrx_word' id='word_1_119' title='bbox 476 1298 655 1339; x_wconf 82' lang='lat' dir='ltr'>exitium.</span> <span class='ocrx_word' id='word_1_120' title='bbox 703 1298 789 1340; x_wconf 91' lang='lat' dir='ltr'>Nec</span> <span class='ocrx_word' id='word_1_121' title='bbox 821 1297 971 1339; x_wconf 88' lang='lat' dir='ltr'>diutius</span> <span class='ocrx_word' id='word_1_122' title='bbox 991 1297 1119 1339; x_wconf 84' lang='lat' dir='ltr'>Galba</span> <span class='ocrx_word' id='word_1_123' title='bbox 1147 1301 1363 1339; x_wconf 90' lang='lat' dir='ltr'>cunctatus</span> <span class='ocrx_word' id='word_1_124' title='bbox 1386 1297 1718 1363; x_wconf 60' lang='lat' dir='ltr'>speciosiorum</span> 
     </span>
     <span class='ocr_line' id='line_1_27' title="bbox 0 1371 1649 1416; baseline 0.002 -5"><span class='ocrx_word' id='word_1_125' title='bbox 0 1396 54 1416; x_wconf 50' lang='lat' dir='ltr'>‚U</span> <span class='ocrx_word' id='word_1_126' title='bbox 111 1371 419 1414; x_wconf 84' lang='lat' dir='ltr'>1⁵suadentibus</span> <span class='ocrx_word' id='word_1_127' title='bbox 461 1373 649 1413; x_wconf 88' lang='lat' dir='ltr'>accessit.</span> <span class='ocrx_word' id='word_1_128' title='bbox 709 1373 962 1414; x_wconf 88' lang='lat' dir='ltr'>Praemissus</span> <span class='ocrx_word' id='word_1_129' title='bbox 1007 1377 1145 1414; x_wconf 90' lang='lat' dir='ltr'>tamen</span> <span class='ocrx_word' id='word_1_130' title='bbox 1191 1372 1232 1414; x_wconf 93' lang='lat' dir='ltr'>in</span> <span class='ocrx_word' id='word_1_131' title='bbox 1285 1375 1425 1414; x_wconf 88' lang='lat' dir='ltr'>castra</span> <span class='ocrx_word' id='word_1_132' title='bbox 1469 1371 1564 1415; x_wconf 90' lang='lat' dir='ltr'>Piso</span> <span class='ocrx_word' id='word_1_133' title='bbox 1605 1376 1649 1415; x_wconf 87' lang='lat' dir='ltr'>ut</span> 
     </span>
    </p>
   </div>
   <div class='ocr_carea' id='block_1_14' title="bbox 62 1446 1648 1651">
    <p class='ocr_par' dir='ltr' id='par_1_14' title="bbox 62 1446 1648 1651">
     <span class='ocr_line' id='line_1_28' title="bbox 62 1446 1645 1502; baseline 0.003 -16"><span class='ocrx_word' id='word_1_134' title='bbox 62 1449 70 1455; x_wconf 56' lang='lat'><em>²</em></span> <span class='ocrx_word' id='word_1_135' title='bbox 91 1447 111 1459; x_wconf 73' lang='lat'>‘¹</span> <span class='ocrx_word' id='word_1_136' title='bbox 133 1459 138 1464; x_wconf 79' lang='lat'><strong>·</strong></span> <span class='ocrx_word' id='word_1_137' title='bbox 159 1446 316 1487; x_wconf 86' lang='lat' dir='ltr'>iuvenis</span> <span class='ocrx_word' id='word_1_138' title='bbox 347 1459 494 1502; x_wconf 86' lang='lat' dir='ltr'>magno</span> <span class='ocrx_word' id='word_1_139' title='bbox 526 1448 704 1501; x_wconf 85' lang='lat' dir='ltr'>nomine,</span> <span class='ocrx_word' id='word_1_140' title='bbox 733 1448 891 1489; x_wconf 86' lang='lat' dir='ltr'>recenti</span> <span class='ocrx_word' id='word_1_141' title='bbox 925 1448 1086 1500; x_wconf 87' lang='lat' dir='ltr'>favore,</span> <span class='ocrx_word' id='word_1_142' title='bbox 1119 1452 1160 1489; x_wconf 88' lang='lat' dir='ltr'>et</span> <span class='ocrx_word' id='word_1_143' title='bbox 1187 1447 1376 1490; x_wconf 87' lang='lat' dir='ltr'>infensus</span> <span class='ocrx_word' id='word_1_144' title='bbox 1396 1447 1488 1490; x_wconf 89' lang='lat' dir='ltr'>Tito</span> <span class='ocrx_word' id='word_1_145' title='bbox 1505 1446 1645 1501; x_wconf 88' lang='lat' dir='ltr'>Vinio,</span> 
     </span>
     <span class='ocr_line' id='line_1_29' title="bbox 136 1521 1645 1585; baseline 0.003 -24.864"><span class='ocrx_word' id='word_1_146' title='bbox 136 1532 233 1570; x_wconf 33' lang='lat' dir='ltr'>,seu</span> <span class='ocrx_word' id='word_1_147' title='bbox 263 1521 355 1573; x_wconf 88' lang='lat' dir='ltr'>quia</span> <span class='ocrx_word' id='word_1_148' title='bbox 387 1525 486 1573; x_wconf 89' lang='lat' dir='ltr'>erat,</span> <span class='ocrx_word' id='word_1_149' title='bbox 518 1534 591 1562; x_wconf 92' lang='lat' dir='ltr'>seu</span> <span class='ocrx_word' id='word_1_150' title='bbox 622 1522 713 1575; x_wconf 91' lang='lat' dir='ltr'>quia</span> <span class='ocrx_word' id='word_1_151' title='bbox 745 1521 837 1564; x_wconf 89' lang='lat' dir='ltr'>irati</span> <span class='ocrx_word' id='word_1_152' title='bbox 868 1522 924 1564; x_wconf 87' lang='lat' dir='ltr'>ita</span> <span class='ocrx_word' id='word_1_153' title='bbox 959 1522 1157 1585; x_wconf 74' lang='lat' dir='ltr'>volebant</span> <span class='ocrx_word' id='word_1_154' title='bbox 1168 1535 1180 1573; x_wconf 84' lang='lat'><em>3</em></span> <span class='ocrx_word' id='word_1_155' title='bbox 1213 1526 1253 1564; x_wconf 90' lang='lat' dir='ltr'>et</span> <span class='ocrx_word' id='word_1_156' title='bbox 1282 1522 1447 1564; x_wconf 84' lang='lat' dir='ltr'>facilius</span> <span class='ocrx_word' id='word_1_157' title='bbox 1471 1522 1525 1564; x_wconf 88' lang='lat' dir='ltr'>de</span> <span class='ocrx_word' id='word_1_158' title='bbox 1546 1522 1645 1565; x_wconf 89' lang='lat' dir='ltr'>odio</span> 
     </span>
     <span class='ocr_line' id='line_1_30' title="bbox 151 1587 1648 1651; baseline 0.004 -17"><span class='ocrx_word' id='word_1_159' title='bbox 151 1594 351 1636; x_wconf 72' lang='lat' dir='ltr'>creditur.</span> <span class='ocrx_word' id='word_1_160' title='bbox 413 1595 585 1638; x_wconf 83' lang='lat' dir='ltr'>Vixdum</span> <span class='ocrx_word' id='word_1_161' title='bbox 619 1608 790 1651; x_wconf 87' lang='lat' dir='ltr'>egresso</span> <span class='ocrx_word' id='word_1_162' title='bbox 828 1597 979 1640; x_wconf 93' lang='lat' dir='ltr'>Pisone</span> <span class='ocrx_word' id='word_1_163' title='bbox 995 1587 1205 1640; x_wconf 11' lang='lat' dir='ltr'>&amp;occisum</span> <span class='ocrx_word' id='word_1_164' title='bbox 1246 1598 1288 1639; x_wconf 93' lang='lat' dir='ltr'>in</span> <span class='ocrx_word' id='word_1_165' title='bbox 1327 1597 1478 1640; x_wconf 88' lang='lat' dir='ltr'>castris</span> <span class='ocrx_word' id='word_1_166' title='bbox 1511 1597 1648 1640; x_wconf 90' lang='lat' dir='ltr'>Otho-</span> 
     </span>
    </p>
   </div>
   <div class='ocr_carea' id='block_1_15' title="bbox 291 1726 1649 1769">
    <p class='ocr_par' dir='ltr' id='par_1_15' title="bbox 291 1726 1649 1769">
     <span class='ocr_line' id='line_1_31' title="bbox 291 1726 1649 1769; baseline 0.004 -11"><span class='ocrx_word' id='word_1_167' title='bbox 291 1726 323 1759; x_wconf 93' lang='lat'>7.</span> <span class='ocrx_word' id='word_1_168' title='bbox 353 1726 457 1760; x_wconf 83' lang='lat' dir='ltr'>cludit</span> <span class='ocrx_word' id='word_1_169' title='bbox 483 1726 544 1769; x_wconf 69' lang='lat' dir='ltr'>Ma,</span> <span class='ocrx_word' id='word_1_170' title='bbox 575 1728 703 1762; x_wconf 79' lang='lat' dir='ltr'>claudit</span> <span class='ocrx_word' id='word_1_171' title='bbox 731 1727 768 1763; x_wconf 88' lang='lat' dir='ltr'>G.</span> <span class='ocrx_word' id='word_1_172' title='bbox 821 1729 997 1763; x_wconf 81' lang='lat' dir='ltr'>obsidione</span> <span class='ocrx_word' id='word_1_173' title='bbox 1023 1750 1068 1755; x_wconf 91' lang='lat'><strong>—</strong></span> <span class='ocrx_word' id='word_1_174' title='bbox 1096 1729 1308 1763; x_wconf 79' lang='lat' dir='ltr'>toleraturos</span> <span class='ocrx_word' id='word_1_175' title='bbox 1335 1728 1412 1763; x_wconf 65' lang='lat' dir='ltr'>Ma:</span> <span class='ocrx_word' id='word_1_176' title='bbox 1434 1729 1649 1764; x_wconf 73' lang='lat' dir='ltr'>obsidionem</span> 
     </span>
    </p>
   </div>
   <div class='ocr_carea' id='block_1_16' title="bbox 160 1772 501 1810">
    <p class='ocr_par' dir='ltr' id='par_1_16' title="bbox 160 1772 501 1810">
     <span class='ocr_line' id='line_1_32' title="bbox 160 1772 501 1810; baseline 0.015 -5"><span class='ocrx_word' id='word_1_177' title='bbox 160 1793 204 1799; x_wconf 89' lang='lat'>—</span> <span class='ocrx_word' id='word_1_178' title='bbox 231 1772 437 1808; x_wconf 80' lang='lat' dir='ltr'>toleraturus</span> <span class='ocrx_word' id='word_1_179' title='bbox 463 1775 501 1810; x_wconf 91' lang='lat' dir='ltr'>G.</span> 
     </span>
    </p>
   </div>
   <div class='ocr_carea' id='block_1_17' title="bbox 160 1776 1417 1872">
    <p class='ocr_par' dir='ltr' id='par_1_17' title="bbox 160 1776 1417 1872">
     <span class='ocr_line' id='line_1_33' title="bbox 575 1776 1019 1812; baseline 0.005 -2"><span class='ocrx_word' id='word_1_180' title='bbox 575 1777 609 1810; x_wconf 91' lang='lat'>8.</span> <span class='ocrx_word' id='word_1_181' title='bbox 640 1778 808 1811; x_wconf 58' lang='lat' dir='ltr'>consensu</span> <span class='ocrx_word' id='word_1_182' title='bbox 832 1784 926 1812; x_wconf 79' lang='lat' dir='ltr'>tante</span> <span class='ocrx_word' id='word_1_183' title='bbox 955 1776 1019 1812; x_wconf 51' lang='grc' dir='ltr'>ΜΒ,</span> 
     </span>
     <span class='ocr_line' id='line_1_34' title="bbox 160 1819 1417 1872; baseline 0.006 -19"><span class='ocrx_word' id='word_1_184' title='bbox 160 1819 234 1854; x_wconf 72' lang='lat' dir='ltr'>Ma:</span> <span class='ocrx_word' id='word_1_185' title='bbox 263 1824 413 1855; x_wconf 88' lang='lat' dir='ltr'>correxit</span> <span class='ocrx_word' id='word_1_186' title='bbox 439 1823 507 1858; x_wconf 86' lang='lat' dir='ltr'>lac.</span> <span class='ocrx_word' id='word_1_187' title='bbox 534 1823 743 1868; x_wconf 83' lang='lat' dir='ltr'>Gronovius,</span> <span class='ocrx_word' id='word_1_188' title='bbox 768 1826 964 1872; x_wconf 63' lang='lat' dir='ltr'>indignatio</span> <span class='ocrx_word' id='word_1_189' title='bbox 991 1826 1198 1871; x_wconf 69' lang='lat' dir='ltr'>lanquescat</span> <span class='ocrx_word' id='word_1_190' title='bbox 1225 1826 1253 1861; x_wconf 91' lang='lat' dir='ltr'><strong>G</strong></span> <span class='ocrx_word' id='word_1_191' title='bbox 1280 1832 1316 1861; x_wconf 83' lang='lat' dir='ltr'>et</span> <span class='ocrx_word' id='word_1_192' title='bbox 1342 1826 1417 1861; x_wconf 80' lang='lat' dir='ltr'>alii.</span> 
     </span>
    </p>
   </div>
   <div class='ocr_carea' id='block_1_18' title="bbox 1103 1778 1650 1863">
    <p class='ocr_par' dir='ltr' id='par_1_18' title="bbox 1103 1778 1650 1863">
     <span class='ocr_line' id='line_1_35' title="bbox 1103 1778 1650 1862; baseline 0.002 -49"><span class='ocrx_word' id='word_1_193' title='bbox 1103 1778 1137 1813; x_wconf 89' lang='lat'>9.</span> <span class='ocrx_word' id='word_1_194' title='bbox 1166 1778 1412 1823; x_wconf 73' lang='lat' dir='ltr'>indiynatione</span> <span class='ocrx_word' id='word_1_195' title='bbox 1442 1778 1650 1862; x_wconf 63' lang='lat' dir='ltr'>lanlqlueseal</span> 
     </span>
     <span class='ocr_line' id='line_1_36' title="bbox 1544 1838 1648 1863; baseline 0.019 -2"><span class='ocrx_word' id='word_1_196' title='bbox 1544 1852 1551 1861; x_wconf 93' lang='lat'>.</span> <span class='ocrx_word' id='word_1_197' title='bbox 1582 1838 1648 1863; x_wconf 80' lang='lat' dir='ltr'>oe-</span> 
     </span>
    </p>
   </div>
   <div class='ocr_carea' id='block_1_19' title="bbox 162 1869 1663 1921">
    <p class='ocr_par' dir='ltr' id='par_1_19' title="bbox 162 1869 1663 1921">
     <span class='ocr_line' id='line_1_37' title="bbox 162 1869 1663 1921; baseline 0.007 -20"><span class='ocrx_word' id='word_1_198' title='bbox 162 1869 347 1903; x_wconf 83' lang='lat' dir='ltr'>curendum</span> <span class='ocrx_word' id='word_1_199' title='bbox 373 1870 464 1905; x_wconf 69' lang='lat' dir='ltr'>Gna.</span> <span class='ocrx_word' id='word_1_200' title='bbox 517 1873 573 1906; x_wconf 83' lang='lat'>13.</span> <span class='ocrx_word' id='word_1_201' title='bbox 599 1874 733 1908; x_wconf 85' lang='lat' dir='ltr'>hicaelo</span> <span class='ocrx_word' id='word_1_202' title='bbox 758 1874 821 1910; x_wconf 75' lang='lat' dir='ltr'>Ma.</span> <span class='ocrx_word' id='word_1_203' title='bbox 875 1876 929 1910; x_wconf 86' lang='lat'>15.</span> <span class='ocrx_word' id='word_1_204' title='bbox 954 1876 1143 1921; x_wconf 76' lang='lat' dir='ltr'>premissus</span> <span class='ocrx_word' id='word_1_205' title='bbox 1170 1874 1234 1910; x_wconf 74' lang='lat' dir='ltr'>Ma.</span> <span class='ocrx_word' id='word_1_206' title='bbox 1290 1876 1344 1911; x_wconf 90' lang='lat'>17.</span> <span class='ocrx_word' id='word_1_207' title='bbox 1369 1876 1428 1921; x_wconf 78' lang='lat' dir='ltr'>qui</span> <span class='ocrx_word' id='word_1_208' title='bbox 1451 1882 1556 1912; x_wconf 72' lang='lat' dir='ltr'>uerat</span> <span class='ocrx_word' id='word_1_209' title='bbox 1580 1875 1663 1912; x_wconf 47' lang='lat' dir='ltr'>MQ&#39;</span> 
     </span>
    </p>
   </div>
   <div class='ocr_carea' id='block_1_20' title="bbox 167 1988 861 2081">
    <p class='ocr_par' dir='ltr' id='par_1_20' title="bbox 167 1988 861 2081">
     <span class='ocr_line' id='line_1_38' title="bbox 235 1988 860 2039; baseline 0.016 -18"><span class='ocrx_word' id='word_1_210' title='bbox 235 1988 317 2032; x_wconf 78' lang='lat' dir='ltr'>Gap.</span> <span class='ocrx_word' id='word_1_211' title='bbox 345 1990 402 2024; x_wconf 82' lang='lat'>33.</span> <span class='ocrx_word' id='word_1_212' title='bbox 469 2000 710 2039; x_wconf 81' lang='lat' dir='ltr'>prospectante</span> <span class='ocrx_word' id='word_1_213' title='bbox 749 1997 860 2031; x_wconf 83' lang='lat' dir='ltr'>Galba</span> 
     </span>
     <span class='ocr_line' id='line_1_39' title="bbox 167 2036 861 2081; baseline 0.017 -13"><span class='ocrx_word' id='word_1_214' title='bbox 167 2036 372 2081; x_wconf 78' lang='lat' dir='ltr'>Capitolium</span> <span class='ocrx_word' id='word_1_215' title='bbox 412 2039 535 2074; x_wconf 83' lang='lat' dir='ltr'>adeat:</span> <span class='ocrx_word' id='word_1_216' title='bbox 577 2053 620 2075; x_wconf 87' lang='lat' dir='ltr'>ex</span> <span class='ocrx_word' id='word_1_217' title='bbox 653 2043 785 2078; x_wconf 87' lang='lat' dir='ltr'>Palatio</span> <span class='ocrx_word' id='word_1_218' title='bbox 826 2051 861 2079; x_wconf 92' lang='lat' dir='ltr'>et</span> 
     </span>
    </p>
   </div>
   <div class='ocr_carea' id='block_1_21' title="bbox 164 2085 860 2185">
    <p class='ocr_par' dir='ltr' id='par_1_21' title="bbox 164 2085 860 2185">
     <span class='ocr_line' id='line_1_40' title="bbox 166 2085 860 2134; baseline 0.017 -18"><span class='ocrx_word' id='word_1_219' title='bbox 166 2090 283 2118; x_wconf 91' lang='lat' dir='ltr'>monte</span> <span class='ocrx_word' id='word_1_220' title='bbox 310 2085 467 2121; x_wconf 86' lang='lat' dir='ltr'>Palatino</span> <span class='ocrx_word' id='word_1_221' title='bbox 501 2097 707 2134; x_wconf 88' lang='lat' dir='ltr'>prospectus</span> <span class='ocrx_word' id='word_1_222' title='bbox 740 2094 775 2126; x_wconf 92' lang='lat' dir='ltr'>in</span> <span class='ocrx_word' id='word_1_223' title='bbox 802 2094 860 2127; x_wconf 86' lang='lat' dir='ltr'>fo-</span> 
     </span>
     <span class='ocr_line' id='line_1_41' title="bbox 164 2133 859 2185; baseline 0.019 -21"><span class='ocrx_word' id='word_1_224' title='bbox 164 2142 239 2166; x_wconf 90' lang='lat' dir='ltr'>rum</span> <span class='ocrx_word' id='word_1_225' title='bbox 252 2133 442 2169; x_wconf 88' lang='lat' dir='ltr'>Romanum</span> <span class='ocrx_word' id='word_1_226' title='bbox 469 2141 504 2171; x_wconf 88' lang='lat' dir='ltr'>et</span> <span class='ocrx_word' id='word_1_227' title='bbox 530 2138 658 2173; x_wconf 91' lang='lat' dir='ltr'>clivum</span> <span class='ocrx_word' id='word_1_228' title='bbox 681 2140 859 2185; x_wconf 87' lang='lat' dir='ltr'>Capitolii.</span> 
     </span>
    </p>
   </div>
   <div class='ocr_carea' id='block_1_22' title="bbox 166 2204 861 2495">
    <p class='ocr_par' dir='ltr' id='par_1_22' title="bbox 166 2204 861 2495">
     <span class='ocr_line' id='line_1_42' title="bbox 239 2204 859 2248; baseline 0.019 -12"><span class='ocrx_word' id='word_1_229' title='bbox 239 2204 347 2238; x_wconf 84' lang='lat' dir='ltr'>ianua</span> <span class='ocrx_word' id='word_1_230' title='bbox 380 2218 424 2240; x_wconf 88' lang='lat' dir='ltr'>ac</span> <span class='ocrx_word' id='word_1_231' title='bbox 455 2208 571 2243; x_wconf 82' lang='lat' dir='ltr'>limine</span> <span class='ocrx_word' id='word_1_232' title='bbox 606 2216 723 2246; x_wconf 80' lang='lat' dir='ltr'>tenus.-</span> <span class='ocrx_word' id='word_1_233' title='bbox 762 2219 859 2248; x_wconf 90' lang='lat' dir='ltr'>recte</span> 
     </span>
     <span class='ocr_line' id='line_1_43' title="bbox 166 2249 858 2301; baseline 0.02 -19"><span class='ocrx_word' id='word_1_234' title='bbox 166 2249 434 2289; x_wconf 87' lang='lat' dir='ltr'>Doederlinius:</span> <span class='ocrx_word' id='word_1_235' title='bbox 468 2255 542 2301; x_wconf 86' lang='lat' dir='ltr'>‘qui</span> <span class='ocrx_word' id='word_1_236' title='bbox 575 2258 684 2293; x_wconf 87' lang='lat' dir='ltr'>fortes</span> <span class='ocrx_word' id='word_1_237' title='bbox 721 2260 858 2295; x_wconf 90' lang='lat' dir='ltr'>domum</span> 
     </span>
     <span class='ocr_line' id='line_1_44' title="bbox 168 2297 861 2354; baseline 0.02 -24"><span class='ocrx_word' id='word_1_238' title='bbox 168 2297 342 2342; x_wconf 88' lang='lat' dir='ltr'>claudunt,</span> <span class='ocrx_word' id='word_1_239' title='bbox 368 2304 392 2336; x_wconf 91' lang='lat' dir='ltr'>ii</span> <span class='ocrx_word' id='word_1_240' title='bbox 419 2306 623 2348; x_wconf 81' lang='lat' dir='ltr'>corporibus</span> <span class='ocrx_word' id='word_1_241' title='bbox 650 2309 796 2354; x_wconf 86' lang='lat' dir='ltr'>cingunt</span> <span class='ocrx_word' id='word_1_242' title='bbox 826 2316 861 2344; x_wconf 89' lang='lat' dir='ltr'>et</span> 
     </span>
     <span class='ocr_line' id='line_1_45' title="bbox 167 2346 859 2402; baseline 0.022 -25"><span class='ocrx_word' id='word_1_243' title='bbox 167 2346 367 2383; x_wconf 88' lang='lat' dir='ltr'>obsistendo</span> <span class='ocrx_word' id='word_1_244' title='bbox 393 2351 607 2398; x_wconf 84' lang='lat' dir='ltr'>defendunt;</span> <span class='ocrx_word' id='word_1_245' title='bbox 629 2357 747 2402; x_wconf 83' lang='lat' dir='ltr'>ignavi</span> <span class='ocrx_word' id='word_1_246' title='bbox 772 2369 859 2391; x_wconf 90' lang='lat' dir='ltr'>con-</span> 
     </span>
     <span class='ocr_line' id='line_1_46' title="bbox 166 2397 860 2441; baseline 0.023 -16"><span class='ocrx_word' id='word_1_247' title='bbox 166 2397 218 2426; x_wconf 89' lang='lat' dir='ltr'>tra</span> <span class='ocrx_word' id='word_1_248' title='bbox 243 2398 326 2429; x_wconf 86' lang='lat' dir='ltr'>satis</span> <span class='ocrx_word' id='word_1_249' title='bbox 361 2398 489 2433; x_wconf 86' lang='lat' dir='ltr'>habent</span> <span class='ocrx_word' id='word_1_250' title='bbox 524 2402 660 2437; x_wconf 85' lang='lat' dir='ltr'>ianuam</span> <span class='ocrx_word' id='word_1_251' title='bbox 697 2405 860 2441; x_wconf 86' lang='lat' dir='ltr'>claudere</span> 
     </span>
     <span class='ocr_line' id='line_1_47' title="bbox 168 2442 799 2495; baseline 0.024 -22"><span class='ocrx_word' id='word_1_252' title='bbox 168 2446 203 2474; x_wconf 89' lang='lat' dir='ltr'>et</span> <span class='ocrx_word' id='word_1_253' title='bbox 229 2442 360 2478; x_wconf 85' lang='lat' dir='ltr'>foribus</span> <span class='ocrx_word' id='word_1_254' title='bbox 387 2448 606 2495; x_wconf 88' lang='lat' dir='ltr'>pessulisque</span> <span class='ocrx_word' id='word_1_255' title='bbox 635 2452 799 2489; x_wconf 84' lang='lat' dir='ltr'>defendi&#39;.</span> 
     </span>
    </p>
   </div>
   <div class='ocr_carea' id='block_1_23' title="bbox 164 2512 863 2998">
    <p class='ocr_par' dir='ltr' id='par_1_23' title="bbox 164 2512 863 2998">
     <span class='ocr_line' id='line_1_48' title="bbox 239 2512 861 2558; baseline 0.019 -11"><span class='ocrx_word' id='word_1_256' title='bbox 239 2512 321 2558; x_wconf 83' lang='lat' dir='ltr'>Cap.</span> <span class='ocrx_word' id='word_1_257' title='bbox 333 2516 390 2550; x_wconf 82' lang='lat'>34.</span> <span class='ocrx_word' id='word_1_258' title='bbox 417 2529 483 2551; x_wconf 86' lang='lat' dir='ltr'>nec</span> <span class='ocrx_word' id='word_1_259' title='bbox 499 2519 622 2555; x_wconf 80' lang='lat' dir='ltr'>diutius</span> <span class='ocrx_word' id='word_1_260' title='bbox 636 2522 747 2557; x_wconf 83' lang='lat' dir='ltr'>Galba</span> <span class='ocrx_word' id='word_1_261' title='bbox 773 2536 861 2558; x_wconf 80' lang='lat' dir='ltr'>cun-</span> 
     </span>
     <span class='ocr_line' id='line_1_49' title="bbox 168 2564 861 2608; baseline 0.022 -16"><span class='ocrx_word' id='word_1_262' title='bbox 168 2564 278 2595; x_wconf 84' lang='lat' dir='ltr'>ctatus</span> <span class='ocrx_word' id='word_1_263' title='bbox 302 2567 512 2608; x_wconf 81' lang='lat' dir='ltr'>speciosiora</span> <span class='ocrx_word' id='word_1_264' title='bbox 543 2570 763 2605; x_wconf 81' lang='lat' dir='ltr'>suadentibus</span> <span class='ocrx_word' id='word_1_265' title='bbox 797 2584 861 2606; x_wconf 85' lang='lat' dir='ltr'>ac-</span> 
     </span>
     <span class='ocr_line' id='line_1_50' title="bbox 167 2610 861 2655; baseline 0.02 -14"><span class='ocrx_word' id='word_1_266' title='bbox 167 2610 294 2643; x_wconf 82' lang='lat' dir='ltr'>cessit.-</span> <span class='ocrx_word' id='word_1_267' title='bbox 330 2613 365 2645; x_wconf 87' lang='lat' dir='ltr'>in</span> <span class='ocrx_word' id='word_1_268' title='bbox 397 2613 466 2647; x_wconf 87' lang='lat' dir='ltr'>alia</span> <span class='ocrx_word' id='word_1_269' title='bbox 502 2616 573 2649; x_wconf 86' lang='lat' dir='ltr'>abit</span> <span class='ocrx_word' id='word_1_270' title='bbox 602 2618 790 2654; x_wconf 89' lang='lat' dir='ltr'>Suetonius</span> <span class='ocrx_word' id='word_1_271' title='bbox 826 2622 861 2655; x_wconf 88' lang='lat' dir='ltr'>in</span> 
     </span>
     <span class='ocr_line' id='line_1_51' title="bbox 167 2655 862 2704; baseline 0.023 -15"><span class='ocrx_word' id='word_1_272' title='bbox 167 2655 275 2691; x_wconf 83' lang='lat' dir='ltr'>Galba</span> <span class='ocrx_word' id='word_1_273' title='bbox 300 2669 329 2693; x_wconf 94' lang='lat' dir='ltr'>c.</span> <span class='ocrx_word' id='word_1_274' title='bbox 344 2661 387 2695; x_wconf 88' lang='lat'>19</span> <span class='ocrx_word' id='word_1_275' title='bbox 412 2672 453 2696; x_wconf 88' lang='lat' dir='ltr'>ac</span> <span class='ocrx_word' id='word_1_276' title='bbox 479 2665 582 2698; x_wconf 82' lang='lat' dir='ltr'>tradit</span> <span class='ocrx_word' id='word_1_277' title='bbox 604 2668 767 2703; x_wconf 84' lang='lat' dir='ltr'>statuisse</span> <span class='ocrx_word' id='word_1_278' title='bbox 778 2670 862 2704; x_wconf 86' lang='lat' dir='ltr'>Gal-</span> 
     </span>
     <span class='ocr_line' id='line_1_52' title="bbox 164 2703 862 2753; baseline 0.023 -17"><span class='ocrx_word' id='word_1_279' title='bbox 164 2703 242 2738; x_wconf 87' lang='lat' dir='ltr'>bam</span> <span class='ocrx_word' id='word_1_280' title='bbox 282 2716 320 2741; x_wconf 89' lang='lat' dir='ltr'>se</span> <span class='ocrx_word' id='word_1_281' title='bbox 352 2709 442 2744; x_wconf 85' lang='lat' dir='ltr'>intra</span> <span class='ocrx_word' id='word_1_282' title='bbox 467 2711 638 2748; x_wconf 86' lang='lat' dir='ltr'>Palatium</span> <span class='ocrx_word' id='word_1_283' title='bbox 681 2718 862 2753; x_wconf 85' lang='lat' dir='ltr'>continere</span> 
     </span>
     <span class='ocr_line' id='line_1_53' title="bbox 167 2752 863 2810; baseline 0.024 -26"><span class='ocrx_word' id='word_1_284' title='bbox 167 2756 201 2784; x_wconf 86' lang='lat' dir='ltr'>et</span> <span class='ocrx_word' id='word_1_285' title='bbox 224 2752 498 2799; x_wconf 86' lang='lat' dir='ltr'>legionariorum</span> <span class='ocrx_word' id='word_1_286' title='bbox 516 2761 651 2797; x_wconf 75' lang='lat' dir='ltr'>firmare</span> <span class='ocrx_word' id='word_1_287' title='bbox 666 2765 863 2810; x_wconf 86' lang='lat' dir='ltr'>praesidiis,</span> 
     </span>
     <span class='ocr_line' id='line_1_54' title="bbox 167 2802 862 2854; baseline 0.026 -23"><span class='ocrx_word' id='word_1_288' title='bbox 167 2809 245 2833; x_wconf 84' lang='lat' dir='ltr'>mox</span> <span class='ocrx_word' id='word_1_289' title='bbox 271 2802 368 2837; x_wconf 85' lang='lat' dir='ltr'>falsis</span> <span class='ocrx_word' id='word_1_290' title='bbox 394 2810 609 2854; x_wconf 89' lang='lat' dir='ltr'>rumoribus,</span> <span class='ocrx_word' id='word_1_291' title='bbox 651 2817 862 2849; x_wconf 88' lang='lat' dir='ltr'>transactum</span> 
     </span>
     <span class='ocr_line' id='line_1_55' title="bbox 168 2855 863 2909; baseline 0.029 -31"><span class='ocrx_word' id='word_1_292' title='bbox 168 2857 244 2881; x_wconf 86' lang='lat' dir='ltr'>esse</span> <span class='ocrx_word' id='word_1_293' title='bbox 279 2855 457 2897; x_wconf 82' lang='lat' dir='ltr'>negotium</span> <span class='ocrx_word' id='word_1_294' title='bbox 505 2863 539 2892; x_wconf 92' lang='lat' dir='ltr'>et</span> <span class='ocrx_word' id='word_1_295' title='bbox 578 2869 766 2906; x_wconf 86' lang='lat' dir='ltr'>oppressos</span> <span class='ocrx_word' id='word_1_296' title='bbox 804 2866 863 2909; x_wconf 87' lang='lat' dir='ltr'>qui</span> 
     </span>
     <span class='ocr_line' id='line_1_56' title="bbox 168 2898 861 2956; baseline 0.032 -30"><span class='ocrx_word' id='word_1_297' title='bbox 168 2898 470 2946; x_wconf 84' lang='lat' dir='ltr'>tumultuarentur,</span> <span class='ocrx_word' id='word_1_298' title='bbox 483 2911 673 2943; x_wconf 86' lang='lat' dir='ltr'>extractum</span> <span class='ocrx_word' id='word_1_299' title='bbox 689 2911 861 2956; x_wconf 85' lang='lat' dir='ltr'>prodisse,</span> 
     </span>
     <span class='ocr_line' id='line_1_57' title="bbox 168 2946 862 2998; baseline 0.032 -24"><span class='ocrx_word' id='word_1_300' title='bbox 168 2946 206 2975; x_wconf 87' lang='lat' dir='ltr'>ut</span> <span class='ocrx_word' id='word_1_301' title='bbox 236 2953 436 2985; x_wconf 85' lang='lat' dir='ltr'>occurreret</span> <span class='ocrx_word' id='word_1_302' title='bbox 479 2955 703 2998; x_wconf 82' lang='lat' dir='ltr'>gratabundis</span> <span class='ocrx_word' id='word_1_303' title='bbox 751 2965 786 2995; x_wconf 86' lang='lat' dir='ltr'>et</span> <span class='ocrx_word' id='word_1_304' title='bbox 825 2961 862 2996; x_wconf 90' lang='lat' dir='ltr'>in</span> 
     </span>
    </p>
   </div>
   <div class='ocr_carea' id='block_1_24' title="bbox 927 1997 1681 3022">
    <p class='ocr_par' dir='ltr' id='par_1_24' title="bbox 927 1997 1649 2188">
     <span class='ocr_line' id='line_1_58' title="bbox 927 1997 1648 2043; baseline 0.003 -12"><span class='ocrx_word' id='word_1_305' title='bbox 927 2007 1032 2032; x_wconf 89' lang='lat' dir='ltr'>omne</span> <span class='ocrx_word' id='word_1_306' title='bbox 1059 1997 1270 2043; x_wconf 89' lang='lat' dir='ltr'>obsequium</span> <span class='ocrx_word' id='word_1_307' title='bbox 1298 1998 1444 2043; x_wconf 72' lang='lat' dir='ltr'>paratiS.</span> <span class='ocrx_word' id='word_1_308' title='bbox 1500 1999 1555 2035; x_wconf 77' lang='lat' dir='ltr'>Do</span> <span class='ocrx_word' id='word_1_309' title='bbox 1584 1999 1648 2035; x_wconf 86' lang='lat' dir='ltr'>Pi-</span> 
     </span>
     <span class='ocr_line' id='line_1_59' title="bbox 927 2047 1649 2085; baseline 0.008 -6"><span class='ocrx_word' id='word_1_310' title='bbox 927 2057 1014 2080; x_wconf 89' lang='lat' dir='ltr'>sone</span> <span class='ocrx_word' id='word_1_311' title='bbox 1041 2047 1077 2080; x_wconf 90' lang='lat' dir='ltr'>in</span> <span class='ocrx_word' id='word_1_312' title='bbox 1111 2052 1226 2081; x_wconf 86' lang='lat' dir='ltr'>castra</span> <span class='ocrx_word' id='word_1_313' title='bbox 1259 2048 1368 2082; x_wconf 86' lang='lat' dir='ltr'>misso</span> <span class='ocrx_word' id='word_1_314' title='bbox 1404 2047 1497 2083; x_wconf 82' lang='lat' dir='ltr'>nihil</span> <span class='ocrx_word' id='word_1_315' title='bbox 1537 2047 1649 2085; x_wconf 75' lang='lat' dir='ltr'>habet</span> 
     </span>
     <span class='ocr_line' id='line_1_60' title="bbox 929 2095 1647 2141; baseline 0.007 -13"><span class='ocrx_word' id='word_1_316' title='bbox 929 2096 1133 2138; x_wconf 86' lang='lat' dir='ltr'>Suetonius,</span> <span class='ocrx_word' id='word_1_317' title='bbox 1161 2097 1293 2141; x_wconf 88' lang='lat' dir='ltr'>quippe</span> <span class='ocrx_word' id='word_1_318' title='bbox 1320 2095 1412 2131; x_wconf 82' lang='lat' dir='ltr'>nihil</span> <span class='ocrx_word' id='word_1_319' title='bbox 1439 2098 1508 2132; x_wconf 87' lang='lat' dir='ltr'>nisi</span> <span class='ocrx_word' id='word_1_320' title='bbox 1535 2097 1647 2134; x_wconf 72' lang='lat' dir='ltr'>vitam</span> 
     </span>
     <span class='ocr_line' id='line_1_61' title="bbox 928 2144 1595 2188; baseline 0.006 -11"><span class='ocrx_word' id='word_1_321' title='bbox 928 2145 1152 2188; x_wconf 87' lang='lat' dir='ltr'>imperatoris</span> <span class='ocrx_word' id='word_1_322' title='bbox 1179 2144 1312 2179; x_wconf 85' lang='lat' dir='ltr'>Galbae</span> <span class='ocrx_word' id='word_1_323' title='bbox 1339 2151 1557 2181; x_wconf 83' lang='lat' dir='ltr'>narraturus.</span> <span class='ocrx_word' id='word_1_324' title='bbox 1594 2155 1595 2158; x_wconf 73' lang='grc'>’</span> 
     </span>
    </p>

    <p class='ocr_par' dir='ltr' id='par_1_25' title="bbox 929 2193 1681 2518">
     <span class='ocr_line' id='line_1_62' title="bbox 1003 2193 1646 2240; baseline 0.009 -15"><span class='ocrx_word' id='word_1_325' title='bbox 1003 2193 1137 2226; x_wconf 80' lang='lat' dir='ltr'>recenti</span> <span class='ocrx_word' id='word_1_326' title='bbox 1161 2195 1297 2237; x_wconf 78' lang='lat' dir='ltr'>favore,</span> <span class='ocrx_word' id='word_1_327' title='bbox 1327 2200 1359 2228; x_wconf 91' lang='lat' dir='ltr'>et</span> <span class='ocrx_word' id='word_1_328' title='bbox 1383 2195 1542 2240; x_wconf 71' lang='lat' dir='ltr'>infensus</span> <span class='ocrx_word' id='word_1_329' title='bbox 1573 2196 1646 2231; x_wconf 67' lang='lat' dir='ltr'>Tuo</span> 
     </span>
     <span class='ocr_line' id='line_1_63' title="bbox 940 2241 1645 2288; baseline 0.009 -14"><span class='ocrx_word' id='word_1_330' title='bbox 940 2241 1059 2274; x_wconf 81' lang='lat' dir='ltr'>Vinio.-</span> <span class='ocrx_word' id='word_1_331' title='bbox 1088 2241 1198 2275; x_wconf 88' lang='lat' dir='ltr'>verba</span> <span class='ocrx_word' id='word_1_332' title='bbox 1224 2248 1255 2276; x_wconf 88' lang='lat' dir='ltr'>et</span> <span class='ocrx_word' id='word_1_333' title='bbox 1284 2243 1442 2288; x_wconf 78' lang='lat' dir='ltr'>infensus</span> <span class='ocrx_word' id='word_1_334' title='bbox 1474 2245 1547 2280; x_wconf 76' lang='lat' dir='ltr'>Tito</span> <span class='ocrx_word' id='word_1_335' title='bbox 1580 2244 1645 2280; x_wconf 68' lang='lat' dir='ltr'>Vt*-</span> 
     </span>
     <span class='ocr_line' id='line_1_64' title="bbox 929 2288 1644 2328; baseline 0.013 -8"><span class='ocrx_word' id='word_1_336' title='bbox 929 2289 987 2321; x_wconf 82' lang='lat' dir='ltr'>m&#39;o</span> <span class='ocrx_word' id='word_1_337' title='bbox 1013 2288 1188 2323; x_wconf 88' lang='lat' dir='ltr'>adduntur</span> <span class='ocrx_word' id='word_1_338' title='bbox 1213 2291 1256 2325; x_wconf 86' lang='lat' dir='ltr'>ad</span> <span class='ocrx_word' id='word_1_339' title='bbox 1277 2291 1527 2328; x_wconf 85' lang='lat' dir='ltr'>declarandam</span> <span class='ocrx_word' id='word_1_340' title='bbox 1553 2303 1644 2328; x_wconf 78' lang='lat' dir='ltr'>cau-</span> 
     </span>
     <span class='ocr_line' id='line_1_65' title="bbox 930 2340 1643 2388; baseline 0.013 -19"><span class='ocrx_word' id='word_1_341' title='bbox 930 2347 1002 2370; x_wconf 87' lang='lat' dir='ltr'>sam</span> <span class='ocrx_word' id='word_1_342' title='bbox 1029 2340 1254 2383; x_wconf 88' lang='lat' dir='ltr'>praecipuam</span> <span class='ocrx_word' id='word_1_343' title='bbox 1285 2351 1346 2374; x_wconf 91' lang='lat' dir='ltr'>cur</span> <span class='ocrx_word' id='word_1_344' title='bbox 1360 2343 1496 2377; x_wconf 75' lang='lat' dir='ltr'>recenti</span> <span class='ocrx_word' id='word_1_345' title='bbox 1517 2343 1643 2388; x_wconf 75' lang='lat' dir='ltr'>favore</span> 
     </span>
     <span class='ocr_line' id='line_1_66' title="bbox 930 2384 1681 2435; baseline 0.012 -17"><span class='ocrx_word' id='word_1_346' title='bbox 930 2384 1010 2419; x_wconf 91' lang='lat' dir='ltr'>Piso</span> <span class='ocrx_word' id='word_1_347' title='bbox 1042 2386 1173 2425; x_wconf 80' lang='lat' dir='ltr'>fuerit,-</span> <span class='ocrx_word' id='word_1_348' title='bbox 1199 2399 1277 2422; x_wconf 86' lang='lat' dir='ltr'>nam</span> <span class='ocrx_word' id='word_1_349' title='bbox 1294 2394 1433 2435; x_wconf 86' lang='lat' dir='ltr'>gratum</span> <span class='ocrx_word' id='word_1_350' title='bbox 1460 2395 1537 2426; x_wconf 83' lang='lat' dir='ltr'>erat</span> <span class='ocrx_word' id='word_1_351' title='bbox 1556 2389 1640 2426; x_wconf 83' lang='lat' dir='ltr'>odio</span> <span class='ocrx_word' id='word_1_352' title='bbox 1679 2412 1681 2415; x_wconf 93' lang='lat'>·</span> 
     </span>
     <span class='ocr_line' id='line_1_67' title="bbox 930 2434 1643 2475; baseline 0.013 -9"><span class='ocrx_word' id='word_1_353' title='bbox 930 2444 1011 2467; x_wconf 86' lang='lat' dir='ltr'>esse</span> <span class='ocrx_word' id='word_1_354' title='bbox 1036 2434 1154 2469; x_wconf 91' lang='lat' dir='ltr'>Pisoni</span> <span class='ocrx_word' id='word_1_355' title='bbox 1185 2436 1365 2473; x_wconf 89' lang='lat' dir='ltr'>hominem</span> <span class='ocrx_word' id='word_1_356' title='bbox 1395 2439 1548 2475; x_wconf 86' lang='lat' dir='ltr'>maxime</span> <span class='ocrx_word' id='word_1_357' title='bbox 1581 2440 1643 2474; x_wconf 83' lang='lat' dir='ltr'>in-</span> 
     </span>
     <span class='ocr_line' id='line_1_68' title="bbox 933 2483 1060 2518; baseline 0.016 -2"><span class='ocrx_word' id='word_1_358' title='bbox 933 2483 1060 2518; x_wconf 91' lang='lat' dir='ltr'>visum.</span> 
     </span>
    </p>

    <p class='ocr_par' dir='ltr' id='par_1_26' title="bbox 931 2532 1680 2969">
     <span class='ocr_line' id='line_1_69' title="bbox 998 2532 1671 2587; baseline 0.015 -24"><span class='ocrx_word' id='word_1_359' title='bbox 998 2532 1142 2566; x_wconf 84' lang='lat' dir='ltr'>credula</span> <span class='ocrx_word' id='word_1_360' title='bbox 1166 2536 1288 2579; x_wconf 77' lang='lat' dir='ltr'>fama.-</span> <span class='ocrx_word' id='word_1_361' title='bbox 1337 2536 1518 2571; x_wconf 78' lang='lat' dir='ltr'>credulam</span> <span class='ocrx_word' id='word_1_362' title='bbox 1554 2536 1592 2573; x_wconf 85' lang='lat' dir='ltr'>h.</span> <span class='ocrx_word' id='word_1_363' title='bbox 1617 2535 1671 2587; x_wconf 54' lang='grc' dir='ltr'>[ἦ</span> 
     </span>
     <span class='ocr_line' id='line_1_70' title="bbox 932 2578 1667 2628; baseline 0.014 -17"><span class='ocrx_word' id='word_1_364' title='bbox 932 2578 1058 2613; x_wconf 83' lang='lat' dir='ltr'>famam</span> <span class='ocrx_word' id='word_1_365' title='bbox 1084 2591 1177 2617; x_wconf 91' lang='lat' dir='ltr'>nove</span> <span class='ocrx_word' id='word_1_366' title='bbox 1204 2583 1292 2617; x_wconf 86' lang='lat' dir='ltr'>dixit</span> <span class='ocrx_word' id='word_1_367' title='bbox 1319 2595 1419 2628; x_wconf 86' lang='lat' dir='ltr'>eam,</span> <span class='ocrx_word' id='word_1_368' title='bbox 1447 2587 1506 2620; x_wconf 83' lang='lat' dir='ltr'>cui</span> <span class='ocrx_word' id='word_1_369' title='bbox 1533 2584 1667 2628; x_wconf 62' lang='lat' dir='ltr'>facile}</span> 
     </span>
     <span class='ocr_line' id='line_1_71' title="bbox 933 2627 1666 2672; baseline 0.016 -13"><span class='ocrx_word' id='word_1_370' title='bbox 933 2627 1097 2672; x_wconf 88' lang='lat' dir='ltr'>creditur,</span> <span class='ocrx_word' id='word_1_371' title='bbox 1113 2630 1323 2666; x_wconf 87' lang='lat' dir='ltr'>Graecorum</span> <span class='ocrx_word' id='word_1_372' title='bbox 1352 2633 1556 2672; x_wconf 78' lang='grc' dir='ltr'><em>εὕηεισιον</em></span> <span class='ocrx_word' id='word_1_373' title='bbox 1571 2633 1643 2669; x_wconf 77' lang='lat' dir='ltr'>La·</span> <span class='ocrx_word' id='word_1_374' title='bbox 1659 2629 1666 2671; x_wconf 69' lang='grc' dir='ltr'><em>ῗ</em></span> 
     </span>
     <span class='ocr_line' id='line_1_72' title="bbox 931 2676 1667 2724; baseline 0.014 -17"><span class='ocrx_word' id='word_1_375' title='bbox 931 2676 1005 2710; x_wconf 83' lang='lat' dir='ltr'>tine</span> <span class='ocrx_word' id='word_1_376' title='bbox 1031 2678 1287 2722; x_wconf 88' lang='lat' dir='ltr'>quodammodo</span> <span class='ocrx_word' id='word_1_377' title='bbox 1315 2687 1544 2718; x_wconf 82' lang='lat' dir='ltr'>convertens.</span> <span class='ocrx_word' id='word_1_378' title='bbox 1585 2682 1667 2724; x_wconf 68' lang='lat' dir='ltr'>Sic3</span> 
     </span>
     <span class='ocr_line' id='line_1_73' title="bbox 933 2725 1673 2776; baseline 0.015 -20"><span class='ocrx_word' id='word_1_379' title='bbox 933 2725 1023 2767; x_wconf 87' lang='lat' dir='ltr'>apud</span> <span class='ocrx_word' id='word_1_380' title='bbox 1040 2727 1188 2762; x_wconf 88' lang='lat' dir='ltr'>eundem</span> <span class='ocrx_word' id='word_1_381' title='bbox 1213 2730 1464 2765; x_wconf 78' lang='lat' dir='ltr'>intolerantior</span> <span class='ocrx_word' id='word_1_382' title='bbox 1479 2741 1544 2776; x_wconf 86' lang='lat' dir='ltr'>pro</span> <span class='ocrx_word' id='word_1_383' title='bbox 1563 2741 1643 2766; x_wconf 80' lang='lat' dir='ltr'>ma-</span> <span class='ocrx_word' id='word_1_384' title='bbox 1668 2738 1673 2754; x_wconf 68' lang='lat'>&#39;³</span> 
     </span>
     <span class='ocr_line' id='line_1_74' title="bbox 933 2774 1680 2826; baseline 0.019 -22"><span class='ocrx_word' id='word_1_385' title='bbox 933 2774 986 2817; x_wconf 88' lang='lat' dir='ltr'>gis</span> <span class='ocrx_word' id='word_1_386' title='bbox 1008 2774 1247 2812; x_wconf 81' lang='lat' dir='ltr'>intolerandas</span> <span class='ocrx_word' id='word_1_387' title='bbox 1272 2779 1396 2822; x_wconf 85' lang='lat'>11145,</span> <span class='ocrx_word' id='word_1_388' title='bbox 1421 2778 1468 2814; x_wconf 92' lang='lat' dir='ltr'>XI</span> <span class='ocrx_word' id='word_1_389' title='bbox 1481 2780 1537 2823; x_wconf 87' lang='lat'>10,</span> <span class='ocrx_word' id='word_1_390' title='bbox 1551 2791 1642 2826; x_wconf 66' lang='grc' dir='ltr'>,Ψα-</span> <span class='ocrx_word' id='word_1_391' title='bbox 1676 2796 1680 2811; x_wconf 68' lang='lat'>2</span> 
     </span>
     <span class='ocr_line' id='line_1_75' title="bbox 933 2826 1643 2872; baseline 0.014 -19"><span class='ocrx_word' id='word_1_392' title='bbox 933 2826 985 2854; x_wconf 81' lang='lat' dir='ltr'>tus</span> <span class='ocrx_word' id='word_1_393' title='bbox 1010 2832 1072 2866; x_wconf 85' lang='lat' dir='ltr'>pro</span> <span class='ocrx_word' id='word_1_394' title='bbox 1099 2832 1259 2871; x_wconf 84' lang='lat' dir='ltr'>acceptus</span> <span class='ocrx_word' id='word_1_395' title='bbox 1285 2828 1299 2862; x_wconf 95' lang='lat'>1</span> <span class='ocrx_word' id='word_1_396' title='bbox 1326 2827 1373 2863; x_wconf 84' lang='lat'>28</span> <span class='ocrx_word' id='word_1_397' title='bbox 1401 2832 1437 2862; x_wconf 90' lang='lat' dir='ltr'>et</span> <span class='ocrx_word' id='word_1_398' title='bbox 1461 2828 1520 2871; x_wconf 84' lang='lat'>62,</span> <span class='ocrx_word' id='word_1_399' title='bbox 1551 2827 1592 2863; x_wconf 93' lang='grc' dir='ltr'>Ο.</span> <span class='ocrx_word' id='word_1_400' title='bbox 1607 2828 1643 2872; x_wconf 88' lang='grc'>6,</span> 
     </span>
     <span class='ocr_line' id='line_1_76' title="bbox 932 2874 1642 2921; baseline 0.014 -19"><span class='ocrx_word' id='word_1_401' title='bbox 932 2880 1063 2914; x_wconf 78' lang='lat' dir='ltr'>9narus</span> <span class='ocrx_word' id='word_1_402' title='bbox 1089 2883 1150 2917; x_wconf 85' lang='lat' dir='ltr'>pro</span> <span class='ocrx_word' id='word_1_403' title='bbox 1170 2877 1327 2921; x_wconf 64' lang='lat' dir='ltr'>cognitus</span> <span class='ocrx_word' id='word_1_404' title='bbox 1352 2874 1367 2909; x_wconf 92' lang='lat' dir='ltr'>I</span> <span class='ocrx_word' id='word_1_405' title='bbox 1388 2876 1410 2911; x_wconf 87' lang='lat'>5</span> <span class='ocrx_word' id='word_1_406' title='bbox 1437 2881 1473 2910; x_wconf 86' lang='lat' dir='ltr'>et</span> <span class='ocrx_word' id='word_1_407' title='bbox 1498 2877 1642 2921; x_wconf 83' lang='lat' dir='ltr'>passim,</span> 
     </span>
     <span class='ocr_line' id='line_1_77' title="bbox 931 2918 1530 2969; baseline 0.017 -18"><span class='ocrx_word' id='word_1_408' title='bbox 931 2918 1084 2954; x_wconf 82' lang='lat' dir='ltr'>volentia</span> <span class='ocrx_word' id='word_1_409' title='bbox 1113 2932 1176 2966; x_wconf 89' lang='lat' dir='ltr'>pro</span> <span class='ocrx_word' id='word_1_410' title='bbox 1199 2925 1352 2969; x_wconf 83' lang='lat' dir='ltr'>probata</span> <span class='ocrx_word' id='word_1_411' title='bbox 1379 2924 1443 2959; x_wconf 88' lang='lat' dir='ltr'>XV</span> <span class='ocrx_word' id='word_1_412' title='bbox 1471 2925 1530 2961; x_wconf 87' lang='grc'>36.</span> 
     </span>
    </p>

    <p class='ocr_par' dir='ltr' id='par_1_27' title="bbox 1002 2966 1645 3022">
     <span class='ocr_line' id='line_1_78' title="bbox 1002 2966 1645 3022; baseline 0.016 -21"><span class='ocrx_word' id='word_1_413' title='bbox 1002 2966 1085 3014; x_wconf 81' lang='lat' dir='ltr'>Gap.</span> <span class='ocrx_word' id='word_1_414' title='bbox 1114 2971 1171 3006; x_wconf 82' lang='lat'>35.</span> <span class='ocrx_word' id='word_1_415' title='bbox 1222 2983 1294 3008; x_wconf 89' lang='lat' dir='ltr'>non</span> <span class='ocrx_word' id='word_1_416' title='bbox 1325 2973 1475 3022; x_wconf 78' lang='lat' dir='ltr'>populus</span> <span class='ocrx_word' id='word_1_417' title='bbox 1508 2978 1645 3011; x_wconf 64' lang='lat' dir='ltr'>tantum</span> 
     </span>
    </p>
   </div>
  </div>
 </body>
</html>
