1768 3216
155 225 229 260 mo
710 221 772 256 DE
800 220 1026 257 ΟΒΑΤΟΒΙΒ
1034 222 1087 258 VS

156 339 319 381 Atticos
361 340 553 377 oratores
593 336 751 389 primae
798 337 1070 378 Demostheni
1111 337 1365 390 tribuuntur,
1416 339 1649 392 proximum

156 418 289 456 autem
319 412 456 453 locum
486 411 722 453 Aeschines
762 416 802 453 et
835 412 1068 467 Hyperides
1113 417 1153 454 et
1186 412 1331 467 Lysias
1369 416 1410 454 et
1436 413 1650 469 Lycurgus

155 488 355 539 obtinent,
395 487 576 528 omnium
600 491 734 529 autem
756 499 963 529 concessu
980 487 1084 529 haec
1105 491 1316 529 oratorum
1335 491 1449 530 aetas
1471 488 1651 530 maxime

153 562 365 616 probatur,
398 561 461 603 sic
493 561 599 615 apud
629 574 706 603 nos
739 562 890 603 Cicero
921 562 1086 615 quidem
1119 565 1284 604 ceteros
1301 562 1529 604 eorundem
1545 566 1654 605 tem-

122 644 300 690 sporum
335 635 516 678 disertos
549 636 786 688 antecessit,
821 636 971 678 Calvus
1001 641 1136 678 autem
1168 641 1207 678 et
1237 636 1408 679 Asinius
1440 638 1480 680 et
1496 637 1654 680 Caesar

157 715 197 753 et
224 711 389 753 Caelius
421 716 462 752 et
493 711 642 756 Brutus
669 724 744 753 suo
777 712 867 754 iure
900 715 940 752 et
966 712 1176 765 prioribus
1208 716 1249 754 et
1279 713 1548 767 sequentibus
1572 725 1652 755 an-

154 789 417 840 teponuntur.
478 787 564 828 Nec
593 787 724 829 refert
753 787 863 841 quod
894 787 1001 829 inter
1030 799 1077 829 se
1107 787 1250 841 specie
1291 787 1510 841 differant,
1559 799 1652 830 cum

155 873 317 916 genere
348 862 627 905 consentiant.
688 862 944 904 Adstrictior
977 862 1141 916 Calvus,
1171 863 1435 905 numerosior
1463 862 1650 916 Asinius,

156 935 416 990 splendidior
448 937 633 990 Caesar,
682 937 864 979 amarior
895 937 1083 989 Caelius,
1111 938 1284 992 gravior
1314 938 1486 990 Brutus,
1518 937 1654 979 vehe-

105 1020 146 1049 io
158 1011 336 1053 mentior
365 1015 405 1052 et
434 1011 598 1064 plenior
627 1015 668 1053 et
697 1012 903 1053 valentior
930 1012 1104 1054 Cicero:
1133 1024 1278 1054 omnes
1308 1016 1447 1054 tamen
1477 1011 1651 1054 eandem

157 1086 374 1128 sanitatem
410 1085 675 1139 eloquentiae
707 1086 870 1138 serunt,
907 1090 951 1127 ut
988 1086 1022 1128 si
1055 1087 1235 1128 omnium
1266 1087 1422 1140 pariter
1450 1086 1580 1128 libros
1609 1086 1650 1127 in

156 1172 321 1202 manum
354 1161 606 1214 sumpseris,
643 1161 769 1213 scias,
803 1162 991 1214 quamvis
1023 1163 1063 1202 in
1098 1161 1277 1203 diversis
1309 1161 1513 1216 ingeniis,
1558 1172 1653 1203 esse

155 1235 361 1288 quandam
392 1235 536 1276 iudicii
567 1248 616 1276 ac
643 1235 866 1276 voluntatis
907 1236 1218 1277 similitudinem
1258 1240 1299 1278 et
1341 1235 1651 1291 cognationem.

154 1310 255 1352 Nam
288 1310 398 1364 quod
427 1310 468 1351 in
499 1310 635 1352 vicem
665 1323 712 1352 se
741 1310 1080 1354 obtrectaverunt
1111 1315 1150 1353 et
1180 1315 1274 1353 sunt
1304 1311 1439 1365 aliqua
1466 1310 1653 1365 epistulis

231 1494 264 1527 2.
295 1493 489 1539 hyper-icles
515 1492 551 1527 P.
603 1492 759 1538 liyuryus
787 1494 941 1539 optinent
969 1493 1004 1528 1¹.
1057 1494 1090 1528 3.
1120 1504 1285 1527 concessu
1312 1492 1337 1526 P
1367 1495 1430 1539 (ex
1455 1492 1482 1527 F
1506 1492 1655 1527 Bekke-

155 1552 214 1575 rus
242 1554 414 1585 consessu,
443 1540 646 1575 Waltherus
674 1553 840 1575 concessu
865 1542 1016 1589 refert):
1045 1543 1156 1576 ceteri
1182 1553 1362 1576 consensu.
1498 1543 1533 1577 4.
1562 1543 1652 1576 sicut

155 1591 251 1636 apud
279 1591 367 1636 (litt.
395 1596 431 1624 ut
459 1590 600 1634 punctis
629 1590 841 1624 subnotatae
868 1591 991 1625 eadem
1019 1594 1145 1637 manu)
1173 1589 1220 1624 P:
1247 1591 1335 1624 sicut
1361 1590 1456 1636 apud
1478 1589 1516 1624 F.
1616 1590 1651 1625 6.

157 1640 283 1674 Brutus
307 1641 338 1673 si
362 1650 446 1674 uere
475 1639 529 1684 (in
555 1638 579 1672 P
606 1650 641 1674 v.
662 1651 746 1673 uere
770 1638 813 1672 ab
841 1638 886 1673 al'.
914 1651 959 1674 m.
991 1649 1167 1684 superscr.
1196 1640 1292 1685 iure)
1310 1638 1387 1672 Fr:
1409 1640 1566 1673 correxit
1590 1638 1653 1672 Li.-

156 1689 267 1732 psius.
342 1688 376 1722 8.
406 1688 638 1721 consentiant.
667 1693 704 1722 at
729 1688 884 1722 strictior
911 1688 985 1722 FP:
1025 1689 1182 1722 correxit
1207 1686 1403 1721 Acidalius.
1485 1690 1538 1722 11.
1565 1698 1653 1721 san-

158 1738 310 1771 ctitatem
336 1736 415 1770 FP:
441 1738 596 1770 correxit
616 1736 820 1770 Rhenanus,
902 1738 954 1771 12.
982 1738 1074 1771 scias
1101 1736 1147 1770 P:
1175 1737 1286 1770 sciam
1310 1735 1349 1772 F.
1446 1736 1499 1771 13.
1527 1735 1652 1770 volun-

130 1800 132 1802 ¹
158 1787 240 1819 tatis
268 1785 347 1819 FP:
372 1785 557 1819 voluminis
584 1785 761 1819 editiones
789 1789 947 1819 veteres.
1022 1786 1268 1831 coyitationem
1294 1783 1371 1818 FP:
1399 1785 1555 1818 correxit
1580 1783 1654 1818 Be-

156 1833 311 1870 roaldus.
390 1834 444 1868 14.
473 1835 625 1868 inuicem
651 1834 687 1867 Ρ.
764 1840 1046 1879 optrectacerunt
1071 1834 1106 1868 Ρ.
1226 1835 1320 1880 sunt]
1350 1832 1567 1867 Puteolanus
1591 1845 1653 1868 su-

153 1889 310 1928 persunt,
337 1892 409 1916 non
434 1882 500 1916 FP.

231 2012 383 2045 omnium
418 2018 532 2046 autem
565 2023 753 2045 concessu:
788 2023 875 2045 con-

161 2070 258 2092 cessu
282 2059 370 2092 dixit
398 2070 461 2103 pro
501 2059 641 2104 vulgari
682 2071 874 2093 consensu:

160 2106 309 2150 perinde
334 2107 396 2144 ΧΠ
425 2108 493 2142 44:
532 2119 698 2141 concessu
722 2109 876 2152 fratrum

159 2166 305 2201 reqnum
331 2156 485 2202 adeptus.

234 2226 439 2260 adstrictior
465 2227 614 2261 Calvus.-
650 2227 873 2274 diligentiam

163 2273 265 2308 Calvi
295 2279 331 2307 et
356 2280 488 2309 metum
516 2287 562 2309 ne
588 2277 757 2309 vitiosum
795 2275 874 2309 col-

162 2322 305 2367 ligeret,
331 2333 422 2357 voce
440 2324 644 2358 adstrictior
670 2329 752 2369 apte
770 2323 872 2357 'l'aci-

162 2376 217 2404 tus
255 2374 451 2416 expressit,
487 2372 645 2418 imagine
683 2378 821 2417 sumpta
855 2384 874 2406 a

159 2421 281 2453 tunica
306 2420 366 2454 vel
392 2420 527 2455 calceo.
557 2421 611 2455 Cf.
639 2422 683 2454 ad
707 2433 737 2455 c.
770 2422 824 2456 18.

235 2518 395 2550 amarior
422 2517 583 2550 Caelius:
614 2517 744 2550 nimius
771 2517 874 2550 ardor

161 2565 269 2598 animi
314 2570 349 2599 et
392 2565 663 2598 inimicitiarum
706 2565 873 2607 studium,

163 2614 264 2647 cuius
303 2613 442 2658 aliquot
482 2614 638 2659 vestigia
685 2614 790 2646 etiam
837 2614 873 2646 in

163 2662 326 2705 epistolis
353 2661 486 2704 Caelii,
514 2671 605 2706 quae
633 2661 724 2695 libro
745 2666 874 2694 octavo

163 2708 348 2744 Ciceronis
375 2710 419 2744 ad
443 2709 651 2744 Familiares
677 2710 872 2743 litterarum

162 2758 317 2792 insertae.
343 2763 445 2801 sunt,
475 2768 662 2804 agnoscas,
692 2759 812 2792 effecit
838 2762 876 2789 ut

162 2806 198 2838 in
242 2807 464 2841 adversarios
508 2807 636 2841 acerba
684 2806 874 2840 dicacitate

161 2855 406 2890 inveheretur.
445 2856 571 2889 Cicero
599 2855 644 2889 de
669 2860 809 2888 mortuo
840 2858 875 2888 et

161 2902 229 2935 sibi
263 2903 346 2937 olim
373 2904 487 2938 amico
517 2904 677 2938 scribens
703 2906 739 2937 in
763 2903 874 2936 Bruto

162 2950 244 2987 c.79
268 2951 424 2987 facetum
452 2958 487 2987 et
509 2952 748 2997 perurbanum
774 2950 875 2987 cele-

943 2012 1031 2054 brat,
1061 2022 1129 2057 quo
1146 2018 1292 2046 auctore
1312 2022 1395 2045 usus
1414 2010 1655 2054 Quintilianus

944 2061 970 2094 X
1004 2063 1019 2094 1
1052 2061 1139 2094 115:
1179 2060 1517 2104 muttuminqeniiin
1533 2059 1654 2093 Caelio

944 2114 974 2141 et
1012 2109 1203 2154 praecipue
1239 2110 1276 2141 in
1311 2107 1512 2141 accusando
1546 2106 1655 2141 multa

941 2156 1139 2199 urbanitas,
1167 2157 1355 2202 diynusque
1373 2156 1428 2189 vir
1443 2156 1501 2189 cui
1514 2160 1546 2189 et
1560 2166 1655 2189 mens

942 2204 1066 2239 melior
1092 2210 1124 2238 et
1151 2206 1223 2239 vita
1248 2204 1388 2250 longior
1427 2205 1637 2249 contigisset.

1014 2275 1171 2310 innidere
1204 2281 1236 2308 et
1272 2276 1403 2309 livere.-
1431 2275 1566 2309 invidia
1594 2280 1655 2309 re-

943 2325 1050 2368 spicit
1079 2334 1141 2358 eos
1169 2323 1297 2369 quibus
1324 2323 1524 2367 invidetur,
1562 2323 1656 2358 tivo·-

943 2374 1039 2417 ipsos
1085 2373 1308 2416 invidentes,
1352 2377 1527 2417 quatenus
1563 2371 1655 2407 livor

943 2426 1091 2465 pectore
1134 2422 1274 2455 clausus
1315 2426 1470 2455 macerat
1507 2422 1566 2466 qui
1611 2431 1654 2455 eo

942 2470 1072 2503 affectu
1099 2474 1277 2504 tenentur.

1001 2563 1110 2596 sotum
1128 2564 1222 2596 inter
1238 2562 1301 2595 hos
1317 2561 1473 2595 arbitror
1488 2562 1652 2595 Brutum:

942 2612 1084 2644 iuvenis
1114 2612 1247 2645 veteris
1273 2612 1323 2644 rei
1349 2609 1514 2654 publicae
1529 2618 1653 2643 aman-

942 2660 1098 2693 tissimus
1124 2670 1240 2693 acrem
1267 2659 1443 2692 libertatis
1475 2657 1653 2692 vindicem

943 2713 978 2741 ct
1011 2709 1211 2752 sapientiae
1247 2708 1374 2741 studiis
1407 2717 1491 2751 prae
1525 2707 1654 2740 ceteris

943 2755 1101 2790 deditum
1140 2756 1315 2801 singulari
1360 2767 1402 2789 ac
1445 2754 1568 2789 nescio
1609 2765 1652 2788 an

943 2805 1050 2838 nimia
1079 2805 1314 2839 veneratione
1329 2804 1567 2848 prosequitur.
1597 2802 1652 2837 Cs.

943 2852 990 2885 ΙΙΙ
1015 2853 1079 2887 76:
1125 2854 1186 2887 sed
1209 2851 1480 2899 praefulgebant
1511 2851 1654 2884 Cassius

943 2907 1044 2945 atque
1072 2902 1200 2935 Brutus
1226 2912 1265 2935 eo
1293 2902 1367 2946 ipso
1401 2901 1491 2945 quod
1523 2900 1654 2945 εῙβρίεε

945 2960 1064 2984 eorum
1088 2961 1160 2984 non
1184 2949 1396 2984 visebantur.
