1768 3216
707 250 794 286 Cu.
825 252 977 289 12—14.
1530 252 1603 289 lov

111 363 239 408 disse.
285 366 383 408 Mox
411 366 520 408 bella
551 355 692 409 civilia
726 371 767 409 et
797 368 840 409 in
866 380 954 410 rem
985 368 1191 423 publicam
1220 381 1346 413 versa
1363 370 1607 426 principum

111 452 241 493 orma,
276 453 327 483 ac
358 440 485 496 longa
518 441 674 483 oblivio
705 442 943 484 Britanniae
974 444 1097 486 etiam
1127 445 1169 486 in
1200 457 1320 499 pace.
1380 442 1608 489 Consilium

110 515 164 558 id*
186 515 309 557 divus
340 515 555 570 Augustus
584 517 788 570 vocabat,
835 518 1024 559 Tiberius
1068 523 1347 574 praeceptum.
1408 520 1608 576 Agitasse

113 589 262 632 Gaium
293 590 518 632 Caesarem
547 591 599 633 de
630 592 822 635 intranda
853 593 1063 635 Britannia
1094 595 1196 636 satis
1215 599 1392 648 constat,
1422 595 1467 636 ni
1484 595 1611 638 velox

108 664 296 719 ingenio,
329 665 495 707 mobilis
517 667 810 720 paenitentiae,
839 672 880 709 et
899 669 1091 723 ingentes
1115 668 1319 712 adversus
1344 669 1606 712 Germaniam
1621 680 1642 710 s

108 743 285 781 conatus
316 739 467 782 frustra
499 741 687 783 fuissent.
748 742 876 783 Divus
897 743 1092 785 Claudius
1111 748 1258 786 auctor
1280 745 1435 799 operis,
1467 748 1611 786 trans-

109 814 244 856 vectis
282 814 522 869 legionibus
560 815 809 870 auxiliisque
849 820 890 858 et
927 817 1144 872 adsumpto
1186 819 1228 859 in
1267 823 1426 873 partem
1470 830 1610 861 rerum

111 888 400 942 Vespasian03
441 890 552 943 quod
578 890 738 932 initium
771 895 973 933 venturae
1003 905 1101 934 mox
1132 893 1325 936 fortunae
1365 893 1454 935 suit.
1513 894 1607 935 Do-

109 962 234 1005 mine
261 967 436 1018 genteS,
475 965 584 1018 capti
614 977 763 1019 reges,
807 969 848 1006 et
883 971 1134 1008 monstratus
1175 968 1270 1009 fatis
1309 968 1606 1022 Vespasianus.

42 1043 100 1084 14
113 1036 400 1079 Consularium
430 1038 587 1091 primns
624 1038 756 1080 Aulus
792 1039 973 1082 Plautius
1012 1042 1275 1095 praepositus
1290 1041 1312 1093 ,'
1346 1054 1396 1083 ac
1429 1042 1608 1084 subinde
1633 1054 1673 1084 ιο

111 1112 303 1156 Ostorius
333 1112 524 1166 Scapula,
555 1116 729 1168 uterque
751 1113 860 1156 bello
888 1115 1088 1170 egregins
1097 1130 1110 1167 3
1142 1115 1397 1171 redactaque
1414 1115 1612 1171 paulatim

207 1297 243 1331 2.
269 1295 391 1343 ctiam]
417 1297 491 1330 iam
514 1298 559 1340 Δ,
586 1307 659 1331 non
687 1299 726 1332 Γ.

108 1349 207 1390 ptum
230 1355 302 1391 mg.
330 1346 364 1379 Γ
384 1350 420 1379 et
445 1348 481 1381 Δ
506 1350 542 1379 et
572 1346 651 1381 cod.
683 1345 814 1381 Ursini.

811 1300 845 1334 3.
870 1300 1062 1345 praecipue
1086 1302 1119 1334 Γ
1138 1303 1174 1334 et
1196 1275 1437 1335 Puteolanus:
1461 1311 1614 1347 praece-

953 1349 987 1383 5.
1013 1348 1150 1393 ingenii
1172 1350 1217 1391 Δ,
1243 1359 1314 1382 non
1342 1351 1380 1384 Γ.
1479 1349 1615 1384 mobilis

106 1393 346 1439 poenitenciae
371 1395 424 1429 A:
456 1394 576 1428 mobili
605 1395 845 1440 poenitentiae
882 1398 921 1438 Γ,
962 1396 1099 1430 mobilis
1131 1397 1350 1442 poenitentia
1382 1397 1612 1432 Puteolanus.

111 1441 147 1477 6.
172 1442 382 1476 auctoritate
410 1444 495 1477 121:
523 1449 649 1477 auctor
674 1443 903 1478 Puteolanus.

112 1491 146 1528 Γ
141 1492 178 1528 Δ
200 1490 377 1525 Domitiae
401 1492 525 1538 qentis.

114 1664 247 1694 certum
268 1664 360 1693 melu
384 1670 433 1694 an
456 1671 521 1705 per
544 1660 726 1695 invidiam.
776 1661 831 1695 De

114 1707 247 1743 Tiberii
270 1718 357 1752 erga
383 1713 575 1753 praecepta
589 1709 742 1755 Augusti
770 1720 831 1744 re..

115 1755 280 1791 verentia
305 1767 340 1790 v.
366 1755 383 1790 1
408 1757 474 1799 77,
509 1757 559 1791 lv
585 1758 644 1792 37.
700 1758 827 1792 Strabo

115 1804 148 1839 11
171 1809 197 1840 4
219 1805 255 1847 8,
283 1804 333 1839 lv
358 1806 381 1840 5
406 1806 441 1840 3.
531 1806 684 1850 agitasse
705 1807 831 1841 Guium

118 1854 331 1888 Caesarem:
359 1854 415 1888 Cf.
442 1853 510 1887 Dio
534 1854 609 1888 le
634 1855 694 1890 25.
737 1855 831 1890 Sue-

115 1903 236 1937 tonius
249 1901 366 1948 Gatig.
393 1902 442 1937 44
467 1907 503 1936 et
518 1903 578 1938 46.
606 1902 753 1938 Orosius
766 1903 830 1937 vn

116 1952 152 1986 5.
200 1949 312 1985 Tacit.
339 1949 380 1984 ll.
409 1949 458 1984 lv
487 1951 543 1986 15.
696 1952 832 1986 mobilis

114 1999 382 2045 paenitentiae:
418 2000 601 2044 genitivus
628 2010 768 2034 causam
797 2005 833 2034 et

116 2048 253 2082 fontem
291 2047 482 2092 exprimit3
521 2048 617 2082 conf.
653 2048 830 2084 fl.15-3:

116 2097 229 2131 animi
247 2095 463 2130 immodicus.
550 2104 552 2106 ·

166 2165 287 2201 *divus
322 2166 492 2201 Claudius
524 2173 650 2201 auctor
691 2168 832 2213 operis:

117 2224 207 2259 opus
241 2219 296 2249 cst
330 2215 449 2249 insula
493 2214 551 2250 vel
589 2226 717 2262 magna
753 2217 832 2250 eius

117 2273 199 2308 pars
234 2263 383 2297 subacta
418 2269 453 2298 et
485 2264 644 2298 Romano
679 2265 830 2308 imperio

117 2310 280 2353 adiecta,
306 2315 414 2356 atque
441 2312 476 2345 id
507 2312 640 2345 factum
666 2317 719 2345 est
747 2322 832 2356 pro-

118 2360 238 2394 vincia
264 2360 420 2394 Romana
447 2361 483 2392 in
510 2360 612 2394 terris
626 2359 833 2393 Britanniae

118 2411 231 2452 parta.
257 2407 369 2442 lulius
385 2406 516 2442 Caesar
541 2407 631 2442 nihil
658 2409 727 2441 nisi
748 2407 832 2453 glo-

117 2457 206 2491 riam
232 2460 474 2502 transgressus
507 2457 649 2491 fortiter
675 2456 833 2500 suscepti

118 2504 261 2539 tulerat.
289 2504 329 2538 ln
344 2505 527 2539 Vaticanis
553 2506 763 2538 aiacem-itate
789 2515 832 2537 ex

120 2553 332 2598 compendio
376 2554 530 2587 nominis
570 2558 696 2587 auctor
739 2552 833 2586 male

118 2606 237 2640 soluto
269 2605 441 2645 emersit,
485 2604 566 2638 dum
593 2604 711 2638 scriba
735 2605 831 2643 αιιιὸ,

120 2654 155 2688 h.
179 2665 211 2688 e.
238 2659 375 2693 auctor,
403 2653 484 2685 anile
511 2652 613 2697 legit,
640 2651 675 2685 h.
703 2662 735 2685 e.
764 2662 831 2686 au-

119 2702 292 2736 ctoritate.
343 2699 594 2733 Doederlinius
624 2703 660 2734 et
685 2700 834 2734 Wexius

119 2753 309 2785 suaserunt
351 2753 476 2781 auctor
523 2748 645 2781 iterati
699 2749 832 2793 operis,

122 2796 394 2842 Bezzenberger
418 2801 543 2829 auctor
567 2797 657 2830 tanti
677 2807 731 2841 op.
758 2795 834 2830 Ad-

120 2846 231 2881 ditum
256 2846 347 2879 tanti
370 2845 598 2878 iactationem
625 2844 734 2878 infert
746 2845 834 2878 Am-

121 2895 239 2928 miano
268 2893 410 2939 dignam
427 2920 435 2935 ‚
471 2903 490 2926 a
516 2891 627 2926 Taciti
654 2892 834 2936 simplici-

121 2948 193 2978 tate
216 2942 327 2988 longe
353 2941 622 2983 abhorrentem;
660 2941 781 2974 iterati
802 2941 834 2974 si

120 2991 311 3035 addamus,
353 3001 437 3037 opus
470 2988 515 3025 de
544 2994 768 3036 transgressu
796 2989 834 3024 in

978 1444 1013 1479 8.
1042 1445 1205 1479 Bomitae
1228 1451 1347 1491 qentes
1372 1445 1613 1481 Puteolanum

604 1493 660 1530 10.
688 1491 855 1527 Plancius
881 1495 920 1537 Γ,
948 1492 1107 1528 Plancius
1137 1493 1368 1529 Puteolanus.

899 1663 1116 1697 Britanniam
1155 1663 1365 1706 accipietur.
1405 1662 1495 1696 -Sed
1532 1673 1616 1708 opus

899 1712 1092 1756 opponitur
1117 1716 1187 1745 tam
1206 1711 1360 1745 ludibrio
1378 1711 1534 1746 Gaianae
1548 1722 1616 1746 ex-

899 1760 1093 1804 peditionis
1116 1770 1219 1804 quam
1250 1760 1425 1803 speciosis
1445 1770 1487 1793 ac
1512 1761 1615 1794 vanis

901 1808 981 1842 lulii
997 1808 1162 1844 Caesaris
1189 1807 1449 1842 conaminibus.
1477 1807 1531 1842 De
1556 1809 1615 1842 in-

900 1862 1004 1901 cepto
1032 1856 1171 1891 Claudii
1200 1856 1246 1890 cf.
1275 1856 1465 1891 Suetonius
1488 1855 1614 1891 Claud.

903 1906 958 1940 ¹7.
984 1905 1053 1940 Dio
1077 1905 1136 1940 Lx
1165 1904 1209 1940 19
1234 1916 1310 1950 sqq.
1335 1905 1531 1948 Eutropius
1552 1903 1617 1940 vu

903 1955 957 1989 13.
986 1954 1056 1988 Res
1072 1954 1192 1998 coepit
1207 1964 1300 1987 anno
1316 1953 1412 1988 urbis
1435 1953 1615 1989 796=43.

997 2051 1176 2096 adsumpto
1204 2070 1249 2076 —-
1289 2050 1525 2095 Vespasiano.-
1569 2048 1615 2084 cf.

899 2100 1094 2134 Suetonius
1123 2100 1230 2143 Vesp.
1258 2100 1294 2134 4.
1330 2098 1471 2133 Tacitus
1496 2098 1538 2133 Η.
1566 2097 1616 2145 tlt

898 2151 957 2184 44.
985 2149 1179 2193 Eutropius
1207 2146 1266 2181 vu
1296 2147 1352 2183 19.

971 2219 1061 2264 quod
1085 2219 1223 2252 initium
1238 2223 1407 2252 cenem-ae
1431 2228 1511 2250 moa:
1533 2219 1615 2262 for..

900 2273 1005 2301 tunae
1032 2269 1123 2312 suit.-
1159 2267 1337 2300 fortunam
1364 2265 1449 2299 dicit
1478 2264 1616 2307 Vespa·
1662 2304 1675 2310 ,

899 2316 989 2348 siani
1018 2316 1053 2347 in
1079 2315 1264 2358 imperium
1291 2314 1420 2355 asciti,
1460 2322 1532 2345 nou
1556 2320 1616 2345 res

900 2364 936 2396 in
964 2362 1147 2396 Britannia
1173 2371 1342 2406 prospere
1369 2365 1502 2407 gestas.

981 2459 1193 2488 morasti-alus
1231 2454 1315 2499 satis
1359 2453 1615 2499 Vespasianus.-

901 2503 1006 2537 rebns
1031 2503 1188 2537 feliciter
1215 2502 1368 2547 peractis
1395 2501 1521 2536 oculos
1547 2500 1616 2535 ho-

900 2552 1034 2585 minum
1069 2551 1309 2596 Vespasianus
1349 2551 1457 2584 vertit
1498 2551 1535 2584 in
1574 2560 1615 2584 so

901 2605 1076 2645 tamquam
1104 2610 1255 2647 magnae
1292 2599 1457 2633 fortunae
1495 2607 1615 2632 reser-

902 2653 1040 2690 vatum3
1069 2648 1136 2682 hoc
1155 2654 1208 2683 est
1230 2648 1415 2681 monstrari
1433 2646 1517 2680 fatis
1536 2646 1616 2680 sivo

902 2707 966 2741 per
990 2697 1075 2731 fata.

977 2791 1061 2836 Cap.
1094 2793 1148 2826 1-2.
1185 2792 1295 2826 Aulus
1310 2790 1487 2825 Plautius:
1516 2789 1616 2825 conf.

906 2839 948 2872 M
975 2840 1033 2881 36,
1064 2838 1138 2873 xltt
1165 2841 1222 2874 32.
1278 2839 1345 2872 Dio
1372 2837 1429 2872 Lx
1462 2837 1614 2873 19-20.

903 2887 1095 2921 Suetonius
1122 2887 1266 2931 Vespas.
1294 2887 1329 2922 4.
1459 2885 1617 2920 Ostorius

903 2934 1083 2981 Scapula.-
1127 2936 1204 2969 eius
1230 2945 1286 2968 res
1313 2938 1432 2980 gestas
1460 2935 1616 2968 narravit

903 2983 1043 3018 Tacitus
1072 2982 1132 3019 ΧΠ
1159 2984 1303 3021 31—-35
1331 2987 1366 3024 et
1391 2981 1548 3018 38-39.
