<?xml version="1.0" encoding="UTF-8"?>
<!DOCTYPE html PUBLIC "-//W3C//DTD XHTML 1.0 Transitional//EN"
    "http://www.w3.org/TR/xhtml1/DTD/xhtml1-transitional.dtd">
<html xmlns="http://www.w3.org/1999/xhtml" xml:lang="en" lang="en">
 <head>
  <title>
</title>
<meta http-equiv="Content-Type" content="text/html;charset=utf-8" />
  <meta name='ocr-system' content='tesseract 3.04.00' />
  <meta name='ocr-capabilities' content='ocr_page ocr_carea ocr_par ocr_line ocrx_word'/>
</head>
<body>
  <div class='ocr_page' id='page_1' title='image "./operaadcodicesan03taciuoft/operaadcodicesan03taciuoft_0790.png"; bbox 0 0 1768 3216; ppageno 0'>
   <div class='ocr_carea' id='block_1_1' title="bbox 157 232 236 270">
    <p class='ocr_par' dir='ltr' id='par_1_1' title="bbox 157 232 236 270">
     <span class='ocr_line' id='line_1_1' title="bbox 157 232 236 270; baseline 0.013 -1"><span class='ocrx_word' id='word_1_1' title='bbox 157 232 236 270; x_wconf 71' lang='lat'><strong>‘848</strong></span> 
     </span>
    </p>
   </div>
   <div class='ocr_carea' id='block_1_2' title="bbox 153 350 889 2436">
    <p class='ocr_par' dir='ltr' id='par_1_2' title="bbox 160 350 835 399">
     <span class='ocr_line' id='line_1_2' title="bbox 160 350 835 399; baseline 0 -13"><span class='ocrx_word' id='word_1_2' title='bbox 160 350 352 396; x_wconf 73' lang='lat' dir='ltr'><strong>descriptio</strong></span> <span class='ocrx_word' id='word_1_3' title='bbox 380 350 403 385; x_wconf 90' lang='lat' dir='ltr'>i.</span> <span class='ocrx_word' id='word_1_4' title='bbox 432 361 465 387; x_wconf 85' lang='lat' dir='ltr'>e.</span> <span class='ocrx_word' id='word_1_5' title='bbox 488 350 690 399; x_wconf 77' lang='grc' dir='ltr'>χαρακτήρ</span> <span class='ocrx_word' id='word_1_6' title='bbox 718 351 746 386; x_wconf 95' lang='lat' dir='ltr'>O</span> <span class='ocrx_word' id='word_1_7' title='bbox 777 352 835 389; x_wconf 87' lang='lat'>20.</span> 
     </span>
    </p>

    <p class='ocr_par' dir='ltr' id='par_1_3' title="bbox 161 410 880 506">
     <span class='ocr_line' id='line_1_3' title="bbox 161 410 880 458; baseline 0 -11"><span class='ocrx_word' id='word_1_8' title='bbox 161 412 326 447; x_wconf 88' lang='lat' dir='ltr'>detentus</span> <span class='ocrx_word' id='word_1_9' title='bbox 358 410 464 446; x_wconf 89' lang='lat' dir='ltr'>rebus</span> <span class='ocrx_word' id='word_1_10' title='bbox 491 413 661 458; x_wconf 85' lang='lat' dir='ltr'>gerundis</span> <span class='ocrx_word' id='word_1_11' title='bbox 688 413 880 448; x_wconf 80' lang='lat' dir='ltr'><strong>Suetonius</strong></span> 
     </span>
     <span class='ocr_line' id='line_1_4' title="bbox 212 470 338 506; baseline -0.016 0"><span class='ocrx_word' id='word_1_12' title='bbox 212 470 254 506; x_wconf 79' lang='lat'><strong>14</strong></span> <span class='ocrx_word' id='word_1_13' title='bbox 279 471 338 506; x_wconf 90' lang='lat'>39.</span> 
     </span>
    </p>

    <p class='ocr_par' dir='ltr' id='par_1_4' title="bbox 160 531 856 580">
     <span class='ocr_line' id='line_1_5' title="bbox 160 531 856 580; baseline 0.003 -14"><span class='ocrx_word' id='word_1_14' title='bbox 160 531 318 576; x_wconf 83' lang='lat' dir='ltr'>dextrae,</span> <span class='ocrx_word' id='word_1_15' title='bbox 348 531 497 577; x_wconf 87' lang='lat' dir='ltr'>hospitii</span> <span class='ocrx_word' id='word_1_16' title='bbox 524 533 668 580; x_wconf 86' lang='lat' dir='ltr'>insigne</span> <span class='ocrx_word' id='word_1_17' title='bbox 694 534 724 568; x_wconf 88' lang='lat' dir='ltr'>H</span> <span class='ocrx_word' id='word_1_18' title='bbox 753 534 768 568; x_wconf 93' lang='lat'><strong>1</strong></span> <span class='ocrx_word' id='word_1_19' title='bbox 798 534 856 570; x_wconf 85' lang='lat'>54.</span> 
     </span>
    </p>

    <p class='ocr_par' dir='ltr' id='par_1_5' title="bbox 160 591 883 636">
     <span class='ocr_line' id='line_1_6' title="bbox 160 591 883 636; baseline 0.004 -10"><span class='ocrx_word' id='word_1_20' title='bbox 160 591 196 627; x_wconf 87' lang='lat' dir='ltr'>di</span> <span class='ocrx_word' id='word_1_21' title='bbox 224 596 260 627; x_wconf 86' lang='lat' dir='ltr'>et</span> <span class='ocrx_word' id='word_1_22' title='bbox 286 591 352 636; x_wconf 86' lang='lat' dir='ltr'>dis,</span> <span class='ocrx_word' id='word_1_23' title='bbox 382 602 453 626; x_wconf 91' lang='lat' dir='ltr'>non</span> <span class='ocrx_word' id='word_1_24' title='bbox 480 593 527 628; x_wconf 91' lang='lat' dir='ltr'>dii</span> <span class='ocrx_word' id='word_1_25' title='bbox 555 598 591 628; x_wconf 83' lang='lat' dir='ltr'>et</span> <span class='ocrx_word' id='word_1_26' title='bbox 620 594 689 629; x_wconf 92' lang='lat' dir='ltr'>diis</span> <span class='ocrx_word' id='word_1_27' title='bbox 716 595 745 629; x_wconf 89' lang='lat' dir='ltr'><em>H</em></span> <span class='ocrx_word' id='word_1_28' title='bbox 769 595 794 630; x_wconf 97' lang='lat'>4</span> <span class='ocrx_word' id='word_1_29' title='bbox 826 594 883 631; x_wconf 87' lang='lat'>74.</span> 
     </span>
    </p>

    <p class='ocr_par' dir='ltr' id='par_1_6' title="bbox 158 651 605 690">
     <span class='ocr_line' id='line_1_7' title="bbox 158 651 605 690; baseline 0.004 -4"><span class='ocrx_word' id='word_1_30' title='bbox 158 651 273 687; x_wconf 86' lang='lat' dir='ltr'>Diana</span> <span class='ocrx_word' id='word_1_31' title='bbox 299 652 471 688; x_wconf 81' lang='lat' dir='ltr'>Limnatis</span> <span class='ocrx_word' id='word_1_32' title='bbox 496 654 520 690; x_wconf 89' lang='lat'>4</span> <span class='ocrx_word' id='word_1_33' title='bbox 544 652 605 690; x_wconf 92' lang='lat'>43.</span> 
     </span>
    </p>

    <p class='ocr_par' dir='ltr' id='par_1_7' title="bbox 160 712 770 751">
     <span class='ocr_line' id='line_1_8' title="bbox 160 712 770 751; baseline 0.003 -3"><span class='ocrx_word' id='word_1_34' title='bbox 160 712 300 748; x_wconf 81' lang='lat' dir='ltr'>Dianae</span> <span class='ocrx_word' id='word_1_35' title='bbox 328 713 430 748; x_wconf 89' lang='lat' dir='ltr'>lucus</span> <span class='ocrx_word' id='word_1_36' title='bbox 458 714 517 749; x_wconf 90' lang='lat' dir='ltr'>ubi</span> <span class='ocrx_word' id='word_1_37' title='bbox 547 716 636 750; x_wconf 80' lang='lat' dir='ltr'>situs</span> <span class='ocrx_word' id='word_1_38' title='bbox 668 716 707 751; x_wconf 89' lang='grc'>12</span> <span class='ocrx_word' id='word_1_39' title='bbox 733 715 770 751; x_wconf 91' lang='lat'>8.</span> 
     </span>
    </p>

    <p class='ocr_par' dir='ltr' id='par_1_8' title="bbox 160 772 805 818">
     <span class='ocr_line' id='line_1_9' title="bbox 160 772 805 818; baseline 0.006 -11"><span class='ocrx_word' id='word_1_40' title='bbox 160 772 354 818; x_wconf 87' lang='lat' dir='ltr'>dicacitati,</span> <span class='ocrx_word' id='word_1_41' title='bbox 382 785 454 809; x_wconf 91' lang='lat' dir='ltr'>non</span> <span class='ocrx_word' id='word_1_42' title='bbox 480 775 665 811; x_wconf 89' lang='lat' dir='ltr'>bibacitati</span> <span class='ocrx_word' id='word_1_43' title='bbox 692 775 720 811; x_wconf 89' lang='grc' dir='ltr'>Ο</span> <span class='ocrx_word' id='word_1_44' title='bbox 747 776 805 811; x_wconf 91' lang='grc'>29.</span> 
     </span>
    </p>

    <p class='ocr_par' dir='ltr' id='par_1_9' title="bbox 162 832 889 932">
     <span class='ocr_line' id='line_1_10' title="bbox 162 832 889 872; baseline 0.004 -4"><span class='ocrx_word' id='word_1_45' title='bbox 162 832 292 869; x_wconf 87' lang='lat' dir='ltr'>dicitur</span> <span class='ocrx_word' id='word_1_46' title='bbox 320 845 399 869; x_wconf 91' lang='lat' dir='ltr'>cum</span> <span class='ocrx_word' id='word_1_47' title='bbox 426 837 632 871; x_wconf 83' lang='lat' dir='ltr'>accusativo</span> <span class='ocrx_word' id='word_1_48' title='bbox 660 847 739 871; x_wconf 92' lang='lat' dir='ltr'>cum</span> <span class='ocrx_word' id='word_1_49' title='bbox 766 837 889 872; x_wconf 86' lang='lat' dir='ltr'>infini-</span> 
     </span>
     <span class='ocr_line' id='line_1_11' title="bbox 206 895 476 932; baseline 0.015 -4"><span class='ocrx_word' id='word_1_50' title='bbox 206 895 281 929; x_wconf 88' lang='lat' dir='ltr'>tivo</span> <span class='ocrx_word' id='word_1_51' title='bbox 310 895 337 929; x_wconf 88' lang='grc' dir='ltr'><strong>Η</strong></span> <span class='ocrx_word' id='word_1_52' title='bbox 365 895 389 931; x_wconf 90' lang='grc'><strong>4</strong></span> <span class='ocrx_word' id='word_1_53' title='bbox 417 897 476 932; x_wconf 89' lang='grc'>52.</span> 
     </span>
    </p>

    <p class='ocr_par' dir='ltr' id='par_1_10' title="bbox 158 955 657 993">
     <span class='ocr_line' id='line_1_12' title="bbox 158 955 657 993; baseline 0.008 -4"><span class='ocrx_word' id='word_1_54' title='bbox 158 955 269 990; x_wconf 88' lang='lat' dir='ltr'>dictio</span> <span class='ocrx_word' id='word_1_55' title='bbox 299 960 335 990; x_wconf 87' lang='lat' dir='ltr'>et</span> <span class='ocrx_word' id='word_1_56' title='bbox 361 956 539 992; x_wconf 78' lang='lat' dir='ltr'>dictiones</span> <span class='ocrx_word' id='word_1_57' title='bbox 566 956 594 992; x_wconf 93' lang='grc' dir='ltr'>Ο</span> <span class='ocrx_word' id='word_1_58' title='bbox 623 959 657 993; x_wconf 88' lang='grc'>2.</span> 
     </span>
    </p>

    <p class='ocr_par' dir='ltr' id='par_1_11' title="bbox 156 1016 419 1051">
     <span class='ocr_line' id='line_1_13' title="bbox 156 1016 419 1051; baseline 0.004 -1"><span class='ocrx_word' id='word_1_59' title='bbox 156 1016 288 1051; x_wconf 88' lang='lat' dir='ltr'>diditus</span> <span class='ocrx_word' id='word_1_60' title='bbox 318 1018 358 1051; x_wconf 91' lang='lat'>11</span> <span class='ocrx_word' id='word_1_61' title='bbox 389 1019 419 1051; x_wconf 90' lang='lat'>1.</span> 
     </span>
    </p>

    <p class='ocr_par' dir='ltr' id='par_1_12' title="bbox 157 1076 563 1114">
     <span class='ocr_line' id='line_1_14' title="bbox 157 1076 563 1114; baseline 0.002 -3"><span class='ocrx_word' id='word_1_62' title='bbox 157 1076 251 1112; x_wconf 88' lang='lat' dir='ltr'>diem</span> <span class='ocrx_word' id='word_1_63' title='bbox 277 1076 426 1112; x_wconf 85' lang='lat' dir='ltr'>induere</span> <span class='ocrx_word' id='word_1_64' title='bbox 453 1078 475 1113; x_wconf 88' lang='grc'>6</span> <span class='ocrx_word' id='word_1_65' title='bbox 501 1078 563 1114; x_wconf 88' lang='grc'>20.</span> 
     </span>
    </p>

    <p class='ocr_par' dir='ltr' id='par_1_13' title="bbox 158 1136 880 1232">
     <span class='ocr_line' id='line_1_15' title="bbox 158 1136 880 1186; baseline 0.004 -16"><span class='ocrx_word' id='word_1_66' title='bbox 158 1136 236 1171; x_wconf 88' lang='lat' dir='ltr'>dies</span> <span class='ocrx_word' id='word_1_67' title='bbox 276 1139 415 1182; x_wconf 88' lang='lat' dir='ltr'>accepti</span> <span class='ocrx_word' id='word_1_68' title='bbox 451 1138 495 1172; x_wconf 88' lang='lat' dir='ltr'>ab</span> <span class='ocrx_word' id='word_1_69' title='bbox 535 1139 700 1186; x_wconf 87' lang='lat' dir='ltr'>Augusto</span> <span class='ocrx_word' id='word_1_70' title='bbox 740 1139 880 1184; x_wconf 89' lang='lat' dir='ltr'>imperii</span> 
     </span>
     <span class='ocr_line' id='line_1_16' title="bbox 216 1197 299 1232; baseline 0 0"><span class='ocrx_word' id='word_1_71' title='bbox 216 1198 234 1232; x_wconf 89' lang='lat'><strong>1</strong></span> <span class='ocrx_word' id='word_1_72' title='bbox 263 1197 299 1232; x_wconf 89' lang='lat'>9.</span> 
     </span>
    </p>

    <p class='ocr_par' dir='ltr' id='par_1_14' title="bbox 166 1257 644 1306">
     <span class='ocr_line' id='line_1_17' title="bbox 166 1257 644 1306; baseline 0.006 -15"><span class='ocrx_word' id='word_1_73' title='bbox 166 1257 243 1292; x_wconf 88' lang='lat' dir='ltr'>dies</span> <span class='ocrx_word' id='word_1_74' title='bbox 268 1257 441 1291; x_wconf 88' lang='lat' dir='ltr'>Alliensis</span> <span class='ocrx_word' id='word_1_75' title='bbox 469 1258 496 1291; x_wconf 88' lang='lat' dir='ltr'>H</span> <span class='ocrx_word' id='word_1_76' title='bbox 523 1259 546 1294; x_wconf 85' lang='lat'><strong>2</strong></span> <span class='ocrx_word' id='word_1_77' title='bbox 571 1258 644 1306; x_wconf 48' lang='lat'>913</span> 
     </span>
    </p>

    <p class='ocr_par' dir='ltr' id='par_1_15' title="bbox 157 1316 832 1364">
     <span class='ocr_line' id='line_1_18' title="bbox 157 1316 832 1364; baseline 0.006 -13"><span class='ocrx_word' id='word_1_78' title='bbox 157 1316 321 1351; x_wconf 82' lang='lat' dir='ltr'>diffidere</span> <span class='ocrx_word' id='word_1_79' title='bbox 342 1329 420 1352; x_wconf 91' lang='lat' dir='ltr'>cum</span> <span class='ocrx_word' id='word_1_80' title='bbox 449 1317 569 1353; x_wconf 87' lang='lat' dir='ltr'>dativo</span> <span class='ocrx_word' id='word_1_81' title='bbox 595 1319 625 1353; x_wconf 88' lang='lat' dir='ltr'>H</span> <span class='ocrx_word' id='word_1_82' title='bbox 653 1321 674 1354; x_wconf 88' lang='grc'><strong>2</strong></span> <span class='ocrx_word' id='word_1_83' title='bbox 700 1319 759 1355; x_wconf 91' lang='grc'>23.</span> <span class='ocrx_word' id='word_1_84' title='bbox 827 1360 832 1364; x_wconf 92' lang='lat'><strong>.</strong></span> 
     </span>
    </p>

    <p class='ocr_par' dir='ltr' id='par_1_16' title="bbox 155 1375 500 1423">
     <span class='ocr_line' id='line_1_19' title="bbox 155 1375 500 1423; baseline 0.009 -13"><span class='ocrx_word' id='word_1_85' title='bbox 155 1375 304 1423; x_wconf 80' lang='lat' dir='ltr'>diffugia</span> <span class='ocrx_word' id='word_1_86' title='bbox 330 1377 359 1412; x_wconf 98' lang='lat' dir='ltr'>H</span> <span class='ocrx_word' id='word_1_87' title='bbox 397 1380 410 1412; x_wconf 93' lang='grc'>1</span> <span class='ocrx_word' id='word_1_88' title='bbox 440 1378 500 1413; x_wconf 91' lang='lat'>39.</span> 
     </span>
    </p>

    <p class='ocr_par' dir='ltr' id='par_1_17' title="bbox 156 1436 750 1484">
     <span class='ocr_line' id='line_1_20' title="bbox 156 1436 750 1484; baseline 0.007 -14"><span class='ocrx_word' id='word_1_89' title='bbox 156 1436 316 1483; x_wconf 80' lang='lat' dir='ltr'>dignatio</span> <span class='ocrx_word' id='word_1_90' title='bbox 346 1447 409 1481; x_wconf 84' lang='lat' dir='ltr'>pro</span> <span class='ocrx_word' id='word_1_91' title='bbox 439 1438 616 1484; x_wconf 83' lang='lat' dir='ltr'>dignitate</span> <span class='ocrx_word' id='word_1_92' title='bbox 643 1437 666 1474; x_wconf 88' lang='lat'>4</span> <span class='ocrx_word' id='word_1_93' title='bbox 693 1439 750 1474; x_wconf 91' lang='grc'>52.</span> 
     </span>
    </p>

    <p class='ocr_par' dir='ltr' id='par_1_18' title="bbox 157 1496 732 1544">
     <span class='ocr_line' id='line_1_21' title="bbox 157 1496 732 1544; baseline 0.009 -14"><span class='ocrx_word' id='word_1_94' title='bbox 157 1496 297 1543; x_wconf 78' lang='lat' dir='ltr'>digredi</span> <span class='ocrx_word' id='word_1_95' title='bbox 328 1502 363 1531; x_wconf 85' lang='lat' dir='ltr'>ct</span> <span class='ocrx_word' id='word_1_96' title='bbox 390 1498 538 1544; x_wconf 82' lang='lat' dir='ltr'>degredi</span> <span class='ocrx_word' id='word_1_97' title='bbox 570 1500 595 1533; x_wconf 91' lang='grc' dir='ltr'>Η</span> <span class='ocrx_word' id='word_1_98' title='bbox 626 1500 647 1533; x_wconf 89' lang='grc'>3</span> <span class='ocrx_word' id='word_1_99' title='bbox 673 1499 732 1535; x_wconf 92' lang='grc'>69.</span> 
     </span>
    </p>

    <p class='ocr_par' dir='ltr' id='par_1_19' title="bbox 156 1556 681 1596">
     <span class='ocr_line' id='line_1_22' title="bbox 156 1556 681 1596; baseline 0.006 -5"><span class='ocrx_word' id='word_1_100' title='bbox 156 1556 337 1592; x_wconf 82' lang='lat' dir='ltr'>dimittere</span> <span class='ocrx_word' id='word_1_101' title='bbox 363 1558 496 1593; x_wconf 84' lang='lat' dir='ltr'>tributa</span> <span class='ocrx_word' id='word_1_102' title='bbox 523 1559 549 1593; x_wconf 85' lang='lat' dir='ltr'>H</span> <span class='ocrx_word' id='word_1_103' title='bbox 575 1560 599 1594; x_wconf 94' lang='lat'><strong>3</strong></span> <span class='ocrx_word' id='word_1_104' title='bbox 623 1561 681 1596; x_wconf 84' lang='lat'>55.</span> 
     </span>
    </p>

    <p class='ocr_par' dir='ltr' id='par_1_20' title="bbox 159 1617 888 1838">
     <span class='ocr_line' id='line_1_23' title="bbox 159 1617 888 1657; baseline 0.007 -6"><span class='ocrx_word' id='word_1_105' title='bbox 159 1617 228 1651; x_wconf 89' lang='lat' dir='ltr'>Dio</span> <span class='ocrx_word' id='word_1_106' title='bbox 261 1617 407 1653; x_wconf 82' lang='lat' dir='ltr'>Cassius</span> <span class='ocrx_word' id='word_1_107' title='bbox 453 1619 691 1655; x_wconf 87' lang='lat' dir='ltr'>calumniator</span> <span class='ocrx_word' id='word_1_108' title='bbox 726 1622 888 1657; x_wconf 82' lang='lat' dir='ltr'>Senecae</span> 
     </span>
     <span class='ocr_line' id='line_1_24' title="bbox 212 1679 885 1717; baseline 0.004 -4"><span class='ocrx_word' id='word_1_109' title='bbox 212 1679 254 1714; x_wconf 89' lang='lat'>15</span> <span class='ocrx_word' id='word_1_110' title='bbox 281 1679 325 1714; x_wconf 87' lang='grc'>61</span> <span class='ocrx_word' id='word_1_111' title='bbox 358 1684 393 1714; x_wconf 86' lang='lat' dir='ltr'>et</span> <span class='ocrx_word' id='word_1_112' title='bbox 423 1680 481 1715; x_wconf 92' lang='lat'>63.</span> <span class='ocrx_word' id='word_1_113' title='bbox 539 1681 701 1716; x_wconf 86' lang='lat' dir='ltr'>homines</span> <span class='ocrx_word' id='word_1_114' title='bbox 729 1687 765 1717; x_wconf 90' lang='lat' dir='ltr'>et</span> <span class='ocrx_word' id='word_1_115' title='bbox 792 1687 885 1716; x_wconf 85' lang='lat' dir='ltr'>tem-</span> 
     </span>
     <span class='ocr_line' id='line_1_25' title="bbox 203 1739 877 1783; baseline 0.006 -11"><span class='ocrx_word' id='word_1_116' title='bbox 203 1748 291 1783; x_wconf 86' lang='lat' dir='ltr'>pora</span> <span class='ocrx_word' id='word_1_117' title='bbox 318 1739 504 1775; x_wconf 83' lang='lat' dir='ltr'>confundit</span> <span class='ocrx_word' id='word_1_118' title='bbox 531 1742 565 1775; x_wconf 92' lang='lat' dir='ltr'>in</span> <span class='ocrx_word' id='word_1_119' title='bbox 592 1753 699 1777; x_wconf 89' lang='lat' dir='ltr'>causa</span> <span class='ocrx_word' id='word_1_120' title='bbox 717 1742 756 1778; x_wconf 93' lang='lat' dir='ltr'>L.</span> <span class='ocrx_word' id='word_1_121' title='bbox 775 1743 877 1777; x_wconf 86' lang='lat' dir='ltr'>Piso-</span> 
     </span>
     <span class='ocr_line' id='line_1_26' title="bbox 204 1798 805 1838; baseline 0.01 -6"><span class='ocrx_word' id='word_1_122' title='bbox 204 1799 259 1833; x_wconf 90' lang='lat' dir='ltr'>nis</span> <span class='ocrx_word' id='word_1_123' title='bbox 284 1798 321 1832; x_wconf 86' lang='lat' dir='ltr'>in</span> <span class='ocrx_word' id='word_1_124' title='bbox 346 1800 470 1835; x_wconf 82' lang='lat' dir='ltr'>Africa</span> <span class='ocrx_word' id='word_1_125' title='bbox 499 1803 610 1836; x_wconf 90' lang='lat' dir='ltr'>occisi</span> <span class='ocrx_word' id='word_1_126' title='bbox 640 1804 667 1837; x_wconf 86' lang='lat' dir='ltr'>H</span> <span class='ocrx_word' id='word_1_127' title='bbox 696 1802 719 1838; x_wconf 90' lang='lat'><strong>4</strong></span> <span class='ocrx_word' id='word_1_128' title='bbox 745 1803 805 1838; x_wconf 87' lang='lat'>48.</span> 
     </span>
    </p>

    <p class='ocr_par' dir='ltr' id='par_1_21' title="bbox 155 1858 549 1904">
     <span class='ocr_line' id='line_1_27' title="bbox 155 1858 549 1904; baseline 0.008 -11"><span class='ocrx_word' id='word_1_129' title='bbox 155 1858 351 1904; x_wconf 84' lang='lat' dir='ltr'>diplomata</span> <span class='ocrx_word' id='word_1_130' title='bbox 381 1863 408 1895; x_wconf 84' lang='lat' dir='ltr'>H</span> <span class='ocrx_word' id='word_1_131' title='bbox 438 1863 459 1895; x_wconf 85' lang='lat'><strong>2</strong></span> <span class='ocrx_word' id='word_1_132' title='bbox 492 1862 549 1898; x_wconf 90' lang='lat'>54.</span> 
     </span>
    </p>

    <p class='ocr_par' dir='ltr' id='par_1_22' title="bbox 156 1920 881 2025">
     <span class='ocr_line' id='line_1_28' title="bbox 156 1920 881 1965; baseline 0.003 -10"><span class='ocrx_word' id='word_1_133' title='bbox 156 1920 293 1955; x_wconf 88' lang='lat' dir='ltr'>directa</span> <span class='ocrx_word' id='word_1_134' title='bbox 318 1923 446 1965; x_wconf 82' lang='lat' dir='ltr'>oratio,</span> <span class='ocrx_word' id='word_1_135' title='bbox 475 1922 535 1957; x_wconf 92' lang='lat' dir='ltr'>ubi</span> <span class='ocrx_word' id='word_1_136' title='bbox 563 1923 688 1958; x_wconf 88' lang='lat' dir='ltr'>debuit</span> <span class='ocrx_word' id='word_1_137' title='bbox 714 1933 794 1958; x_wconf 87' lang='lat' dir='ltr'>esse</span> <span class='ocrx_word' id='word_1_138' title='bbox 822 1924 881 1957; x_wconf 92' lang='lat' dir='ltr'>in-</span> 
     </span>
     <span class='ocr_line' id='line_1_29' title="bbox 205 1980 666 2025; baseline 0.009 -11"><span class='ocrx_word' id='word_1_139' title='bbox 205 1980 342 2015; x_wconf 88' lang='lat' dir='ltr'>directa</span> <span class='ocrx_word' id='word_1_140' title='bbox 373 1982 397 2015; x_wconf 88' lang='grc' dir='ltr'><strong>Η</strong></span> <span class='ocrx_word' id='word_1_141' title='bbox 427 1983 448 2016; x_wconf 89' lang='grc'><strong>2</strong></span> <span class='ocrx_word' id='word_1_142' title='bbox 473 1982 531 2025; x_wconf 88' lang='lat'>99,</span> <span class='ocrx_word' id='word_1_143' title='bbox 560 1984 581 2018; x_wconf 89' lang='lat'>5</span> <span class='ocrx_word' id='word_1_144' title='bbox 611 1984 666 2018; x_wconf 90' lang='grc'><strong>17.</strong></span> 
     </span>
    </p>

    <p class='ocr_par' dir='ltr' id='par_1_23' title="bbox 158 2038 883 2195">
     <span class='ocr_line' id='line_1_30' title="bbox 158 2038 883 2086; baseline 0.007 -14"><span class='ocrx_word' id='word_1_145' title='bbox 158 2038 320 2084; x_wconf 88' lang='lat' dir='ltr'>dispecta</span> <span class='ocrx_word' id='word_1_146' title='bbox 347 2045 402 2074; x_wconf 88' lang='lat' dir='ltr'>est</span> <span class='ocrx_word' id='word_1_147' title='bbox 429 2047 464 2075; x_wconf 83' lang='lat' dir='ltr'>et</span> <span class='ocrx_word' id='word_1_148' title='bbox 480 2042 619 2086; x_wconf 76' lang='lat' dir='ltr'>&#39;l&#39;hule3</span> <span class='ocrx_word' id='word_1_149' title='bbox 649 2054 728 2077; x_wconf 87' lang='lat' dir='ltr'>nam</span> <span class='ocrx_word' id='word_1_150' title='bbox 755 2043 883 2077; x_wconf 86' lang='lat' dir='ltr'>hacte-</span> 
     </span>
     <span class='ocr_line' id='line_1_31' title="bbox 209 2101 879 2146; baseline 0.006 -14"><span class='ocrx_word' id='word_1_151' title='bbox 209 2109 276 2133; x_wconf 87' lang='lat' dir='ltr'>nus</span> <span class='ocrx_word' id='word_1_152' title='bbox 306 2101 453 2143; x_wconf 86' lang='lat' dir='ltr'>iussum,</span> <span class='ocrx_word' id='word_1_153' title='bbox 485 2106 520 2134; x_wconf 92' lang='lat' dir='ltr'>et</span> <span class='ocrx_word' id='word_1_154' title='bbox 546 2101 661 2135; x_wconf 91' lang='lat' dir='ltr'>hiems</span> <span class='ocrx_word' id='word_1_155' title='bbox 687 2103 879 2146; x_wconf 87' lang='lat' dir='ltr'>appetebat</span> 
     </span>
     <span class='ocr_line' id='line_1_32' title="bbox 208 2159 330 2195; baseline 0.008 -2"><span class='ocrx_word' id='word_1_156' title='bbox 208 2159 239 2193; x_wconf 89' lang='lat' dir='ltr'>A</span> <span class='ocrx_word' id='word_1_157' title='bbox 273 2159 330 2195; x_wconf 88' lang='grc'><strong>10.</strong></span> 
     </span>
    </p>

    <p class='ocr_par' dir='ltr' id='par_1_24' title="bbox 156 2218 530 2264">
     <span class='ocr_line' id='line_1_33' title="bbox 156 2218 530 2264; baseline 0.005 -10"><span class='ocrx_word' id='word_1_158' title='bbox 156 2218 334 2264; x_wconf 85' lang='lat' dir='ltr'>dispicere</span> <span class='ocrx_word' id='word_1_159' title='bbox 363 2221 392 2254; x_wconf 85' lang='lat' dir='ltr'>H</span> <span class='ocrx_word' id='word_1_160' title='bbox 421 2219 444 2254; x_wconf 87' lang='lat'>4</span> <span class='ocrx_word' id='word_1_161' title='bbox 470 2221 530 2256; x_wconf 84' lang='lat'>55.</span> 
     </span>
    </p>

    <p class='ocr_par' dir='ltr' id='par_1_25' title="bbox 155 2279 616 2325">
     <span class='ocr_line' id='line_1_34' title="bbox 155 2279 616 2325; baseline 0 -10"><span class='ocrx_word' id='word_1_162' title='bbox 155 2279 347 2325; x_wconf 85' lang='lat' dir='ltr'>disponere</span> <span class='ocrx_word' id='word_1_163' title='bbox 376 2280 471 2315; x_wconf 90' lang='lat' dir='ltr'>diem</span> <span class='ocrx_word' id='word_1_164' title='bbox 503 2281 530 2316; x_wconf 93' lang='lat' dir='ltr'>G</span> <span class='ocrx_word' id='word_1_165' title='bbox 557 2281 616 2317; x_wconf 88' lang='lat'>30.</span> 
     </span>
    </p>

    <p class='ocr_par' dir='ltr' id='par_1_26' title="bbox 153 2339 876 2436">
     <span class='ocr_line' id='line_1_35' title="bbox 153 2339 876 2389; baseline 0.001 -15"><span class='ocrx_word' id='word_1_166' title='bbox 153 2339 353 2375; x_wconf 86' lang='lat' dir='ltr'>distrahere</span> <span class='ocrx_word' id='word_1_167' title='bbox 383 2341 406 2375; x_wconf 86' lang='lat' dir='ltr'>i.</span> <span class='ocrx_word' id='word_1_168' title='bbox 439 2352 470 2375; x_wconf 87' lang='lat' dir='ltr'>e.</span> <span class='ocrx_word' id='word_1_169' title='bbox 501 2341 696 2376; x_wconf 82' lang='lat' dir='ltr'>divendere</span> <span class='ocrx_word' id='word_1_170' title='bbox 722 2341 876 2389; x_wconf 86' lang='lat' dir='ltr'>singulis</span> 
     </span>
     <span class='ocr_line' id='line_1_36' title="bbox 206 2401 312 2436; baseline -0.019 0"><span class='ocrx_word' id='word_1_171' title='bbox 206 2401 229 2436; x_wconf 90' lang='lat'>6</span> <span class='ocrx_word' id='word_1_172' title='bbox 259 2401 312 2436; x_wconf 89' lang='lat'><strong>17.</strong></span> 
     </span>
    </p>
   </div>
   <div class='ocr_carea' id='block_1_3' title="bbox 843 235 983 271">
    <p class='ocr_par' dir='ltr' id='par_1_27' title="bbox 843 235 983 271">
     <span class='ocr_line' id='line_1_37' title="bbox 843 235 983 271; baseline 0 -1"><span class='ocrx_word' id='word_1_173' title='bbox 843 235 983 271; x_wconf 83' lang='lat' dir='ltr'>INDEX</span> 
     </span>
    </p>
   </div>
   <div class='ocr_carea' id='block_1_4' title="bbox 927 353 1663 2449">
    <p class='ocr_par' dir='ltr' id='par_1_28' title="bbox 935 353 1661 520">
     <span class='ocr_line' id='line_1_38' title="bbox 935 353 1661 393; baseline 0.003 -5"><span class='ocrx_word' id='word_1_174' title='bbox 935 354 1069 388; x_wconf 89' lang='lat' dir='ltr'>diversi</span> <span class='ocrx_word' id='word_1_175' title='bbox 1097 353 1283 388; x_wconf 85' lang='lat' dir='ltr'>ordiuntur</span> <span class='ocrx_word' id='word_1_176' title='bbox 1301 354 1324 388; x_wconf 84' lang='lat'><strong>2</strong></span> <span class='ocrx_word' id='word_1_177' title='bbox 1347 355 1404 390; x_wconf 88' lang='grc'><strong>10.</strong></span> <span class='ocrx_word' id='word_1_178' title='bbox 1431 355 1563 392; x_wconf 87' lang='lat' dir='ltr'>diversi</span> <span class='ocrx_word' id='word_1_179' title='bbox 1579 357 1661 393; x_wconf 73' lang='lat' dir='ltr'>udi-</span> 
     </span>
     <span class='ocr_line' id='line_1_39' title="bbox 979 414 1650 462; baseline 0.01 -15"><span class='ocrx_word' id='word_1_180' title='bbox 979 419 1034 447; x_wconf 88' lang='lat' dir='ltr'>tus</span> <span class='ocrx_word' id='word_1_181' title='bbox 1062 414 1091 448; x_wconf 88' lang='lat' dir='ltr'>H</span> <span class='ocrx_word' id='word_1_182' title='bbox 1118 415 1141 450; x_wconf 86' lang='lat'><strong>3</strong></span> <span class='ocrx_word' id='word_1_183' title='bbox 1170 415 1227 449; x_wconf 87' lang='grc'>71.</span> <span class='ocrx_word' id='word_1_184' title='bbox 1281 414 1446 450; x_wconf 84' lang='lat' dir='ltr'>diversae</span> <span class='ocrx_word' id='word_1_185' title='bbox 1482 427 1564 462; x_wconf 86' lang='lat' dir='ltr'>spes</span> <span class='ocrx_word' id='word_1_186' title='bbox 1601 419 1650 454; x_wconf 68' lang='lat'><strong>¹14</strong></span> 
     </span>
     <span class='ocr_line' id='line_1_40' title="bbox 984 473 1660 520; baseline 0.009 -12"><span class='ocrx_word' id='word_1_187' title='bbox 984 475 1043 509; x_wconf 89' lang='grc'>57.</span> <span class='ocrx_word' id='word_1_188' title='bbox 1104 473 1247 509; x_wconf 89' lang='lat' dir='ltr'>diversa</span> <span class='ocrx_word' id='word_1_189' title='bbox 1293 475 1473 520; x_wconf 82' lang='lat' dir='ltr'>praesidia</span> <span class='ocrx_word' id='word_1_190' title='bbox 1517 478 1559 513; x_wconf 84' lang='lat'><strong>15</strong></span> <span class='ocrx_word' id='word_1_191' title='bbox 1604 478 1660 514; x_wconf 89' lang='grc'>17.</span> 
     </span>
    </p>

    <p class='ocr_par' dir='ltr' id='par_1_29' title="bbox 946 535 1415 630">
     <span class='ocr_line' id='line_1_41' title="bbox 946 535 1415 581; baseline 0.004 -11"><span class='ocrx_word' id='word_1_192' title='bbox 946 569 950 575; x_wconf 79' lang='grc'><strong>,</strong></span> <span class='ocrx_word' id='word_1_193' title='bbox 983 546 1028 570; x_wconf 88' lang='lat' dir='ltr'>ex</span> <span class='ocrx_word' id='word_1_194' title='bbox 1066 535 1208 571; x_wconf 86' lang='lat' dir='ltr'>diverso</span> <span class='ocrx_word' id='word_1_195' title='bbox 1250 546 1415 581; x_wconf 77' lang='lat' dir='ltr'>merceS,</span> 
     </span>
     <span class='ocr_line' id='line_1_42' title="bbox 983 595 1122 630; baseline 0 -1"><span class='ocrx_word' id='word_1_196' title='bbox 983 595 1014 630; x_wconf 85' lang='grc' dir='ltr'><strong>Η</strong></span> <span class='ocrx_word' id='word_1_197' title='bbox 1040 595 1062 629; x_wconf 88' lang='lat'><strong>3</strong></span> <span class='ocrx_word' id='word_1_198' title='bbox 1089 596 1122 630; x_wconf 87' lang='lat'>5.</span> 
     </span>
    </p>

    <p class='ocr_par' dir='ltr' id='par_1_30' title="bbox 935 656 1660 754">
     <span class='ocr_line' id='line_1_43' title="bbox 935 656 1660 702; baseline 0.003 -12"><span class='ocrx_word' id='word_1_199' title='bbox 935 656 1084 691; x_wconf 91' lang='lat' dir='ltr'>divitiae</span> <span class='ocrx_word' id='word_1_200' title='bbox 1122 660 1158 691; x_wconf 91' lang='lat' dir='ltr'>et</span> <span class='ocrx_word' id='word_1_201' title='bbox 1196 656 1405 702; x_wconf 81' lang='lat' dir='ltr'>eloquentia</span> <span class='ocrx_word' id='word_1_202' title='bbox 1439 656 1660 693; x_wconf 84' lang='lat' dir='ltr'>delatoribus</span> 
     </span>
     <span class='ocr_line' id='line_1_44' title="bbox 987 716 1605 754; baseline 0.006 -4"><span class='ocrx_word' id='word_1_203' title='bbox 987 716 1178 751; x_wconf 87' lang='lat' dir='ltr'>accusandi</span> <span class='ocrx_word' id='word_1_204' title='bbox 1207 716 1470 752; x_wconf 81' lang='lat' dir='ltr'>hortamentaH</span> <span class='ocrx_word' id='word_1_205' title='bbox 1496 717 1521 753; x_wconf 96' lang='lat'>4</span> <span class='ocrx_word' id='word_1_206' title='bbox 1544 718 1605 754; x_wconf 89' lang='lat'>43.</span> 
     </span>
    </p>

    <p class='ocr_par' dir='ltr' id='par_1_31' title="bbox 937 777 1663 889">
     <span class='ocr_line' id='line_1_45' title="bbox 937 777 1663 825; baseline 0.004 -14"><span class='ocrx_word' id='word_1_207' title='bbox 937 777 1188 812; x_wconf 87' lang='lat' dir='ltr'>documentum</span> <span class='ocrx_word' id='word_1_208' title='bbox 1224 787 1304 812; x_wconf 90' lang='lat' dir='ltr'>esse</span> <span class='ocrx_word' id='word_1_209' title='bbox 1335 778 1560 814; x_wconf 81' lang='lat' dir='ltr'>miseriarum</span> <span class='ocrx_word' id='word_1_210' title='bbox 1595 789 1663 825; x_wconf 82' lang='lat' dir='ltr'>pa-</span> 
     </span>
     <span class='ocr_line' id='line_1_46' title="bbox 988 836 1662 889; baseline 0.004 -18"><span class='ocrx_word' id='word_1_211' title='bbox 988 838 1212 884; x_wconf 88' lang='lat' dir='ltr'>tientiaeque</span> <span class='ocrx_word' id='word_1_212' title='bbox 1238 837 1265 872; x_wconf 88' lang='lat' dir='ltr'>H</span> <span class='ocrx_word' id='word_1_213' title='bbox 1292 836 1317 873; x_wconf 86' lang='lat'><strong>4</strong></span> <span class='ocrx_word' id='word_1_214' title='bbox 1341 837 1401 873; x_wconf 89' lang='grc'>60.</span> <span class='ocrx_word' id='word_1_215' title='bbox 1660 886 1662 889; x_wconf 20' lang='lat' dir='ltr'>v</span> 
     </span>
    </p>

    <p class='ocr_par' dir='ltr' id='par_1_32' title="bbox 938 898 1623 936">
     <span class='ocr_line' id='line_1_47' title="bbox 938 898 1623 936; baseline 0.004 -5"><span class='ocrx_word' id='word_1_216' title='bbox 938 898 1133 932; x_wconf 91' lang='lat' dir='ltr'>dominatio</span> <span class='ocrx_word' id='word_1_217' title='bbox 1161 898 1298 933; x_wconf 88' lang='lat' dir='ltr'>Cinnae</span> <span class='ocrx_word' id='word_1_218' title='bbox 1324 903 1360 934; x_wconf 87' lang='lat' dir='ltr'>et</span> <span class='ocrx_word' id='word_1_219' title='bbox 1386 899 1509 935; x_wconf 81' lang='lat' dir='ltr'>Sullae</span> <span class='ocrx_word' id='word_1_220' title='bbox 1538 901 1557 936; x_wconf 81' lang='lat'><strong>1</strong></span> <span class='ocrx_word' id='word_1_221' title='bbox 1590 900 1623 934; x_wconf 88' lang='lat'>1.</span> 
     </span>
    </p>

    <p class='ocr_par' dir='ltr' id='par_1_33' title="bbox 937 958 1660 1055">
     <span class='ocr_line' id='line_1_48' title="bbox 937 958 1660 1005; baseline 0.003 -12"><span class='ocrx_word' id='word_1_222' title='bbox 937 958 1029 993; x_wconf 93' lang='lat' dir='ltr'>domi</span> <span class='ocrx_word' id='word_1_223' title='bbox 1058 963 1160 1003; x_wconf 83' lang='lat' dir='ltr'>parta</span> <span class='ocrx_word' id='word_1_224' title='bbox 1185 958 1346 1005; x_wconf 85' lang='lat' dir='ltr'>dignatio</span> <span class='ocrx_word' id='word_1_225' title='bbox 1376 959 1418 994; x_wconf 91' lang='lat'><strong>13</strong></span> <span class='ocrx_word' id='word_1_226' title='bbox 1446 959 1507 995; x_wconf 86' lang='lat'>42.</span> <span class='ocrx_word' id='word_1_227' title='bbox 1533 969 1660 995; x_wconf 87' lang='lat' dir='ltr'>versus</span> 
     </span>
     <span class='ocr_line' id='line_1_49' title="bbox 979 1018 1550 1055; baseline 0.005 -3"><span class='ocrx_word' id='word_1_228' title='bbox 979 1018 1090 1052; x_wconf 88' lang='lat' dir='ltr'>Basso</span> <span class='ocrx_word' id='word_1_229' title='bbox 1118 1019 1213 1053; x_wconf 90' lang='lat' dir='ltr'>domi</span> <span class='ocrx_word' id='word_1_230' title='bbox 1240 1024 1436 1054; x_wconf 88' lang='lat' dir='ltr'>nascuntur</span> <span class='ocrx_word' id='word_1_231' title='bbox 1460 1019 1488 1055; x_wconf 95' lang='grc' dir='ltr'><strong>Ο</strong></span> <span class='ocrx_word' id='word_1_232' title='bbox 1515 1019 1550 1055; x_wconf 89' lang='grc'>9.</span> 
     </span>
    </p>

    <p class='ocr_par' dir='ltr' id='par_1_34' title="bbox 932 1072 1658 1124">
     <span class='ocr_line' id='line_1_50' title="bbox 932 1072 1658 1124; baseline 0.004 -12"><span class='ocrx_word' id='word_1_233' title='bbox 932 1072 1025 1113; x_wconf 72' lang='lat' dir='ltr'>domi</span> <span class='ocrx_word' id='word_1_234' title='bbox 1055 1080 1213 1114; x_wconf 86' lang='lat' dir='ltr'>retinere</span> <span class='ocrx_word' id='word_1_235' title='bbox 1238 1080 1460 1124; x_wconf 88' lang='lat' dir='ltr'>provinciam</span> <span class='ocrx_word' id='word_1_236' title='bbox 1489 1080 1519 1115; x_wconf 87' lang='lat' dir='ltr'>H</span> <span class='ocrx_word' id='word_1_237' title='bbox 1553 1081 1570 1115; x_wconf 84' lang='lat'><strong>1</strong></span> <span class='ocrx_word' id='word_1_238' title='bbox 1603 1081 1658 1116; x_wconf 89' lang='grc'>11.</span> 
     </span>
    </p>

    <p class='ocr_par' dir='ltr' id='par_1_35' title="bbox 932 1139 1660 1294">
     <span class='ocr_line' id='line_1_51' title="bbox 932 1139 1660 1184; baseline 0.004 -11"><span class='ocrx_word' id='word_1_239' title='bbox 932 1139 1111 1174; x_wconf 84' lang='lat' dir='ltr'>Domitiae</span> <span class='ocrx_word' id='word_1_240' title='bbox 1139 1140 1243 1184; x_wconf 87' lang='lat' dir='ltr'>duae,</span> <span class='ocrx_word' id='word_1_241' title='bbox 1272 1141 1384 1175; x_wconf 87' lang='lat' dir='ltr'>altera</span> <span class='ocrx_word' id='word_1_242' title='bbox 1398 1140 1551 1176; x_wconf 83' lang='lat' dir='ltr'>Neronis</span> <span class='ocrx_word' id='word_1_243' title='bbox 1566 1141 1660 1176; x_wconf 87' lang='lat' dir='ltr'>ami-</span> 
     </span>
     <span class='ocr_line' id='line_1_52' title="bbox 983 1199 1658 1246; baseline 0.003 -13"><span class='ocrx_word' id='word_1_244' title='bbox 983 1205 1040 1242; x_wconf 85' lang='lat' dir='ltr'>ta,</span> <span class='ocrx_word' id='word_1_245' title='bbox 1086 1199 1199 1234; x_wconf 85' lang='lat' dir='ltr'>altera</span> <span class='ocrx_word' id='word_1_246' title='bbox 1226 1200 1385 1235; x_wconf 82' lang='lat' dir='ltr'>Passieni</span> <span class='ocrx_word' id='word_1_247' title='bbox 1412 1199 1529 1246; x_wconf 84' lang='lat' dir='ltr'>Crispi</span> <span class='ocrx_word' id='word_1_248' title='bbox 1567 1211 1658 1236; x_wconf 88' lang='lat' dir='ltr'>uxor</span> 
     </span>
     <span class='ocr_line' id='line_1_53' title="bbox 993 1259 1119 1294; baseline 0 0"><span class='ocrx_word' id='word_1_249' title='bbox 993 1259 1035 1294; x_wconf 93' lang='lat'><strong>13</strong></span> <span class='ocrx_word' id='word_1_250' title='bbox 1065 1259 1119 1294; x_wconf 88' lang='lat'>19.</span> 
     </span>
    </p>

    <p class='ocr_par' dir='ltr' id='par_1_36' title="bbox 931 1320 1663 1545">
     <span class='ocr_line' id='line_1_54' title="bbox 931 1320 1663 1366; baseline 0 -12"><span class='ocrx_word' id='word_1_251' title='bbox 931 1320 1136 1354; x_wconf 82' lang='lat' dir='ltr'>Domitiano</span> <span class='ocrx_word' id='word_1_252' title='bbox 1164 1320 1285 1365; x_wconf 85' lang='lat' dir='ltr'>plures</span> <span class='ocrx_word' id='word_1_253' title='bbox 1310 1321 1505 1366; x_wconf 87' lang='lat' dir='ltr'>scriptores</span> <span class='ocrx_word' id='word_1_254' title='bbox 1521 1321 1566 1357; x_wconf 87' lang='lat' dir='ltr'>de</span> <span class='ocrx_word' id='word_1_255' title='bbox 1581 1332 1663 1357; x_wconf 83' lang='lat' dir='ltr'>car-</span> 
     </span>
     <span class='ocr_line' id='line_1_55' title="bbox 982 1380 1663 1419; baseline 0.007 -6"><span class='ocrx_word' id='word_1_256' title='bbox 982 1380 1115 1414; x_wconf 90' lang='lat' dir='ltr'>minum</span> <span class='ocrx_word' id='word_1_257' title='bbox 1141 1381 1260 1415; x_wconf 89' lang='lat' dir='ltr'>studio</span> <span class='ocrx_word' id='word_1_258' title='bbox 1293 1381 1400 1416; x_wconf 83' lang='lat' dir='ltr'>foede</span> <span class='ocrx_word' id='word_1_259' title='bbox 1435 1381 1663 1419; x_wconf 84' lang='lat' dir='ltr'>blandientes</span> 
     </span>
     <span class='ocr_line' id='line_1_56' title="bbox 978 1441 1657 1478; baseline 0.004 -3"><span class='ocrx_word' id='word_1_260' title='bbox 978 1441 1006 1475; x_wconf 91' lang='lat' dir='ltr'><strong>H</strong></span> <span class='ocrx_word' id='word_1_261' title='bbox 1034 1441 1056 1474; x_wconf 88' lang='lat'>4</span> <span class='ocrx_word' id='word_1_262' title='bbox 1081 1441 1139 1476; x_wconf 90' lang='lat'>86.</span> <span class='ocrx_word' id='word_1_263' title='bbox 1187 1442 1265 1476; x_wconf 90' lang='lat' dir='ltr'>eius</span> <span class='ocrx_word' id='word_1_264' title='bbox 1292 1441 1337 1476; x_wconf 88' lang='lat' dir='ltr'>de</span> <span class='ocrx_word' id='word_1_265' title='bbox 1363 1441 1501 1477; x_wconf 84' lang='lat' dir='ltr'>Chattis</span> <span class='ocrx_word' id='word_1_266' title='bbox 1527 1443 1657 1478; x_wconf 84' lang='lat' dir='ltr'>trium-</span> 
     </span>
     <span class='ocr_line' id='line_1_57' title="bbox 979 1500 1536 1545; baseline 0.009 -11"><span class='ocrx_word' id='word_1_267' title='bbox 979 1500 1070 1545; x_wconf 90' lang='lat' dir='ltr'>phus</span> <span class='ocrx_word' id='word_1_268' title='bbox 1096 1500 1128 1534; x_wconf 82' lang='lat' dir='ltr'><strong>A</strong></span> <span class='ocrx_word' id='word_1_269' title='bbox 1154 1500 1211 1536; x_wconf 87' lang='lat'>39.</span> <span class='ocrx_word' id='word_1_270' title='bbox 1240 1502 1392 1536; x_wconf 84' lang='lat' dir='ltr'>saevitia</span> <span class='ocrx_word' id='word_1_271' title='bbox 1420 1503 1451 1538; x_wconf 76' lang='lat' dir='ltr'>A</span> <span class='ocrx_word' id='word_1_272' title='bbox 1475 1502 1536 1539; x_wconf 88' lang='lat'>45.</span> 
     </span>
    </p>

    <p class='ocr_par' dir='ltr' id='par_1_37' title="bbox 931 1560 1660 1665">
     <span class='ocr_line' id='line_1_58' title="bbox 931 1560 1660 1610; baseline 0.007 -16"><span class='ocrx_word' id='word_1_273' title='bbox 931 1560 1054 1595; x_wconf 90' lang='lat' dir='ltr'>domos</span> <span class='ocrx_word' id='word_1_274' title='bbox 1083 1571 1168 1595; x_wconf 87' lang='lat' dir='ltr'>vera</span> <span class='ocrx_word' id='word_1_275' title='bbox 1198 1563 1396 1596; x_wconf 87' lang='lat' dir='ltr'>accusativi</span> <span class='ocrx_word' id='word_1_276' title='bbox 1425 1563 1538 1598; x_wconf 73' lang='lat' dir='ltr'>forma</span> <span class='ocrx_word' id='word_1_277' title='bbox 1565 1563 1660 1610; x_wconf 86' lang='lat' dir='ltr'>apud</span> 
     </span>
     <span class='ocr_line' id='line_1_59' title="bbox 987 1621 1548 1665; baseline 0.007 -10"><span class='ocrx_word' id='word_1_278' title='bbox 987 1621 1156 1665; x_wconf 87' lang='lat' dir='ltr'>Tacitum,</span> <span class='ocrx_word' id='word_1_279' title='bbox 1182 1632 1253 1656; x_wconf 94' lang='lat' dir='ltr'>non</span> <span class='ocrx_word' id='word_1_280' title='bbox 1280 1622 1406 1657; x_wconf 87' lang='lat' dir='ltr'>domus</span> <span class='ocrx_word' id='word_1_281' title='bbox 1430 1623 1462 1659; x_wconf 75' lang='lat' dir='ltr'><strong>A</strong></span> <span class='ocrx_word' id='word_1_282' title='bbox 1486 1624 1548 1659; x_wconf 90' lang='grc'>21.</span> 
     </span>
    </p>

    <p class='ocr_par' dir='ltr' id='par_1_38' title="bbox 937 1681 1661 1778">
     <span class='ocr_line' id='line_1_60' title="bbox 937 1681 1661 1730; baseline 0.006 -15"><span class='ocrx_word' id='word_1_283' title='bbox 937 1682 1061 1716; x_wconf 92' lang='lat' dir='ltr'>domus</span> <span class='ocrx_word' id='word_1_284' title='bbox 1087 1681 1239 1716; x_wconf 89' lang='lat' dir='ltr'>Neronis</span> <span class='ocrx_word' id='word_1_285' title='bbox 1266 1683 1431 1718; x_wconf 88' lang='lat' dir='ltr'>immanis</span> <span class='ocrx_word' id='word_1_286' title='bbox 1464 1683 1661 1730; x_wconf 79' lang='lat' dir='ltr'>amplitudo</span> 
     </span>
     <span class='ocr_line' id='line_1_61' title="bbox 982 1740 1204 1778; baseline 0.009 -2"><span class='ocrx_word' id='word_1_287' title='bbox 982 1744 1025 1778; x_wconf 89' lang='lat'><strong>15</strong></span> <span class='ocrx_word' id='word_1_288' title='bbox 1051 1742 1110 1777; x_wconf 88' lang='grc'>42.</span> <span class='ocrx_word' id='word_1_289' title='bbox 1200 1740 1204 1741; x_wconf 57' lang='grc'>’</span> 
     </span>
    </p>

    <p class='ocr_par' dir='ltr' id='par_1_39' title="bbox 932 1802 1658 1898">
     <span class='ocr_line' id='line_1_62' title="bbox 932 1802 1658 1840; baseline 0.006 -4"><span class='ocrx_word' id='word_1_290' title='bbox 932 1802 1057 1837; x_wconf 89' lang='lat' dir='ltr'>domus</span> <span class='ocrx_word' id='word_1_291' title='bbox 1090 1802 1249 1838; x_wconf 90' lang='lat' dir='ltr'>ostendit</span> <span class='ocrx_word' id='word_1_292' title='bbox 1281 1802 1446 1838; x_wconf 84' lang='lat' dir='ltr'>aedificia</span> <span class='ocrx_word' id='word_1_293' title='bbox 1480 1804 1658 1840; x_wconf 87' lang='lat' dir='ltr'>nobilium</span> 
     </span>
     <span class='ocr_line' id='line_1_63' title="bbox 983 1862 1087 1898; baseline 0.01 -2"><span class='ocrx_word' id='word_1_294' title='bbox 983 1865 999 1896; x_wconf 91' lang='lat'><strong>1</strong></span> <span class='ocrx_word' id='word_1_295' title='bbox 1031 1862 1087 1898; x_wconf 90' lang='lat'>73.</span> 
     </span>
    </p>

    <p class='ocr_par' dir='ltr' id='par_1_40' title="bbox 933 1923 1472 1970">
     <span class='ocr_line' id='line_1_64' title="bbox 933 1923 1472 1970; baseline 0 -12"><span class='ocrx_word' id='word_1_296' title='bbox 933 1923 1067 1958; x_wconf 88' lang='lat' dir='ltr'>donare</span> <span class='ocrx_word' id='word_1_297' title='bbox 1095 1927 1131 1958; x_wconf 86' lang='lat' dir='ltr'>et</span> <span class='ocrx_word' id='word_1_298' title='bbox 1158 1923 1283 1970; x_wconf 89' lang='lat' dir='ltr'>largiri</span> <span class='ocrx_word' id='word_1_299' title='bbox 1310 1923 1339 1958; x_wconf 87' lang='lat' dir='ltr'>H</span> <span class='ocrx_word' id='word_1_300' title='bbox 1370 1925 1385 1958; x_wconf 90' lang='lat'><strong>1</strong></span> <span class='ocrx_word' id='word_1_301' title='bbox 1414 1924 1472 1961; x_wconf 87' lang='grc'>52.</span> 
     </span>
    </p>

    <p class='ocr_par' dir='ltr' id='par_1_41' title="bbox 932 1984 1660 2079">
     <span class='ocr_line' id='line_1_65' title="bbox 932 1984 1660 2021; baseline 0.003 -3"><span class='ocrx_word' id='word_1_302' title='bbox 932 1984 1048 2018; x_wconf 87' lang='lat' dir='ltr'>donec</span> <span class='ocrx_word' id='word_1_303' title='bbox 1075 1995 1154 2018; x_wconf 89' lang='lat' dir='ltr'>cum</span> <span class='ocrx_word' id='word_1_304' title='bbox 1178 1985 1412 2019; x_wconf 89' lang='lat' dir='ltr'>coniunctivo</span> <span class='ocrx_word' id='word_1_305' title='bbox 1440 1989 1475 2020; x_wconf 82' lang='lat' dir='ltr'>et</span> <span class='ocrx_word' id='word_1_306' title='bbox 1490 1984 1660 2021; x_wconf 81' lang='lat' dir='ltr'>indicati-</span> 
     </span>
     <span class='ocr_line' id='line_1_66' title="bbox 980 2043 1334 2079; baseline 0.003 -2"><span class='ocrx_word' id='word_1_307' title='bbox 980 2054 1026 2077; x_wconf 91' lang='lat' dir='ltr'>vo</span> <span class='ocrx_word' id='word_1_308' title='bbox 1054 2043 1081 2077; x_wconf 86' lang='lat' dir='ltr'>H</span> <span class='ocrx_word' id='word_1_309' title='bbox 1107 2043 1131 2078; x_wconf 90' lang='lat'><strong>3</strong></span> <span class='ocrx_word' id='word_1_310' title='bbox 1157 2044 1217 2079; x_wconf 90' lang='grc'>61.</span> <span class='ocrx_word' id='word_1_311' title='bbox 1246 2044 1274 2078; x_wconf 92' lang='lat' dir='ltr'><strong>G</strong></span> <span class='ocrx_word' id='word_1_312' title='bbox 1303 2046 1334 2078; x_wconf 90' lang='lat'>1.</span> 
     </span>
    </p>

    <p class='ocr_par' dir='ltr' id='par_1_42' title="bbox 929 2102 1595 2149">
     <span class='ocr_line' id='line_1_67' title="bbox 929 2102 1595 2149; baseline 0.005 -14"><span class='ocrx_word' id='word_1_313' title='bbox 929 2103 1086 2136; x_wconf 91' lang='lat' dir='ltr'>Druidae</span> <span class='ocrx_word' id='word_1_314' title='bbox 1116 2102 1244 2136; x_wconf 79' lang='lat' dir='ltr'>Gallici</span> <span class='ocrx_word' id='word_1_315' title='bbox 1271 2102 1436 2149; x_wconf 87' lang='lat' dir='ltr'>theologi</span> <span class='ocrx_word' id='word_1_316' title='bbox 1468 2103 1510 2136; x_wconf 87' lang='lat'><strong>14</strong></span> <span class='ocrx_word' id='word_1_317' title='bbox 1534 2104 1595 2139; x_wconf 85' lang='lat'>30.</span> 
     </span>
    </p>

    <p class='ocr_par' dir='ltr' id='par_1_43' title="bbox 934 2161 1658 2317">
     <span class='ocr_line' id='line_1_68' title="bbox 934 2161 1652 2198; baseline 0.003 -2"><span class='ocrx_word' id='word_1_318' title='bbox 934 2162 1070 2196; x_wconf 88' lang='lat' dir='ltr'>Drusus</span> <span class='ocrx_word' id='word_1_319' title='bbox 1118 2161 1287 2196; x_wconf 80' lang='lat' dir='ltr'>Claudius</span> <span class='ocrx_word' id='word_1_320' title='bbox 1337 2163 1516 2197; x_wconf 86' lang='lat' dir='ltr'>extinctus</span> <span class='ocrx_word' id='word_1_321' title='bbox 1558 2163 1571 2197; x_wconf 82' lang='lat'><strong>¹</strong></span> <span class='ocrx_word' id='word_1_322' title='bbox 1616 2163 1652 2198; x_wconf 88' lang='lat'>3.</span> 
     </span>
     <span class='ocr_line' id='line_1_69' title="bbox 980 2221 1658 2259; baseline 0.004 -4"><span class='ocrx_word' id='word_1_323' title='bbox 980 2221 1095 2256; x_wconf 91' lang='lat' dir='ltr'>moles</span> <span class='ocrx_word' id='word_1_324' title='bbox 1127 2221 1170 2256; x_wconf 90' lang='lat' dir='ltr'>ab</span> <span class='ocrx_word' id='word_1_325' title='bbox 1199 2232 1242 2256; x_wconf 92' lang='lat' dir='ltr'>eo</span> <span class='ocrx_word' id='word_1_326' title='bbox 1270 2223 1306 2256; x_wconf 92' lang='lat' dir='ltr'>in</span> <span class='ocrx_word' id='word_1_327' title='bbox 1335 2223 1461 2258; x_wconf 90' lang='lat' dir='ltr'>Rheno</span> <span class='ocrx_word' id='word_1_328' title='bbox 1489 2223 1585 2258; x_wconf 80' lang='lat' dir='ltr'>facta</span> <span class='ocrx_word' id='word_1_329' title='bbox 1614 2224 1658 2259; x_wconf 85' lang='lat'>13</span> 
     </span>
     <span class='ocr_line' id='line_1_70' title="bbox 982 2282 1235 2317; baseline 0.004 -1"><span class='ocrx_word' id='word_1_330' title='bbox 982 2282 1038 2316; x_wconf 89' lang='lat'>53.</span> <span class='ocrx_word' id='word_1_331' title='bbox 1070 2283 1096 2316; x_wconf 88' lang='lat' dir='ltr'>H</span> <span class='ocrx_word' id='word_1_332' title='bbox 1128 2283 1148 2317; x_wconf 91' lang='lat'><strong>5</strong></span> <span class='ocrx_word' id='word_1_333' title='bbox 1180 2282 1235 2317; x_wconf 85' lang='lat'><strong>19.</strong></span> 
     </span>
    </p>

    <p class='ocr_par' dir='ltr' id='par_1_44' title="bbox 927 2341 1655 2449">
     <span class='ocr_line' id='line_1_71' title="bbox 927 2341 1655 2391; baseline 0.004 -15"><span class='ocrx_word' id='word_1_334' title='bbox 927 2342 1063 2377; x_wconf 89' lang='lat' dir='ltr'>Drusus</span> <span class='ocrx_word' id='word_1_335' title='bbox 1090 2342 1222 2376; x_wconf 86' lang='lat' dir='ltr'>Tiberii</span> <span class='ocrx_word' id='word_1_336' title='bbox 1259 2341 1353 2376; x_wconf 91' lang='lat' dir='ltr'>filius</span> <span class='ocrx_word' id='word_1_337' title='bbox 1387 2342 1452 2377; x_wconf 91' lang='lat' dir='ltr'>vili</span> <span class='ocrx_word' id='word_1_338' title='bbox 1478 2344 1655 2391; x_wconf 82' lang='lat' dir='ltr'>sanguine</span> 
     </span>
     <span class='ocr_line' id='line_1_72' title="bbox 982 2403 1277 2449; baseline 0 -13"><span class='ocrx_word' id='word_1_339' title='bbox 982 2403 1142 2449; x_wconf 87' lang='lat' dir='ltr'>gaudens</span> <span class='ocrx_word' id='word_1_340' title='bbox 1172 2404 1187 2437; x_wconf 92' lang='lat'><strong>1</strong></span> <span class='ocrx_word' id='word_1_341' title='bbox 1220 2403 1277 2438; x_wconf 85' lang='lat'>76.</span> 
     </span>
    </p>
   </div>
   <div class='ocr_carea' id='block_1_5' title="bbox 1465 539 1663 584">
    <p class='ocr_par' dir='ltr' id='par_1_45' title="bbox 1465 539 1663 584">
     <span class='ocr_line' id='line_1_73' title="bbox 1465 539 1663 584; baseline 0.015 -13"><span class='ocrx_word' id='word_1_342' title='bbox 1465 539 1663 584; x_wconf 80' lang='lat' dir='ltr'>praemium</span> 
     </span>
    </p>
   </div>
   <div class='ocr_carea' id='block_1_6' title="bbox 153 2460 1574 2572">
    <p class='ocr_par' dir='ltr' id='par_1_46' title="bbox 153 2460 1574 2572">
     <span class='ocr_line' id='line_1_74' title="bbox 153 2460 1574 2508; baseline 0.004 -14"><span class='ocrx_word' id='word_1_343' title='bbox 153 2460 380 2496; x_wconf 87' lang='lat' dir='ltr'>distributiva</span> <span class='ocrx_word' id='word_1_344' title='bbox 396 2463 593 2497; x_wconf 85' lang='lat' dir='ltr'>numeralia</span> <span class='ocrx_word' id='word_1_345' title='bbox 612 2475 691 2498; x_wconf 91' lang='lat' dir='ltr'>cum</span> <span class='ocrx_word' id='word_1_346' title='bbox 710 2464 870 2498; x_wconf 88' lang='lat' dir='ltr'>eiusdem</span> <span class='ocrx_word' id='word_1_347' title='bbox 922 2464 1013 2498; x_wconf 86' lang='lat' dir='ltr'>duae</span> <span class='ocrx_word' id='word_1_348' title='bbox 1042 2465 1245 2508; x_wconf 88' lang='lat' dir='ltr'>praetoriae</span> <span class='ocrx_word' id='word_1_349' title='bbox 1273 2463 1440 2499; x_wconf 89' lang='lat' dir='ltr'>cohortes</span> <span class='ocrx_word' id='word_1_350' title='bbox 1466 2466 1490 2499; x_wconf 89' lang='grc'>2</span> <span class='ocrx_word' id='word_1_351' title='bbox 1518 2464 1574 2500; x_wconf 92' lang='grc'>16.</span> 
     </span>
     <span class='ocr_line' id='line_1_75' title="bbox 199 2523 1541 2572; baseline 0.003 -16"><span class='ocrx_word' id='word_1_352' title='bbox 199 2523 343 2569; x_wconf 87' lang='lat' dir='ltr'>generis</span> <span class='ocrx_word' id='word_1_353' title='bbox 382 2524 560 2558; x_wconf 89' lang='lat' dir='ltr'>vocabulo</span> <span class='ocrx_word' id='word_1_354' title='bbox 603 2525 774 2572; x_wconf 85' lang='lat' dir='ltr'>(singuli)</span> <span class='ocrx_word' id='word_1_355' title='bbox 815 2530 875 2559; x_wconf 87' lang='lat' dir='ltr'>aut</span> <span class='ocrx_word' id='word_1_356' title='bbox 925 2524 1172 2558; x_wconf 87' lang='lat' dir='ltr'>ducentesima</span> <span class='ocrx_word' id='word_1_357' title='bbox 1200 2525 1407 2558; x_wconf 90' lang='lat' dir='ltr'>auctionum</span> <span class='ocrx_word' id='word_1_358' title='bbox 1433 2526 1454 2559; x_wconf 93' lang='grc'>2</span> <span class='ocrx_word' id='word_1_359' title='bbox 1481 2525 1541 2560; x_wconf 89' lang='grc'>42.</span> 
     </span>
    </p>
   </div>
   <div class='ocr_carea' id='block_1_7' title="bbox 149 2584 877 2931">
    <p class='ocr_par' dir='ltr' id='par_1_47' title="bbox 149 2584 877 2931">
     <span class='ocr_line' id='line_1_76' title="bbox 202 2584 877 2620; baseline 0.004 -3"><span class='ocrx_word' id='word_1_360' title='bbox 202 2594 281 2617; x_wconf 88' lang='lat' dir='ltr'>cum</span> <span class='ocrx_word' id='word_1_361' title='bbox 315 2584 485 2618; x_wconf 87' lang='lat' dir='ltr'>adverbio</span> <span class='ocrx_word' id='word_1_362' title='bbox 523 2585 655 2619; x_wconf 86' lang='lat' dir='ltr'>viritim</span> <span class='ocrx_word' id='word_1_363' title='bbox 685 2586 877 2620; x_wconf 86' lang='lat' dir='ltr'>coniuncta</span> 
     </span>
     <span class='ocr_line' id='line_1_77' title="bbox 201 2642 364 2680; baseline -0.006 -2"><span class='ocrx_word' id='word_1_364' title='bbox 201 2643 233 2678; x_wconf 85' lang='lat' dir='ltr'>H</span> <span class='ocrx_word' id='word_1_365' title='bbox 262 2645 279 2678; x_wconf 89' lang='lat'><strong>1</strong></span> <span class='ocrx_word' id='word_1_366' title='bbox 306 2642 364 2680; x_wconf 83' lang='grc'>24.</span> 
     </span>
     <span class='ocr_line' id='line_1_78' title="bbox 149 2703 681 2739; baseline 0.002 -1"><span class='ocrx_word' id='word_1_367' title='bbox 149 2703 332 2738; x_wconf 87' lang='lat' dir='ltr'>districtus</span> <span class='ocrx_word' id='word_1_368' title='bbox 361 2708 549 2738; x_wconf 85' lang='lat' dir='ltr'>accusator</span> <span class='ocrx_word' id='word_1_369' title='bbox 575 2704 597 2738; x_wconf 93' lang='lat'><strong>4</strong></span> <span class='ocrx_word' id='word_1_370' title='bbox 623 2704 681 2739; x_wconf 89' lang='lat'>36.</span> 
     </span>
     <span class='ocr_line' id='line_1_79' title="bbox 151 2763 603 2807; baseline 0.007 -11"><span class='ocrx_word' id='word_1_371' title='bbox 151 2763 252 2807; x_wconf 85' lang='lat' dir='ltr'>ditio,</span> <span class='ocrx_word' id='word_1_372' title='bbox 274 2773 346 2797; x_wconf 91' lang='lat' dir='ltr'>non</span> <span class='ocrx_word' id='word_1_373' title='bbox 373 2763 468 2798; x_wconf 90' lang='lat' dir='ltr'>dicio</span> <span class='ocrx_word' id='word_1_374' title='bbox 495 2764 516 2797; x_wconf 91' lang='lat'><strong>3</strong></span> <span class='ocrx_word' id='word_1_375' title='bbox 544 2764 603 2799; x_wconf 87' lang='grc'>61.</span> 
     </span>
     <span class='ocr_line' id='line_1_80' title="bbox 151 2822 777 2869; baseline 0.005 -13"><span class='ocrx_word' id='word_1_376' title='bbox 151 2822 277 2857; x_wconf 89' lang='lat' dir='ltr'>diurna</span> <span class='ocrx_word' id='word_1_377' title='bbox 308 2828 467 2858; x_wconf 90' lang='lat' dir='ltr'>actorum</span> <span class='ocrx_word' id='word_1_378' title='bbox 494 2825 668 2869; x_wconf 87' lang='lat' dir='ltr'>scriptura</span> <span class='ocrx_word' id='word_1_379' title='bbox 695 2826 718 2860; x_wconf 91' lang='lat'><strong>3</strong></span> <span class='ocrx_word' id='word_1_380' title='bbox 744 2825 777 2859; x_wconf 89' lang='lat'>3.</span> 
     </span>
     <span class='ocr_line' id='line_1_81' title="bbox 151 2883 872 2931; baseline 0.003 -13"><span class='ocrx_word' id='word_1_381' title='bbox 151 2883 284 2918; x_wconf 86' lang='lat' dir='ltr'>diutius</span> <span class='ocrx_word' id='word_1_382' title='bbox 318 2884 445 2918; x_wconf 88' lang='lat' dir='ltr'>durant</span> <span class='ocrx_word' id='word_1_383' title='bbox 481 2885 645 2931; x_wconf 83' lang='lat' dir='ltr'>exempla</span> <span class='ocrx_word' id='word_1_384' title='bbox 675 2895 779 2931; x_wconf 87' lang='lat' dir='ltr'>quam</span> <span class='ocrx_word' id='word_1_385' title='bbox 806 2895 872 2920; x_wconf 88' lang='lat' dir='ltr'>au-</span> 
     </span>
    </p>
   </div>
   <div class='ocr_carea' id='block_1_8' title="bbox 201 2943 507 2984">
    <p class='ocr_par' dir='ltr' id='par_1_48' title="bbox 201 2943 507 2984">
     <span class='ocr_line' id='line_1_82' title="bbox 201 2943 507 2984; baseline 0.013 -4"><span class='ocrx_word' id='word_1_386' title='bbox 201 2948 318 2982; x_wconf 82' lang='lat' dir='ltr'>ctores</span> <span class='ocrx_word' id='word_1_387' title='bbox 344 2944 374 2984; x_wconf 84' lang='lat' dir='ltr'>H</span> <span class='ocrx_word' id='word_1_388' title='bbox 400 2945 424 2981; x_wconf 78' lang='lat'>4</span> <span class='ocrx_word' id='word_1_389' title='bbox 448 2943 507 2984; x_wconf 77' lang='grc'>42.</span> 
     </span>
    </p>
   </div>
   <div class='ocr_carea' id='block_1_9' title="bbox 927 2585 1653 2869">
    <p class='ocr_par' dir='ltr' id='par_1_49' title="bbox 927 2585 1520 2621">
     <span class='ocr_line' id='line_1_83' title="bbox 927 2585 1520 2621; baseline 0.002 -3"><span class='ocrx_word' id='word_1_390' title='bbox 927 2585 1074 2619; x_wconf 81' lang='lat' dir='ltr'>ductare</span> <span class='ocrx_word' id='word_1_391' title='bbox 1100 2585 1296 2619; x_wconf 84' lang='lat' dir='ltr'>exercitum</span> <span class='ocrx_word' id='word_1_392' title='bbox 1331 2586 1358 2618; x_wconf 92' lang='lat' dir='ltr'>H</span> <span class='ocrx_word' id='word_1_393' title='bbox 1387 2586 1408 2618; x_wconf 90' lang='lat'><strong>2</strong></span> <span class='ocrx_word' id='word_1_394' title='bbox 1440 2585 1520 2621; x_wconf 86' lang='lat'><strong>100.</strong></span> 
     </span>
    </p>

    <p class='ocr_par' dir='ltr' id='par_1_50' title="bbox 927 2644 1653 2809">
     <span class='ocr_line' id='line_1_84' title="bbox 927 2644 1651 2691; baseline 0.003 -13"><span class='ocrx_word' id='word_1_395' title='bbox 927 2645 1221 2679; x_wconf 90' lang='lat' dir='ltr'>duodevicesima</span> <span class='ocrx_word' id='word_1_396' title='bbox 1246 2644 1346 2691; x_wconf 83' lang='lat' dir='ltr'>legio</span> <span class='ocrx_word' id='word_1_397' title='bbox 1372 2644 1474 2680; x_wconf 87' lang='lat' dir='ltr'>clade</span> <span class='ocrx_word' id='word_1_398' title='bbox 1493 2646 1651 2685; x_wconf 80' lang='lat' dir='ltr'>Variana</span> 
     </span>
     <span class='ocr_line' id='line_1_85' title="bbox 977 2704 1653 2751; baseline 0.004 -13"><span class='ocrx_word' id='word_1_399' title='bbox 977 2710 1051 2739; x_wconf 84' lang='lat' dir='ltr'>tota</span> <span class='ocrx_word' id='word_1_400' title='bbox 1079 2704 1186 2749; x_wconf 91' lang='lat' dir='ltr'>periit</span> <span class='ocrx_word' id='word_1_401' title='bbox 1215 2708 1252 2738; x_wconf 88' lang='lat' dir='ltr'>et</span> <span class='ocrx_word' id='word_1_402' title='bbox 1275 2705 1312 2738; x_wconf 92' lang='lat' dir='ltr'>in</span> <span class='ocrx_word' id='word_1_403' title='bbox 1340 2705 1490 2739; x_wconf 87' lang='lat' dir='ltr'>historia</span> <span class='ocrx_word' id='word_1_404' title='bbox 1526 2710 1653 2751; x_wconf 85' lang='lat' dir='ltr'>postea</span> 
     </span>
     <span class='ocr_line' id='line_1_86' title="bbox 978 2765 1459 2809; baseline 0.002 -11"><span class='ocrx_word' id='word_1_405' title='bbox 978 2775 1048 2798; x_wconf 92' lang='lat' dir='ltr'>non</span> <span class='ocrx_word' id='word_1_406' title='bbox 1084 2769 1266 2809; x_wconf 85' lang='lat' dir='ltr'>comparet</span> <span class='ocrx_word' id='word_1_407' title='bbox 1292 2765 1322 2799; x_wconf 91' lang='lat' dir='ltr'>H</span> <span class='ocrx_word' id='word_1_408' title='bbox 1357 2766 1370 2798; x_wconf 90' lang='lat'><strong>1</strong></span> <span class='ocrx_word' id='word_1_409' title='bbox 1405 2765 1459 2799; x_wconf 88' lang='lat'><strong>18.</strong></span> 
     </span>
    </p>

    <p class='ocr_par' dir='ltr' id='par_1_51' title="bbox 927 2824 1516 2869">
     <span class='ocr_line' id='line_1_87' title="bbox 927 2824 1516 2869; baseline 0 -11"><span class='ocrx_word' id='word_1_410' title='bbox 927 2825 1053 2859; x_wconf 88' lang='lat' dir='ltr'>durare</span> <span class='ocrx_word' id='word_1_411' title='bbox 1080 2835 1143 2869; x_wconf 87' lang='lat' dir='ltr'>pro</span> <span class='ocrx_word' id='word_1_412' title='bbox 1170 2825 1402 2859; x_wconf 80' lang='lat' dir='ltr'>indurescere</span> <span class='ocrx_word' id='word_1_413' title='bbox 1433 2825 1448 2858; x_wconf 86' lang='lat'><strong>1</strong></span> <span class='ocrx_word' id='word_1_414' title='bbox 1477 2824 1516 2860; x_wconf 91' lang='grc'>6.</span> 
     </span>
    </p>
   </div>
   <div class='ocr_carea' id='block_1_10' title="bbox 923 2883 1652 2992">
    <p class='ocr_par' dir='ltr' id='par_1_52' title="bbox 923 2883 1652 2992">
     <span class='ocr_line' id='line_1_88' title="bbox 925 2883 1579 2931; baseline 0.003 -12"><span class='ocrx_word' id='word_1_415' title='bbox 925 2885 1047 2919; x_wconf 87' lang='lat' dir='ltr'>durior</span> <span class='ocrx_word' id='word_1_416' title='bbox 1080 2895 1296 2931; x_wconf 84' lang='lat' dir='ltr'>congressus</span> <span class='ocrx_word' id='word_1_417' title='bbox 1323 2884 1444 2920; x_wconf 89' lang='lat' dir='ltr'>Seiani</span> <span class='ocrx_word' id='word_1_418' title='bbox 1470 2884 1493 2918; x_wconf 88' lang='lat'><strong>4</strong></span> <span class='ocrx_word' id='word_1_419' title='bbox 1521 2883 1579 2921; x_wconf 84' lang='lat'>74.</span> 
     </span>
     <span class='ocr_line' id='line_1_89' title="bbox 923 2944 1652 2992; baseline 0.001 -13"><span class='ocrx_word' id='word_1_420' title='bbox 923 2944 1031 2981; x_wconf 90' lang='lat' dir='ltr'>duces</span> <span class='ocrx_word' id='word_1_421' title='bbox 1062 2946 1261 2990; x_wconf 80' lang='lat' dir='ltr'>exercitus,</span> <span class='ocrx_word' id='word_1_422' title='bbox 1299 2944 1414 2992; x_wconf 85' lang='lat' dir='ltr'>legati</span> <span class='ocrx_word' id='word_1_423' title='bbox 1451 2949 1487 2980; x_wconf 83' lang='lat' dir='ltr'>et</span> <span class='ocrx_word' id='word_1_424' title='bbox 1518 2944 1652 2981; x_wconf 82' lang='lat' dir='ltr'>tribuni</span> 
     </span>
    </p>
   </div>
  </div>
 </body>
</html>
