1768 3216
48 1047 53 1052 .
85 1045 100 1058 ·.
134 1014 389 1064 whihernis,
437 1011 611 1064 relinqui
659 1008 820 1063 placuit.

176 239 223 272 m
751 221 1056 260 HlSTORIARVM
1448 226 1480 251 a.
1505 222 1542 250 u.
1569 213 1656 252 822.

175 353 329 402 vimus,
378 350 585 403 digressas
635 341 832 385 exercitui
878 351 952 382 suo
998 338 1145 380 Fabius
1186 334 1338 377 Valens
1389 331 1651 374 adiunxerat.

178 426 311 479 Iurgia
341 424 532 478 primum,
566 431 662 460 mox
690 418 780 458 rixa
812 416 918 456 inter
947 413 1123 454 Batavos
1156 414 1196 452 et
1235 407 1521 463 legionarios,
1562 405 1659 449 dnm

177 500 239 540 his
270 502 336 538 aut
365 495 442 536 illis
472 493 605 535 studia
637 491 807 532 militum
847 489 1151 543 adgregantur,
1198 495 1326 538 prope
1376 481 1417 522 in
1454 479 1661 535 proelium

178 583 391 621 exarsere,
432 569 473 608 ni
512 567 660 608 Valens
706 562 1065 606 animadversione
1111 568 1334 613 paucorum
1377 554 1531 597 oblitos
1578 554 1661 596 iam

147 646 348 689 5Batavos
380 642 539 696 imperii
571 639 865 682 admonuisset.
916 637 1081 678 Frustra
1113 633 1314 674 adversus
1332 629 1506 672 Aeduos
1526 639 1663 684 quae-

177 720 253 761 sita
283 718 378 759 belli
409 729 553 758 eausa:
585 715 685 755 iussi
715 712 928 766 pecuniam
959 715 1080 763 atque
1107 720 1218 749 arma
1242 706 1424 757 deferre,
1456 703 1663 759 gratuitos

180 794 347 845 insuper
379 793 627 832 commeatus
657 787 898 841 praebuere.
959 782 1077 832 Quod
1108 780 1246 822 Aedui
1278 778 1517 831 formidine,
1548 777 1665 832 Lug-

182 868 385 908 dunenses
429 863 581 918 gaudio
625 863 777 903 fecere.
837 858 917 902 Sed
956 857 1067 911 legio
1118 855 1257 896 Italica
1302 858 1342 895 et
1381 852 1446 895 ala
1485 850 1666 894 Taurina

186 940 410 982 abductae:
452 937 662 978 cohortem
713 932 1089 976 duodevicesimam
1137 928 1352 983 Lugduni,
1403 925 1539 969 solitis
1584 924 1666 967 sibi

124 992 125 995 Ἰ
880 1005 1053 1047 Manlius
1092 1003 1243 1045 Valens
1287 1002 1449 1057 legatus
1498 999 1667 1042 Italicae

182 1087 380 1141 legionis,
422 1097 660 1138 quamquam
697 1083 802 1123 bene
847 1081 898 1122 de
936 1079 1124 1133 partibus
1165 1077 1360 1128 meritus,
1402 1073 1516 1116 nullo
1557 1072 1666 1128 apud

183 1161 385 1202 Vitellium
416 1159 572 1200 honore
603 1158 689 1199 fuit.
750 1155 929 1198 Secretis
962 1166 1054 1196 eum
1088 1150 1445 1194 criminationibus
1485 1148 1668 1192 infama-

181 1239 296 1276 verat
324 1233 469 1275 Fabius
500 1234 687 1287 ignarum
727 1235 788 1283 et,
827 1242 907 1284 quo
948 1228 1153 1270 incautior
1193 1226 1483 1281 deciperetur,
1532 1222 1668 1279 palam

182 1308 398 1350 laudatum.

134 1399 170 1427 1⁵
316 1383 506 1423 Veterem
544 1381 649 1422 inter
687 1379 984 1434 Lugdunenses
1026 1378 1370 1430 Viennensesque
1413 1371 1741 1418 discordiam65

98 1450 101 1452 ’
182 1456 404 1509 proximum
434 1454 582 1496 bellum
613 1454 871 1495 accenderat.
931 1451 1082 1493 Multae
1114 1451 1156 1492 in
1186 1451 1323 1492 vicem
1363 1448 1528 1500 clades,
1573 1459 1672 1489 cre-

183 1529 294 1571 brius
325 1529 591 1581 infestiusque
622 1540 741 1582 quam
772 1531 814 1568 ut
844 1530 999 1568 tanturn
1029 1529 1199 1579 propter
1227 1523 1440 1566 Neronem
1471 1521 1672 1564 Galbam-

319 1675 349 1708 1.
379 1674 555 1720 degressus
583 1673 655 1708 Ma:
684 1674 710 1708 G
736 1674 922 1719 digressas.
1022 1672 1257 1706 adiuncoeerat
1282 1668 1349 1705 Ma.

184 1722 247 1755 his.
295 1725 329 1756 4.
356 1723 654 1757 animadversione
681 1722 744 1757 Ma.
819 1722 852 1757 6.
881 1723 1035 1767 deferret
1062 1719 1138 1754 Ma:
1165 1719 1191 1753 G
1219 1719 1372 1763 deferre.
1446 1717 1482 1752 8.
1516 1716 1674 1751 Taurina

185 1781 277 1803 nunc
302 1769 366 1805 Ma.
440 1771 474 1805 9.
503 1771 534 1804 X
543 1771 640 1805 V111.
669 1770 732 1805 Ma.
824 1771 879 1805 13.
905 1771 1055 1815 iynaru‘s
1080 1767 1146 1803 Ma.
1251 1768 1306 1802 15.
1333 1767 1564 1811 aientemque
1589 1774 1678 1811 sup-

185 1818 298 1861 plevit
322 1819 552 1861 Puteolanus,
580 1819 685 1864 idque
726 1819 1000 1864 Viennenses-que
1027 1817 1184 1852 correxit
1209 1814 1418 1850 Beroaldus.

1424 1666 1619 1704 aiam:
1646 1666 1675 1703 G

190 1951 227 1979 ut
252 1945 391 1980 casibus
406 1946 605 1990 discrepare
620 1947 771 1991 possint:
800 1957 887 1992 qua—

190 1999 333 2038 propter
368 1995 402 2027 in
431 1994 577 2028 Medicei
614 1995 800 2039 formidine
841 1995 889 2028 li-

191 2041 296 2076 neola
321 2043 356 2076 in
383 2047 539 2076 extrema
571 2042 709 2086 syllaba
738 2048 795 2076 aut
828 2042 893 2077 de-

195 2090 288 2123 lituit
314 2096 371 2123 aut
407 2101 426 2124 a
451 2092 621 2134 scriptore
653 2091 796 2125 librario
827 2102 894 2125 ne-

195 2138 313 2183 glecta
339 2143 402 2172 est.

263 2186 435 2220 cohortem
469 2186 774 2220 duodevicesimam
799 2187 896 2233 Lug]-

1031 1944 1117 1990 Cap.
1134 1945 1191 1980 65.
1217 1944 1418 1991 proximum
1443 1940 1594 1977 bollum:
1622 1939 1681 1976 di-

963 1993 1011 2028 cit
1040 1993 1174 2028 bellurn
1202 2004 1222 2027 a
1251 1992 1404 2027 Vindice
1438 1991 1476 2026 in
1501 1989 1682 2035 Neronem

963 2048 1117 2085 motum,
1159 2043 1195 2075 in
1223 2051 1293 2087 quo
1322 2042 1546 2076 Viennenses
1570 2039 1684 2074 alacri

964 2091 1079 2124 studio
1112 2090 1300 2124 Vindicem
1328 2089 1552 2124 adiuvarent.
1606 2087 1684 2123 Hoc

965 2140 1108 2172 nomine
1120 2138 1380 2185 Lugdunenses
1393 2138 1569 2172 Viennam
1590 2145 1684 2182 pau-

966 2188 1001 2221 lo
1030 2192 1111 2231 post
1139 2188 1254 2221 sedem
1290 2186 1422 2222 Gallici
1458 2185 1542 2220 bauo·
1582 2184 1684 2219 deni-

197 2233 279 2267 duni
298 2254 342 2260 —-
366 2234 517 2278 relinqui
536 2233 692 2279 placuit:
720 2236 778 2280 qui
806 2234 897 2269 hanc

196 2291 320 2315 vocem
359 2283 403 2316 de
448 2282 661 2328 glossemate
698 2288 897 2328 suspectam

197 2329 324 2363 liabent
344 2357 353 2373 ,
397 2331 598 2376 recogitent
642 2331 899 2377 Lugdunenses

197 2387 267 2410 non
300 2378 414 2411 solum
448 2378 542 2411 urbis
569 2378 729 2424 Lugduni
764 2380 900 2414 incolas

198 2425 262 2458 sed
289 2427 393 2458 etiam
425 2427 630 2469 provinciae
656 2427 901 2472 Lugdunensis

201 2471 359 2506 homines
386 2473 468 2507 dici.
513 2473 564 2507 Eo
591 2475 791 2519 significatu
817 2486 902 2520 pro-

202 2521 294 2553 xime
322 2520 564 2564 Lugdunenses
590 2527 668 2565 post
683 2523 817 2556 Aeduos
844 2535 903 2557 re-

204 2567 329 2600 censiti
356 2567 440 2601 dicti
467 2574 575 2602 erant.
635 2569 705 2603 Iam
732 2572 840 2615 igitur
866 2577 905 2604 ut

203 2624 329 2648 nomen
356 2615 451 2648 urbis
474 2622 662 2659 poneretur
682 2618 748 2651 >ubi
777 2619 902 2653 cohors

202 2661 490 2696 duodevicesima
516 2664 661 2708 agebat,
702 2675 789 2709 opus
817 2673 903 2701 erat.

204 2709 367 2744 ef.11141
385 2721 392 2742 :
418 2711 623 2746 Andecavos
637 2713 770 2747 Acilius
781 2715 907 2748 Aviola

203 2755 352 2801 legatus,
386 2759 500 2792 excita
532 2760 671 2794 cohorte
697 2772 784 2805 quae
811 2763 906 2808 Lug]-

205 2803 288 2837 duni
307 2806 522 2849 praesidium
547 2809 714 2853 ayitabat,
742 2813 905 2845 coercuit.

205 2850 250 2884 Ut
269 2851 430 2898 Lugduni
455 2854 580 2890 cohors
607 2857 907 2902 duodevicesima,

205 2900 254 2932 ita
296 2902 581 2945 septimadecima
627 2905 747 2940 Ostiae
792 2907 909 2941 locata

208 2951 306 2991 erat3
334 2958 367 2983 v.
397 2949 435 2983 H.
465 2949 480 2983 1
505 2951 562 2986 80.

966 2240 1087 2281 gnant.
1133 2235 1187 2269 Cf.
1215 2241 1338 2269 annot.
1366 2235 1411 2269 ad
1437 2233 1480 2269 Η.
1507 2233 1524 2268 1
1553 2232 1610 2268 16.

1040 2285 1226 2318 occasi-one
1254 2285 1354 2317 irae.-
1389 2281 1553 2317 breviter
1576 2279 1686 2315 ud*-

968 2332 1020 2365 vit
1044 2333 1229 2366 avaritiam
1242 2331 1390 2376 Galbae,
1420 2332 1482 2377 qui
1509 2326 1686 2377 irascendi

968 2382 1194 2415 occasionem
1237 2382 1436 2425 arripuerat
1478 2382 1518 2413 ut
1560 2377 1686 2413 fiscum

969 2428 1109 2463 ditaret.
1230 2464 1232 2466 ,

1046 2488 1114 2510 uno
1152 2489 1255 2511 amne
1295 2477 1455 2511 discretis
1489 2482 1686 2510 comum

972 2524 1113 2558 odium.-
1155 2526 1241 2560 lusit
1279 2526 1444 2571 opposita
1489 2521 1687 2568 iungendo.

972 2572 1127 2607 Externo
1153 2574 1358 2617 intervallo,
1384 2572 1450 2609 ned
1474 2581 1560 2615 uno,
1587 2569 1688 2605 nno-

973 2620 1062 2653 dano
1079 2621 1235 2666 ssumine,
1264 2622 1414 2656 diiuncti
1433 2624 1545 2663 erunt,
1568 2618 1689 2652 odium

974 2674 1090 2703 autem
1117 2672 1287 2704 continuo
1311 2681 1354 2704 ac
1380 2671 1459 2704 sine
1484 2666 1569 2702 uui·
1593 2671 1689 2700 tem-

973 2726 1095 2759 porum
1121 2720 1347 2762 spiramentis
1372 2716 1536 2763 vigebat.

1046 2777 1081 2798 se
1108 2766 1282 2800 coloniam
1302 2766 1526 2801 Romanam:
1553 2763 1688 2797 Vienna

975 2812 1095 2846 itidem
1136 2815 1277 2848 colonia
1303 2815 1462 2848 Romana
1488 2816 1592 2854 erat,
1626 2810 1690 2845 sed

977 2860 1231 2906 Lugdunenses
1274 2861 1403 2896 incolis
1455 2860 1524 2894 sibi
1562 2860 1690 2894 invisis

977 2908 1186 2945 obtrectant.
1218 2910 1386 2945 Veterani
1403 2909 1575 2943 Viennam
1603 2906 1689 2943 olim

977 2955 1118 2991 deducti
1145 2964 1205 2992 aut
1230 2958 1381 2994 emortui
1410 2962 1510 2992 erant
1536 2960 1597 2992 aut
1618 2963 1690 3001 po-
