1768 3216
158 156 229 191 168
742 149 1050 186 HISTORIARVM
1429 163 1461 187 a.
1491 163 1528 188 u.
1554 151 1639 190 822.

155 270 322 312 ultionis
355 269 556 323 cupiditas
588 267 638 309 ad
670 267 860 308 virtutem
892 265 1107 307 accendit:
1149 265 1207 306 illi
1247 275 1323 320 per
1363 266 1574 310 fastidium
1606 273 1649 312 et

156 344 454 386 contumaciam
502 341 744 382 hebescunt.
806 340 980 394 Aperiet
1031 344 1071 381 et
1115 339 1304 381 recludet
1353 345 1547 384 contecta
1600 347 1648 384 et

153 416 421 460 tumescentia
462 414 693 456 victricium
735 415 911 468 partium
952 414 1122 456 vulnera
1168 414 1321 456 bellum
1353 415 1500 469 ipsum.
1559 415 1648 459 Nec

151 491 248 534 mihi
279 489 410 530 maior
441 489 482 530 in
512 493 578 530 tua
609 489 826 544 vigilantia
856 490 1110 543 parsimonia
1152 490 1357 543 sapientia
1398 490 1554 541 fiducia
1585 495 1649 534 est

119 577 268 619 squam
299 564 340 604 in
370 563 525 605 Vitellii
568 568 738 617 torpore
779 564 943 605 inscitia
985 565 1176 606 saevitia.
1238 564 1318 606 Sed
1352 564 1571 607 meliorem
1605 566 1646 615 iu

146 639 255 681 bello
297 650 465 680 causam
497 650 618 692 quam
659 639 700 679 in
741 651 844 692 pace
885 638 1107 680 habemus:
1159 651 1254 681 nam
1297 640 1366 694 qui
1398 639 1646 694 deliberant,

82 731 123 753 -r
148 713 439 772 desciverunt?
497 714 593 754 Post
631 713 811 754 Muciani
854 713 1086 755 orationem
1129 715 1260 755 ceteri
1299 715 1518 758 audentius
1561 715 1719 766 cir-78

147 768 390 829 cumsistere
421 787 593 839 hortari,
626 798 828 840 responsa
860 791 997 829 vatum
1029 791 1069 830 et
1100 788 1284 830 siderum
1315 793 1450 832 motus
1470 790 1646 833 referre.

145 862 232 904 Nec
265 866 352 903 erat
382 862 558 903 intactus
589 861 658 902 tali
690 861 1000 915 superstitione,
1032 866 1075 904 ut
1107 864 1176 917 qui
1207 876 1305 906 mox
1333 877 1472 907 rerum
1506 865 1647 907 domi-

95 949 223 982 mnus
249 936 466 979 Seleucum
499 936 702 990 quendam
734 936 1067 979 mathematicum
1098 942 1307 980 rectorem
1339 944 1379 982 et
1410 940 1645 994 praescium

144 1010 276 1063 palam
308 1010 507 1051 habuerit.
556 1011 838 1053 Recursabant
869 1011 1007 1053 animo
1039 1016 1181 1054 vetera
1215 1013 1368 1055 omina.
1413 1013 1644 1069 Cupressus

145 1084 271 1126 arbor
301 1084 342 1125 in
374 1085 486 1139 agris
519 1085 622 1136 eius,
657 1086 880 1139 conspicua
913 1086 1144 1139 altitudine,
1176 1084 1349 1142 repente
1383 1089 1641 1143 prociderat,

145 1171 194 1200 ac
224 1163 389 1212 postera
423 1159 489 1200 die
529 1160 675 1201 eodem
717 1160 895 1215 vestigio
939 1174 1166 1217 resurgens
1212 1174 1392 1216 procera
1441 1168 1481 1206 et
1519 1163 1643 1208 latior

146 1233 318 1275 virebat.
383 1233 549 1276 Grande
587 1234 627 1275 id
665 1247 994 1290 prosperumque
1037 1226 1250 1279 consensu
1289 1237 1556 1293 haruspicum
1603 1243 1644 1282 et

94 1323 130 1352 ιε,
144 1319 301 1348 summa
334 1307 537 1349 claritudo
574 1308 711 1351 iuveni
743 1309 965 1352 admodum
995 1311 1255 1366 Vespasiano
1287 1314 1507 1366 promissa.
1558 1313 1640 1357 Sed

142 1382 274 1435 primo
312 1382 573 1436 triumphalia
620 1389 660 1425 et
701 1385 937 1427 consulatus
971 1390 1010 1427 et
1041 1386 1236 1429 Iudaicae
1274 1388 1479 1429 victoriae
1511 1387 1640 1431 decus

143 1455 322 1508 inplesse
353 1456 474 1498 fidem
507 1458 657 1500 ominis
678 1459 917 1502 videbatur:
949 1465 991 1502 ut
1020 1462 1124 1504 haec
1144 1462 1316 1516 adeptus
1338 1467 1414 1515 est,
1445 1464 1639 1517 portendi

141 1530 222 1571 sibi
252 1531 465 1584 imperium
498 1533 708 1575 credebat.
771 1535 843 1576 Est
872 1536 1065 1578 Iudaeam
1106 1538 1214 1578 inter
1256 1538 1503 1593 Syriamque
1533 1539 1641 1581 Car-

141 1604 292 1646 melus:
341 1606 394 1647 ita
439 1612 592 1649 vocant
630 1613 810 1651 montem
851 1610 1068 1665 deumque.
1127 1613 1216 1654 Nec
1257 1612 1526 1655 simulacrum
1558 1613 1638 1656 deo

276 1760 310 1793 2.
338 1762 560 1795 contumacia
585 1761 775 1797 kabescunt
803 1763 878 1798 Ma:
904 1770 1104 1799 correctum
1133 1767 1226 1800 inest
1253 1765 1292 1801 G.
1392 1768 1427 1802 3.
1454 1767 1549 1802 voln.
1577 1766 1636 1804 Or.

139 1807 171 1840 5.
198 1806 297 1840 seuit.
326 1807 390 1842 Ma.
469 1811 501 1844 7.
530 1810 685 1843 desciver
716 1822 794 1844 cum
820 1812 882 1846 lin.
911 1812 975 1847 Ma.
1052 1814 1251 1848 audientius
1275 1814 1349 1849 Ma:
1384 1816 1411 1850 G
1437 1815 1634 1851 audentius.

142 1856 197 1888 10.
222 1865 336 1899 prese.
365 1855 429 1889 Ma.
502 1858 553 1890 11.
580 1859 672 1891 omia
697 1869 776 1892 cum
807 1860 869 1895 liu.
899 1860 962 1895 Ma.
1021 1862 1073 1896 16.
1101 1863 1285 1896 indaeicae
1312 1862 1378 1897 Ma.
1460 1865 1515 1898 17.
1548 1865 1635 1911 inpl.

139 1899 211 1934 Ma:
248 1903 342 1947 impl.
373 1903 411 1937 G.
512 1905 659 1939 hominis
686 1906 750 1940 Ma.
850 1909 1036 1943 uidebatur
1062 1909 1138 1943 Ma:
1183 1911 1394 1945 uidebantur
1423 1912 1451 1946 G
1477 1917 1513 1946 et
1539 1913 1635 1947 Harl.

140 1948 198 2028 l138.
227 1951 399 2031 Hgdebat.
431 1958 479 1986 est
505 1953 551 1987 G:
582 1955 754 1988 credebat.
778 1962 809 1989 ee
836 1956 900 1990 Ma.
987 1958 1125 1991 iudeam
1154 1957 1216 1993 Ma.
1322 1959 1377 1994 19.
1406 1960 1528 2005 (Imque
1557 1972 1636 1995 cum

155 2007 203 2030 ιη.
289 2023 297 2031 .

205 2134 287 2156 nam
313 2125 371 2168 qui
396 2125 589 2162 deliberant
609 2128 848 2163 desciverunt.-
883 2158 899 2163 -
919 2131 977 2165 dio
1011 2132 1172 2177 principe
1199 2144 1292 2168 anno
1311 2134 1394 2171 804.
1425 2136 1571 2171 Sueton.
1591 2140 1634 2174 4:

138 2172 295 2206 imitatus
342 2178 395 2206 est
429 2173 638 2210 Plutarchus
675 2177 847 2221 Gatb.·4,
915 2186 1105 2225 praeterea
1151 2184 1369 2217 consulatum
1412 2186 1633 2233 (accepit),

138 2219 197 2252 ubi
225 2221 372 2254 Vinius:
410 2219 437 2256 ὦ
466 2221 610 2269 Γάλβα,
648 2230 733 2261 τίνα
760 2228 848 2270 100¹-
919 2240 1016 2272 quem
1051 2231 1156 2274 yessit
1196 2243 1261 2277 per
1309 2232 1392 2266 duos
1431 2235 1635 2270 novissimos

136 2281 212 2303 πον
237 2269 415 2318 [Romal-¹77,-
443 2268 483 2307 τὸ
510 2269 584 2320 γὰρ
613 2275 743 2318 ζηιεῑν,
772 2279 848 2311 Νέ-
919 2278 1007 2311 anni
1031 2290 1189 2322 menses‚·
1218 2281 1263 2314 cf.
1289 2281 1422 2315 Domit.
1454 2284 1489 2317 1.

139 2329 234 2372 ρῳνι
278 2320 311 2352 εἰ
353 2324 484 2355 πιστοὶ
517 2327 733 2371 μενοῦμεν,
780 2323 846 2368 ἤδη
989 2327 1193 2361 videbatur:
1224 2339 1266 2362 eo
1295 2330 1388 2375 quod
1415 2332 1548 2365 nomini
1570 2331 1633 2366 de-

135 2378 186 2410 μ’]
209 2365 411 2411 μενόντων
438 2371 554 2406 ἐστίν.
918 2386 976 2407 cns
1003 2375 1210 2420 adiungitur
1244 2379 1427 2423 genitivus
1463 2380 1632 2414 Iudaicae
1685 2405 1695 2410 -

211 2412 295 2455 Cap.
311 2414 369 2449 78.
397 2427 576 2461 cupressus
596 2420 726 2453 arbor:
754 2422 846 2455 Sue-
917 2423 1098 2467 victoriae,
1126 2424 1194 2458 hoc
1221 2437 1304 2470 prae
1333 2430 1462 2461 ceteris
1486 2429 1632 2463 effertur

136 2464 210 2494 ton.
240 2471 269 2494 c.
299 2462 340 2495 5:
378 2464 485 2497 arbor
511 2478 640 2511 quoque
667 2480 847 2514 cupressus
918 2471 1072 2516 ideoque
1122 2473 1269 2508 verbum
1312 2476 1496 2510 videbatur
1548 2477 1633 2512 huic

135 2508 173 2540 in
197 2519 284 2553 ayro
312 2511 424 2554 avito,
455 2514 529 2547 sine
557 2515 632 2549 ulla
657 2518 691 2550 υἱ
716 2523 845 2563 tempe-
917 2521 1212 2565 accommodatur,
1241 2528 1279 2556 ut
1305 2529 1360 2558 est
1388 2526 1423 2558 in
1451 2525 1542 2559 libro
1565 2525 1630 2560 Ma.

134 2557 234 2590 stalis
265 2557 383 2592 evulsa
417 2562 585 2597 radicitus
627 2571 728 2609 alque
759 2578 845 2610 pro-
990 2569 1157 2604 Iudaeam
1183 2572 1276 2605 inter
1302 2573 1510 2619 Syriamque
1535 2574 1630 2608 Car-

133 2609 266 2647 strata‚
302 2606 497 2651 insequenti
535 2612 588 2645 die
625 2613 774 2647 viridior
803 2626 846 2648 ac
916 2616 1046 2650 melus:
1088 2625 1140 2652 est
1176 2630 1276 2654 mons
1302 2621 1511 2657 Antilibano
1539 2633 1630 2657 cou-

129 2653 265 2694 sz'rmior
298 2659 503 2693 resurr-emit.
567 2660 677 2694 Multa
713 2662 843 2697 ibidem
915 2666 1032 2698 tinuus
1049 2667 1252 2713 ibidemque
1279 2671 1380 2704 vicus
1411 2672 1536 2706 eodem
1561 2682 1630 2706 no-

134 2700 324 2735 Suetonius
352 2704 492 2740 futura-c
533 2708 697 2743 fortunae
737 2721 843 2755 prac-
915 2715 1009 2747 mine
1037 2716 1070 2748 in
1101 2717 1192 2750 tribu
1210 2717 1341 2752 Asser:
1369 2719 1460 2753 alius
1474 2720 1629 2755 Iudaeae

132 2749 231 2803 sagia
258 2750 407 2797 collegit
434 2755 468 2788 in
510 2755 711 2791 huiusmodi
737 2759 843 2794 rebus
915 2772 1014 2795 mons
1040 2762 1223 2799 Carmelus
1251 2771 1287 2800 et
1312 2769 1439 2801 civitas
1467 2771 1503 2802 in
1534 2769 1628 2803 tribu

132 2794 438 2841 diligentissimus).
491 2803 594 2840 Conf.
623 2806 732 2841 Tacit.
760 2808 800 2842 lt.
829 2808 843 2843 Ι
914 2809 996 2844 Iuda
1022 2821 1092 2845 nou
1116 2814 1240 2856 procul
1268 2826 1287 2848 a
1316 2814 1395 2850 lacn
1410 2816 1627 2859 Asphaltite.

136 2843 190 2885 10,
216 2842 294 2880 114.
338 2846 404 2882 Dio
434 2861 489 2894 up.
511 2853 644 2898 Xiphil.
667 2854 775 2890 vat
809 2858 839 2891 1.
912 2858 965 2892 Dc
1001 2859 1064 2893 illo
1096 2862 1202 2896 ctiam
1237 2864 1430 2898 Suetonius
1459 2858 1499 2900 ὗε
1535 2865 1630 2911 apud

205 2894 424 2931 consulatus.-
471 2897 565 2936 hunc
591 2903 705 2948 gessit
733 2903 838 2941 Glau-
911 2906 1079 2943 Iudaeam
1093 2910 1248 2946 Carmeli
1262 2910 1317 2946 dei
1337 2912 1522 2949 oraculum
1540 2924 1628 2948 con-
