1768 3216
162 238 237 277 818
727 237 789 273 DE
816 235 1103 275 ORATomssvs

163 354 246 396 lum
276 353 360 395 loci
391 351 513 394 bonis
545 351 703 395 artibus
742 353 958 408 relinquit!
1014 356 1182 407 quotum
1226 363 1431 407 quemque
1468 353 1660 396 invenies

166 428 234 482 qui
270 427 382 468 domi
413 427 635 481 quidquam
667 427 778 471 aliud
808 428 1030 482 loquatur?
1087 440 1191 482 quos
1223 427 1329 470 alios
1361 427 1662 471 adolescentu-

162 502 295 544 lorum
329 513 546 544 sermones
579 502 834 556 excipimuS‚
885 504 921 546 si
952 503 1118 558 quando
1147 502 1351 545 auditoria
1385 502 1662 546 intravimus?

161 578 221 620 Nc
252 581 547 631 praeceptores
577 577 741 631 quidem
771 578 876 620 ullas
909 578 1147 621 crebriores
1180 590 1273 620 cuin
1294 578 1552 621 auditoribus
1574 578 1661 622 suis

130 651 324 695 afabulas
375 652 554 694 habent:

617 653 820 708 colligunt
868 653 976 696 enim
1024 652 1251 707 discipulos
1302 664 1387 695 non
1440 652 1662 696 severitate
1728 678 1738 686 -

162 725 407 781 disciplinae
448 739 526 769 nec
570 728 728 782 ingenii
777 729 1091 782 experimento,
1153 727 1227 769 sed
1273 727 1497 770 ambitione
1545 727 1663 771 salu·
1722 716 1733 725 ’

157 802 357 844 tationum
390 806 430 843 ct
477 802 702 845 inlecebris
751 803 1013 847 adulationis.
1090 803 1275 846 Transeo
1319 802 1449 856 prima
1491 801 1662 845 discen-

158 876 258 917 tium
307 876 536 930 elementa,
587 878 629 918 in
672 878 820 931 quibus
870 883 910 920 et
951 878 1052 932 ipsis
1095 889 1239 931 parum
1283 876 1522 930 laboratur,
1581 889 1661 921 nec

158 950 200 991 in
251 952 490 994 auctoribus
542 953 852 1008 cognoscendis
909 965 986 994 nec
1039 953 1080 994 in
1131 951 1364 993 evolvenda
1417 951 1660 1009 antiquitate

108 1038 237 1069 ionec
269 1026 312 1068 in
351 1027 495 1070 notitia
535 1027 604 1069 vel
646 1040 785 1070 rerum
822 1028 889 1070 vel
930 1028 1140 1070 hominum
1181 1026 1246 1068 vel
1287 1030 1515 1080 temporum
1556 1028 1659 1070 satis

158 1114 312 1156 operae
354 1102 586 1145 insumitur.
669 1103 751 1146 Sed
796 1107 1042 1157 expetuntur
1091 1116 1194 1158 quos
1240 1105 1433 1148 rhetoras
1480 1107 1633 1147 vocant
1647 1116 1659 1155 ;

157 1188 331 1230 quorum
362 1177 570 1230 professio
602 1178 768 1231 quando
801 1179 974 1232 primum
1007 1180 1049 1220 in
1082 1179 1188 1221 hanc
1230 1181 1375 1222 urbem
1420 1178 1657 1222 introducta

156 1251 210 1294 sit
241 1262 443 1306 quamque
475 1251 627 1294 nullam
667 1253 773 1307 apud
812 1252 994 1295 maiores
1034 1258 1202 1296 nostros
1249 1254 1537 1297 auctoritatem
1576 1253 1658 1296 ha-

155 1325 304 1376 buerit,
339 1326 477 1370 statim
509 1326 717 1380 dicturus,
752 1328 936 1370 reseram
969 1340 1147 1371 necesse
1179 1334 1242 1371 est
1272 1330 1450 1371 animum
1482 1329 1534 1371 ad
1567 1329 1657 1370 eam

105 1414 143 1446 ιε
157 1399 419 1454 disciplinam
455 1413 533 1455 qua
563 1414 664 1444 usos
697 1415 791 1444 esse
823 1415 897 1445 eos
930 1408 1119 1446 oratores
1163 1404 1431 1458 accepimus,
1482 1415 1657 1458 quorum

155 1475 338 1516 infinitus
371 1475 491 1517 labor
523 1480 563 1517 ct
594 1478 832 1530 quotidiana
866 1478 1080 1519 meditatio
1110 1483 1150 1519 et
1180 1479 1221 1519 in
1254 1480 1366 1520 omni
1384 1490 1546 1534 genere
1566 1481 1659 1519 stu-

156 1549 318 1592 diorum
348 1551 550 1593 adsiduae
581 1552 904 1594 exercitationes
934 1553 1118 1606 ipsorum
1149 1554 1272 1596 etiam
1307 1553 1573 1596 continentur
1601 1552 1658 1593 li-

155 1625 255 1671 bris.
318 1626 448 1670 Notus
484 1631 548 1671 est
577 1627 698 1670 vobis
729 1628 870 1684 utique
902 1628 1120 1670 Ciceronis
1150 1629 1256 1670 liber
1287 1629 1356 1684 qui
1394 1628 1544 1671 Brutus
1587 1627 1657 1670 in-
1686 1647 1688 1649 v

234 1762 263 1795 1.
291 1760 502 1805 relinquitur
526 1759 565 1804 F,
594 1771 663 1795 non
691 1760 727 1795 P.
818 1762 973 1795 {uenires
1001 1760 1168 1794 transfixo
1191 1773 1209 1794 r
1236 1760 1272 1803 P,
1304 1760 1462 1795 invenies
1491 1759 1529 1804 F,
1555 1761 1659 1794 inue-

974 1810 1008 1844 4.
1036 1821 1102 1843 nec
1128 1809 1151 1843 P
1180 1820 1257 1844 cum
1286 1810 1444 1843 ceteris:
1472 1820 1515 1842 nc
1546 1807 1575 1843 1.
1601 1807 1658 1842 Fr.

156 1810 253 1845 neris
279 1809 507 1844 Puteolanus.
600 1812 633 1845 2.
663 1820 814 1859 ququam
840 1809 874 1842 P.

156 1859 367 1894 Gronovius.
406 1859 452 1892 cf.
479 1858 521 1892 ad
548 1861 572 1893 4
600 1859 658 1901 35,
688 1858 729 1892 ll.
758 1860 780 1894 2
808 1858 867 1894 82.

155 1908 258 1942 ullas.

155 1956 300 1990 boratur
327 1960 470 1989 veteres
496 1955 685 1989 editiones.

154 2004 322 2038 transfixa
350 2008 414 2037 est.

155 2052 237 2088 FP:
268 2052 471 2086 emendavit
501 2052 525 2085 1.
553 2052 608 2086 Fr.
638 2052 851 2086 Gronovius.

156 2111 227 2136 non
255 2100 290 2135 P.

156 2206 260 2240 Nunc
273 2207 394 2250 favent
407 2216 539 2251 panno,
565 2216 722 2250 pannum
738 2211 871 2247 amant,

156 2260 188 2289 et
211 2255 242 2288 si
267 2255 305 2288 in
329 2255 403 2300 ipso
430 2265 534 2288 cursu
554 2254 733 2297 medioque
753 2260 872 2287 certa-

154 2303 247 2337 mine
271 2303 330 2339 Ιιίο
356 2302 454 2336 color
469 2301 566 2343 illuc,
593 2302 652 2335 ille
669 2302 872 2336 huctrans-

153 2354 305 2396 seratur,
331 2351 480 2386 studium
505 2352 676 2395 favorque
697 2351 871 2393 transibit,

156 2407 188 2434 et
226 2406 366 2445 repente
403 2401 594 2445 agitatores
621 2399 726 2443 illos,
771 2410 873 2444 equos

155 2448 235 2483 illos
261 2460 343 2492 quos
365 2448 491 2494 procul
512 2449 698 2490 noscitant,
729 2459 874 2492 quorum

156 2497 339 2531 clamitant
353 2497 512 2539 nomina,
528 2496 736 2540 relinquent.
764 2496 875 2530 Tanta

155 2546 286 2590 qratia,
314 2550 415 2578 tanta
439 2545 631 2578 auctoritas
656 2545 694 2577 in
720 2556 792 2578 una
817 2546 873 2578 vi·-

156 2594 294 2628 lissima
320 2594 451 2628 manica.
507 2593 605 2626 Dicit
632 2594 786 2626 tunicam
815 2594 873 2627 fa-

156 2643 286 2676 ctionis
331 2642 496 2686 prasinae
531 2646 590 2675 aut
625 2647 778 2674 venetae
814 2646 873 2674 aut

156 2691 297 2725 albatae
324 2695 384 2724 aut
408 2700 566 2724 russeae.
628 2688 731 2722 Conf.
766 2689 874 2722 Ucber

156 2740 210 2773 die
250 2739 447 2784 Pal-theyen
483 2739 545 2771 der
574 2737 771 2771 Rennbahn
806 2749 872 2770 von

158 2788 215 2821 Fr.
252 2788 396 2823 Willten.
425 2786 588 2821 Berolini
619 2785 721 2820 1829.
748 2789 784 2820 4.

258 2896 384 2929 parum
433 2884 647 2917 laboratur.-
700 2883 758 2927 qui
803 2881 873 2915 ali-

158 2944 227 2979 qua
252 2944 291 2967 re
318 2938 379 2967 aut
405 2945 447 2966 ex
481 2932 539 2966 vel
573 2933 612 2964 in
642 2931 698 2965 vel
730 2931 774 2964 ab
803 2931 872 2964 ali-

157 2993 226 3027 qua
272 2992 309 3015 re
351 2981 516 3023 laborat,
560 2979 652 3014 malo
702 2980 874 3024 premitur

335 1907 367 1942 6.
396 1907 647 1941 salutationum
674 1906 741 1950 FP,
767 1907 829 1940 alii
854 1907 1093 1942 salutantium.

815 1957 867 1991 10.
898 1956 1025 1989 noticia
1050 1955 1092 1998 P,
1132 1956 1195 1990 sed
1231 1954 1367 1990 lineola
1403 1955 1526 1989 eadem
1553 1964 1659 1988 manu

508 2006 562 2038 11.
589 2005 774 2037 insumitur
800 2003 849 2036 l’:
877 2005 1050 2037 insumere
1077 2003 1115 2038 F.

1026 1858 1118 1892 ullas
1144 1859 1279 1903 quidem
1306 1857 1357 1891 P:
1386 1859 1497 1892 ceteri
1525 1857 1660 1902 quidem

1203 1907 1237 1942 8.
1267 1906 1451 1940 laboratur
1476 1905 1552 1940 FP:
1580 1904 1658 1939 ela-

1199 2005 1252 2039 14.
1281 2004 1453 2050 dicturus]
1482 2003 1524 2037 de
1550 2003 1660 2036 curiis

979 2054 1031 2086 15.
1060 2064 1123 2096 quo
1151 2064 1254 2086 ausos
1284 2057 1376 2086 teste
1403 2051 1592 2086 Schrautio
1619 2050 1658 2093 F,

371 2099 423 2135 18.
453 2100 552 2134 nobis
583 2099 661 2135 FP:
690 2102 846 2134 coi-rexit
873 2100 1078 2134 Rhenanus.

944 2210 979 2238 et
1010 2205 1139 2239 malum
1177 2210 1230 2238 est
1265 2214 1393 2238 nomen
1431 2206 1534 2238 sexto
1573 2213 1658 2236 casu

943 2254 1160 2296 adiunctum,
1189 2253 1288 2287 velut
1315 2253 1363 2286 ΙΙΙ
1395 2253 1440 2287 25
1466 2257 1550 2286 tuno
1567 2250 1659 2296 legi-

943 2302 1002 2335 bus
1041 2302 1292 2344 laborabatur,
1334 2298 1385 2335 A.
1410 2300 1452 2336 16
1482 2299 1660 2334 discordia

942 2350 1150 2384 laboratum.
1166 2351 1256 2384 Hinc
1269 2349 1362 2383 malo
1378 2349 1529 2394 quodam
1543 2348 1656 2393 pressi

943 2400 1049 2432 etiam
1074 2399 1238 2433 absolute
1254 2399 1456 2432 laborantes
1469 2397 1660 2433 nominan-

945 2453 1012 2490 tur,
1041 2452 1079 2480 ut
1109 2447 1187 2481 >1111
1213 2448 1272 2489 39,
1302 2447 1343 2480 H.
1372 2446 1403 2480 11
1431 2448 1489 2481 24.
1517 2443 1587 2480 Sed
1602 2444 1658 2481 di-

945 2497 1037 2529 citur
1064 2497 1190 2538 eliam,
1222 2506 1292 2529 non
1319 2494 1462 2540 quidem
1491 2504 1511 2527 a
1537 2493 1657 2528 Tacito

944 2545 978 2576 in
1006 2544 1086 2578 aliis
1115 2544 1205 2577 locis
1231 2543 1294 2577 sed
1314 2548 1431 2576 tamen
1454 2541 1497 2575 ab
1516 2542 1659 2585 optimis

943 2592 1076 2626 Latinis
1092 2592 1309 2633 auctoribus,
1337 2590 1380 2624 de
1399 2600 1482 2624 cura
1501 2594 1536 2623 et
1550 2599 1659 2634 opera

944 2641 1124 2674 laboriose
1155 2640 1310 2674 adhibita
1333 2644 1368 2672 et
1384 2642 1596 2681 sustentata,
1625 2643 1659 2670 et

946 2690 1012 2722 hoc
1038 2688 1226 2722 intellectu
1254 2698 1324 2733 quo
1353 2688 1469 2722 minus
1504 2686 1539 2720 id
1574 2696 1659 2720 vet·-

945 2738 1023 2770 l›um
1053 2749 1146 2770 nunc
1175 2738 1281 2770 etiam
1309 2736 1449 2770 'l'acitus
1462 2736 1658 2778 admiserit,

943 2786 1033 2819 nihil
1061 2791 1115 2819 est
1146 2786 1240 2831 quod
1267 2784 1456 2828 impediat:
1483 2793 1562 2817 nam
1581 2783 1658 2818 eta-

943 2834 1088 2867 boratm·
1131 2833 1295 2867 consulto
1334 2833 1475 2866 videtur
1510 2832 1657 2872 vitasse,

942 2893 987 2916 ne
1014 2882 1171 2916 laborem
1209 2893 1286 2916 cum
1315 2891 1484 2915 successu
1512 2881 1652 2921 initum,

942 2930 1005 2964 sed
1032 2931 1121 2964 nihil
1148 2932 1217 2964 nisi
1245 2930 1401 2964 laborem
1431 2934 1466 2963 et
1497 2928 1654 2963 studium

942 2979 1172 3025 significaret.
1223 2978 1300 3013 Non
1322 2977 1414 3012 bene
1436 2981 1658 3022 comparatur
