<?xml version="1.0" encoding="UTF-8"?>
<!DOCTYPE html PUBLIC "-//W3C//DTD XHTML 1.0 Transitional//EN"
    "http://www.w3.org/TR/xhtml1/DTD/xhtml1-transitional.dtd">
<html xmlns="http://www.w3.org/1999/xhtml" xml:lang="en" lang="en">
 <head>
  <title>
</title>
<meta http-equiv="Content-Type" content="text/html;charset=utf-8" />
  <meta name='ocr-system' content='tesseract 3.04.00' />
  <meta name='ocr-capabilities' content='ocr_page ocr_carea ocr_par ocr_line ocrx_word'/>
</head>
<body>
  <div class='ocr_page' id='page_1' title='image "./operaadcodicesan03taciuoft/operaadcodicesan03taciuoft_0262.png"; bbox 0 0 1768 3216; ppageno 0'>
   <div class='ocr_carea' id='block_1_1' title="bbox 0 727 105 862">
    <p class='ocr_par' dir='ltr' id='par_1_1' title="bbox 0 727 105 862">
     <span class='ocr_line' id='line_1_1' title="bbox 0 727 105 862; baseline 0 0"><span class='ocrx_word' id='word_1_1' title='bbox 0 743 35 817; x_wconf 64' lang='lat'>&lt;</span> <span class='ocrx_word' id='word_1_2' title='bbox 87 727 105 862; x_wconf 86' lang='lat'><em>(</em></span> 
     </span>
    </p>
   </div>
   <div class='ocr_carea' id='block_1_2' title="bbox 22 602 1677 700">
    <p class='ocr_par' dir='ltr' id='par_1_2' title="bbox 22 602 1677 700">
     <span class='ocr_line' id='line_1_2' title="bbox 22 602 1677 700; baseline 0.011 -17"><span class='ocrx_word' id='word_1_3' title='bbox 22 602 107 652; x_wconf 40' lang='lat'><strong>&#39;‘4⁵³⁴&#39;&#39;</strong></span> <span class='ocrx_word' id='word_1_4' title='bbox 148 647 385 700; x_wconf 79' lang='lat' dir='ltr'><strong>scolloquia</strong></span> <span class='ocrx_word' id='word_1_5' title='bbox 415 659 506 688; x_wconf 89' lang='lat' dir='ltr'><strong>cum</strong></span> <span class='ocrx_word' id='word_1_6' title='bbox 536 647 768 688; x_wconf 82' lang='lat' dir='ltr'>Vitellianis</span> <span class='ocrx_word' id='word_1_7' title='bbox 803 647 949 689; x_wconf 91' lang='lat' dir='ltr'><strong>decem</strong></span> <span class='ocrx_word' id='word_1_8' title='bbox 977 647 1130 688; x_wconf 91' lang='lat' dir='ltr'><strong>milium</strong></span> <span class='ocrx_word' id='word_1_9' title='bbox 1170 647 1304 700; x_wconf 78' lang='lat' dir='ltr'><strong>spatio</strong></span> <span class='ocrx_word' id='word_1_10' title='bbox 1344 646 1592 690; x_wconf 61' lang='lat' dir='ltr'><strong>distantibus</strong></span> <span class='ocrx_word' id='word_1_11' title='bbox 1635 651 1677 691; x_wconf 64' lang='lat' dir='ltr'><strong>et</strong></span> 
     </span>
    </p>
   </div>
   <div class='ocr_carea' id='block_1_3' title="bbox 115 735 120 752">
    <p class='ocr_par' dir='ltr' id='par_1_3' title="bbox 115 735 120 752">
     <span class='ocr_line' id='line_1_3' title="bbox 115 735 120 752; baseline 0 0"><span class='ocrx_word' id='word_1_12' title='bbox 115 735 120 752; x_wconf 81' lang='lat' dir='ltr'><strong>l</strong></span> 
     </span>
    </p>
   </div>
   <div class='ocr_carea' id='block_1_4' title="bbox 109 757 120 844">
    <p class='ocr_par' dir='ltr' id='par_1_4' title="bbox 109 757 120 844">
     <span class='ocr_line' id='line_1_4' title="bbox 109 757 120 844; baseline 0 -63"><span class='ocrx_word' id='word_1_13' title='bbox 109 757 120 844; x_wconf 48' lang='grc' dir='ltr'><em>ἑ</em></span> 
     </span>
    </p>
   </div>
   <div class='ocr_carea' id='block_1_5' title="bbox 129 1019 1026 1073">
    <p class='ocr_par' dir='ltr' id='par_1_5' title="bbox 129 1019 1026 1073">
     <span class='ocr_line' id='line_1_5' title="bbox 129 1019 1026 1073; baseline -0.002 -10"><span class='ocrx_word' id='word_1_14' title='bbox 129 1021 430 1072; x_wconf 78' lang='lat' dir='ltr'><strong>inliberarent,</strong></span> <span class='ocrx_word' id='word_1_15' title='bbox 464 1032 609 1071; x_wconf 77' lang='lat' dir='ltr'><strong>acres⁷</strong></span> <span class='ocrx_word' id='word_1_16' title='bbox 643 1020 678 1061; x_wconf 92' lang='lat' dir='ltr'><strong>si</strong></span> <span class='ocrx_word' id='word_1_17' title='bbox 719 1019 1026 1073; x_wconf 79' lang='lat' dir='ltr'><strong>desperassent.</strong></span> 
     </span>
    </p>
   </div>
   <div class='ocr_carea' id='block_1_6' title="bbox 470 115 1308 214">
    <p class='ocr_par' dir='ltr' id='par_1_6' title="bbox 470 115 1308 214">
     <span class='ocr_line' id='line_1_6' title="bbox 1015 115 1308 145; baseline 0 -16"><span class='ocrx_word' id='word_1_18' title='bbox 1015 123 1029 145; x_wconf 65' lang='grc' dir='ltr'><em>Ι</em></span> <span class='ocrx_word' id='word_1_19' title='bbox 1294 115 1308 129; x_wconf 68' lang='lat' dir='ltr'>v</span> 
     </span>
     <span class='ocr_line' id='line_1_7' title="bbox 470 132 1301 214; baseline 0.006 -20"><span class='ocrx_word' id='word_1_20' title='bbox 470 143 512 214; x_wconf 70' lang='lat' dir='ltr'><strong>ll</strong></span> <span class='ocrx_word' id='word_1_21' title='bbox 536 188 545 197; x_wconf 46' lang='grc' dir='ltr'><em>ι</em></span> <span class='ocrx_word' id='word_1_22' title='bbox 610 154 628 195; x_wconf 52' lang='lat' dir='ltr'><strong>s!</strong></span> <span class='ocrx_word' id='word_1_23' title='bbox 646 183 652 198; x_wconf 92' lang='grc'><strong>,·</strong></span> <span class='ocrx_word' id='word_1_24' title='bbox 727 173 730 177; x_wconf 82' lang='lat'>&#39;</span> <span class='ocrx_word' id='word_1_25' title='bbox 790 172 810 199; x_wconf 63' lang='grc' dir='ltr'><strong>ἒ·</strong></span> <span class='ocrx_word' id='word_1_26' title='bbox 837 176 851 197; x_wconf 71' lang='grc' dir='ltr'><strong>,Τ</strong></span> <span class='ocrx_word' id='word_1_27' title='bbox 872 182 897 196; x_wconf 72' lang='lat' dir='ltr'><strong>tv</strong></span> <span class='ocrx_word' id='word_1_28' title='bbox 924 184 935 199; x_wconf 60' lang='lat' dir='ltr'><em>J</em></span> <span class='ocrx_word' id='word_1_29' title='bbox 997 132 1301 189; x_wconf 36' lang='lat' dir='ltr'><strong>sv&#39;stdvz&#39;qkssffex</strong></span> 
     </span>
    </p>
   </div>
   <div class='ocr_carea' id='block_1_7' title="bbox 192 233 1675 276">
    <p class='ocr_par' dir='ltr' id='par_1_7' title="bbox 192 233 1675 276">
     <span class='ocr_line' id='line_1_8' title="bbox 192 233 1675 276; baseline 0.005 -9"><span class='ocrx_word' id='word_1_30' title='bbox 192 241 266 276; x_wconf 70' lang='lat'><strong>252</strong></span> <span class='ocrx_word' id='word_1_31' title='bbox 778 233 1091 270; x_wconf 77' lang='lat' dir='ltr'>111STOR1ARVM</span> <span class='ocrx_word' id='word_1_32' title='bbox 1468 246 1501 271; x_wconf 81' lang='lat' dir='ltr'><strong>a.</strong></span> <span class='ocrx_word' id='word_1_33' title='bbox 1527 244 1565 273; x_wconf 83' lang='grc' dir='ltr'><strong>ιι.</strong></span> <span class='ocrx_word' id='word_1_34' title='bbox 1589 234 1675 275; x_wconf 77' lang='lat'><strong>822.</strong></span> 
     </span>
    </p>
   </div>
   <div class='ocr_carea' id='block_1_8' title="bbox 181 348 1746 645">
    <p class='ocr_par' dir='ltr' id='par_1_8' title="bbox 181 348 1746 627">
     <span class='ocr_line' id='line_1_9' title="bbox 318 348 1746 404; baseline 0 -10"><span class='ocrx_word' id='word_1_35' title='bbox 318 354 454 394; x_wconf 84' lang='lat' dir='ltr'><strong>Duces</strong></span> <span class='ocrx_word' id='word_1_36' title='bbox 484 349 657 404; x_wconf 86' lang='lat' dir='ltr'><strong>partium</strong></span> <span class='ocrx_word' id='word_1_37' title='bbox 688 352 731 389; x_wconf 93' lang='lat' dir='ltr'><strong>ut</strong></span> <span class='ocrx_word' id='word_1_38' title='bbox 763 348 957 390; x_wconf 83' lang='lat' dir='ltr'><strong>Carsulas</strong></span> <span class='ocrx_word' id='word_1_39' title='bbox 988 360 1167 399; x_wconf 76' lang='lat' dir='ltr'><strong>venere,</strong></span> <span class='ocrx_word' id='word_1_40' title='bbox 1207 359 1366 401; x_wconf 85' lang='lat' dir='ltr'><strong>paucos</strong></span> <span class='ocrx_word' id='word_1_41' title='bbox 1397 349 1449 391; x_wconf 86' lang='lat' dir='ltr'><strong>ad</strong></span> <span class='ocrx_word' id='word_1_42' title='bbox 1488 349 1746 404; x_wconf 76' lang='lat' dir='ltr'><strong>requiemoo</strong></span> 
     </span>
     <span class='ocr_line' id='line_1_10' title="bbox 187 405 1674 477; baseline -0.001 -10"><span class='ocrx_word' id='word_1_43' title='bbox 187 427 274 467; x_wconf 86' lang='lat' dir='ltr'><strong>dies</strong></span> <span class='ocrx_word' id='word_1_44' title='bbox 305 428 479 475; x_wconf 78' lang='lat' dir='ltr'><strong>sumunt,</strong></span> <span class='ocrx_word' id='word_1_45' title='bbox 513 423 646 463; x_wconf 92' lang='lat' dir='ltr'><strong>donec</strong></span> <span class='ocrx_word' id='word_1_46' title='bbox 679 405 1076 477; x_wconf 52' lang='lat' dir='ltr'><strong>aquilais&#39;signaque</strong></span> <span class='ocrx_word' id='word_1_47' title='bbox 1096 422 1307 476; x_wconf 85' lang='lat' dir='ltr'><strong>legionum</strong></span> <span class='ocrx_word' id='word_1_48' title='bbox 1331 422 1674 477; x_wconf 77' lang='lat' dir='ltr'><strong>adsequerentur,</strong></span> 
     </span>
     <span class='ocr_line' id='line_1_11' title="bbox 185 497 1677 551; baseline 0 -10"><span class='ocrx_word' id='word_1_49' title='bbox 185 505 224 541; x_wconf 88' lang='lat' dir='ltr'><strong>et</strong></span> <span class='ocrx_word' id='word_1_50' title='bbox 254 499 368 539; x_wconf 91' lang='lat' dir='ltr'><strong>locus</strong></span> <span class='ocrx_word' id='word_1_51' title='bbox 401 499 488 551; x_wconf 91' lang='lat' dir='ltr'><strong>ipse</strong></span> <span class='ocrx_word' id='word_1_52' title='bbox 519 501 751 539; x_wconf 90' lang='lat' dir='ltr'><strong>castrorum</strong></span> <span class='ocrx_word' id='word_1_53' title='bbox 781 497 1001 551; x_wconf 79' lang='lat' dir='ltr'><strong>placebat,</strong></span> <span class='ocrx_word' id='word_1_54' title='bbox 1034 497 1117 538; x_wconf 88' lang='lat' dir='ltr'><strong>late</strong></span> <span class='ocrx_word' id='word_1_55' title='bbox 1146 501 1448 550; x_wconf 85' lang='lat' dir='ltr'><strong>prospectans,</strong></span> <span class='ocrx_word' id='word_1_56' title='bbox 1478 501 1567 540; x_wconf 83' lang='lat' dir='ltr'><strong>tuto</strong></span> <span class='ocrx_word' id='word_1_57' title='bbox 1596 511 1677 541; x_wconf 88' lang='lat' dir='ltr'><strong>co-</strong></span> 
     </span>
     <span class='ocr_line' id='line_1_12' title="bbox 181 571 1677 645; baseline 0.001 -31"><span class='ocrx_word' id='word_1_58' title='bbox 181 575 339 626; x_wconf 88' lang='lat' dir='ltr'><strong>piarum</strong></span> <span class='ocrx_word' id='word_1_59' title='bbox 359 576 548 645; x_wconf 51' lang='lat' dir='ltr'><strong>aqgestu,</strong></span> <span class='ocrx_word' id='word_1_60' title='bbox 583 572 892 622; x_wconf 88' lang='lat' dir='ltr'><strong>florentissimis</strong></span> <span class='ocrx_word' id='word_1_61' title='bbox 922 584 1031 625; x_wconf 91' lang='lat' dir='ltr'><strong>pone</strong></span> <span class='ocrx_word' id='word_1_62' title='bbox 1062 575 1224 626; x_wconf 81' lang='lat' dir='ltr'><strong>tergum</strong></span> <span class='ocrx_word' id='word_1_63' title='bbox 1255 571 1506 626; x_wconf 63' lang='lat' dir='ltr'><strong>municipiis</strong></span> <span class='ocrx_word' id='word_1_64' title='bbox 1547 572 1677 618; x_wconf 88' lang='lat' dir='ltr'><strong>Simul</strong></span> 
     </span>
    </p>
   </div>
   <div class='ocr_carea' id='block_1_9' title="bbox 176 721 1690 1064">
    <p class='ocr_par' dir='ltr' id='par_1_9' title="bbox 176 721 1690 1064">
     <span class='ocr_line' id='line_1_13' title="bbox 178 721 1690 776; baseline 0.001 -13"><span class='ocrx_word' id='word_1_65' title='bbox 178 721 358 776; x_wconf 91' lang='lat' dir='ltr'><strong>proditio</strong></span> <span class='ocrx_word' id='word_1_66' title='bbox 391 722 647 775; x_wconf 79' lang='lat' dir='ltr'><strong>sperabatur.</strong></span> <span class='ocrx_word' id='word_1_67' title='bbox 709 721 851 776; x_wconf 82' lang='lat' dir='ltr'><strong>Aegre</strong></span> <span class='ocrx_word' id='word_1_68' title='bbox 883 722 923 762; x_wconf 90' lang='lat' dir='ltr'><strong>id</strong></span> <span class='ocrx_word' id='word_1_69' title='bbox 954 721 1038 776; x_wconf 89' lang='lat' dir='ltr'><strong>pati</strong></span> <span class='ocrx_word' id='word_1_70' title='bbox 1069 721 1203 773; x_wconf 88' lang='lat' dir='ltr'><strong>miles,</strong></span> <span class='ocrx_word' id='word_1_71' title='bbox 1235 725 1276 762; x_wconf 88' lang='lat' dir='ltr'><strong>et</strong></span> <span class='ocrx_word' id='word_1_72' title='bbox 1302 721 1522 765; x_wconf 87' lang='lat' dir='ltr'><strong>victoriam</strong></span> <span class='ocrx_word' id='word_1_73' title='bbox 1552 721 1690 765; x_wconf 82' lang='lat' dir='ltr'><strong>malle-</strong></span> 
     </span>
     <span class='ocr_line' id='line_1_14' title="bbox 183 773 1673 868; baseline 0 -29"><span class='ocrx_word' id='word_1_74' title='bbox 183 809 303 868; x_wconf 87' lang='lat' dir='ltr'><strong>quam</strong></span> <span class='ocrx_word' id='word_1_75' title='bbox 335 808 493 855; x_wconf 86' lang='lat' dir='ltr'><strong>pacem.</strong></span> <span class='ocrx_word' id='word_1_76' title='bbox 553 795 614 836; x_wconf 92' lang='lat' dir='ltr'><strong>Ne</strong></span> <span class='ocrx_word' id='word_1_77' title='bbox 652 808 749 837; x_wconf 90' lang='lat' dir='ltr'><strong>suas</strong></span> <span class='ocrx_word' id='word_1_78' title='bbox 787 796 954 849; x_wconf 90' lang='lat' dir='ltr'><strong>quidem</strong></span> <span class='ocrx_word' id='word_1_79' title='bbox 999 796 1191 851; x_wconf 86' lang='lat' dir='ltr'><strong>legiones</strong></span> <span class='ocrx_word' id='word_1_80' title='bbox 1236 773 1673 850; x_wconf 48' lang='lat' dir='ltr'><strong>oppffl-a&#39;nffi‘fflt</strong></span> 
     </span>
     <span class='ocr_line' id='line_1_15' title="bbox 176 850 1672 941; baseline 0.001 -29"><span class='ocrx_word' id='word_1_81' title='bbox 176 850 463 941; x_wconf 53' lang='grc' dir='ltr'><strong>ρι’ᾳῖἳῌξ</strong></span> <span class='ocrx_word' id='word_1_82' title='bbox 398 882 526 925; x_wconf 81' lang='lat' dir='ltr'><strong>,quam</strong></span> <span class='ocrx_word' id='word_1_83' title='bbox 570 870 852 927; x_wconf 78' lang='lat' dir='ltr'><strong>periculorum</strong></span> <span class='ocrx_word' id='word_1_84' title='bbox 891 871 1044 912; x_wconf 87' lang='lat' dir='ltr'><strong>socias.</strong></span> <span class='ocrx_word' id='word_1_85' title='bbox 1107 871 1289 912; x_wconf 90' lang='lat' dir='ltr'><strong>Vocatos</strong></span> <span class='ocrx_word' id='word_1_86' title='bbox 1336 870 1388 912; x_wconf 90' lang='lat' dir='ltr'><strong>ad</strong></span> <span class='ocrx_word' id='word_1_87' title='bbox 1432 871 1672 914; x_wconf 87' lang='lat' dir='ltr'><strong>contionem</strong></span> 
     </span>
     <span class='ocr_line' id='line_1_16' title="bbox 178 927 1675 999; baseline 0.001 -12"><span class='ocrx_word' id='word_1_88' title='bbox 178 935 380 987; x_wconf 82' lang='lat' dir='ltr'><strong>Antonius</strong></span> <span class='ocrx_word' id='word_1_89' title='bbox 412 945 552 986; x_wconf 91' lang='lat' dir='ltr'><strong>docuit</strong></span> <span class='ocrx_word' id='word_1_90' title='bbox 583 957 677 987; x_wconf 89' lang='lat' dir='ltr'><strong>esse</strong></span> <span class='ocrx_word' id='word_1_91' title='bbox 709 945 844 987; x_wconf 86' lang='lat' dir='ltr'><strong>adhuc</strong></span> <span class='ocrx_word' id='word_1_92' title='bbox 865 927 1040 987; x_wconf 89' lang='lat' dir='ltr'><strong>Vitellio</strong></span> <span class='ocrx_word' id='word_1_93' title='bbox 1081 944 1220 996; x_wconf 83' lang='lat' dir='ltr'><strong>vireS,</strong></span> <span class='ocrx_word' id='word_1_94' title='bbox 1254 945 1496 999; x_wconf 86' lang='lat' dir='ltr'><strong>ambiguas,</strong></span> <span class='ocrx_word' id='word_1_95' title='bbox 1527 945 1564 988; x_wconf 87' lang='lat' dir='ltr'><strong>si</strong></span> <span class='ocrx_word' id='word_1_96' title='bbox 1594 945 1675 988; x_wconf 82' lang='lat' dir='ltr'><strong>de-</strong></span> 
     </span>
     <span class='ocr_line' id='line_1_17' title="bbox 1088 1019 1672 1064; baseline 0.003 -3"><span class='ocrx_word' id='word_1_97' title='bbox 1088 1019 1207 1061; x_wconf 87' lang='lat' dir='ltr'><strong>Initia</strong></span> <span class='ocrx_word' id='word_1_98' title='bbox 1247 1019 1453 1062; x_wconf 91' lang='lat' dir='ltr'><strong>bellorum</strong></span> <span class='ocrx_word' id='word_1_99' title='bbox 1484 1019 1672 1064; x_wconf 88' lang='lat' dir='ltr'><strong>civilium</strong></span> 
     </span>
    </p>
   </div>
   <div class='ocr_carea' id='block_1_10' title="bbox 0 1094 1672 1156">
    <p class='ocr_par' dir='ltr' id='par_1_10' title="bbox 0 1094 1672 1156">
     <span class='ocr_line' id='line_1_18' title="bbox 0 1094 1672 1156; baseline -0.001 -19"><span class='ocrx_word' id='word_1_100' title='bbox 0 1110 29 1156; x_wconf 36' lang='lat' dir='ltr'><strong>J(</strong></span> <span class='ocrx_word' id='word_1_101' title='bbox 51 1104 155 1155; x_wconf 56' lang='lat' dir='ltr'><strong>Q),</strong></span> <span class='ocrx_word' id='word_1_102' title='bbox 180 1095 369 1137; x_wconf 79' lang='lat' dir='ltr'><strong>fortunae</strong></span> <span class='ocrx_word' id='word_1_103' title='bbox 399 1094 692 1148; x_wconf 88' lang='lat' dir='ltr'><strong>permittenda:</strong></span> <span class='ocrx_word' id='word_1_104' title='bbox 732 1094 953 1136; x_wconf 88' lang='lat' dir='ltr'><strong>victoriam</strong></span> <span class='ocrx_word' id='word_1_105' title='bbox 986 1094 1174 1135; x_wconf 90' lang='lat' dir='ltr'><strong>consiliis</strong></span> <span class='ocrx_word' id='word_1_106' title='bbox 1216 1098 1256 1135; x_wconf 89' lang='lat' dir='ltr'><strong>et</strong></span> <span class='ocrx_word' id='word_1_107' title='bbox 1303 1094 1468 1137; x_wconf 87' lang='lat' dir='ltr'><strong>ratione</strong></span> <span class='ocrx_word' id='word_1_108' title='bbox 1513 1094 1672 1148; x_wconf 85' lang='lat' dir='ltr'><strong>perfici.</strong></span> 
     </span>
    </p>
   </div>
   <div class='ocr_carea' id='block_1_11' title="bbox 120 1765 526 1819">
    <p class='ocr_par' dir='ltr' id='par_1_11' title="bbox 120 1765 526 1819">
     <span class='ocr_line' id='line_1_19' title="bbox 120 1765 526 1819; baseline 0.002 -14"><span class='ocrx_word' id='word_1_109' title='bbox 120 1785 159 1814; x_wconf 76' lang='lat'><strong>20</strong></span> <span class='ocrx_word' id='word_1_110' title='bbox 171 1765 322 1819; x_wconf 83' lang='lat' dir='ltr'><strong>giones</strong></span> <span class='ocrx_word' id='word_1_111' title='bbox 355 1778 526 1806; x_wconf 86' lang='lat' dir='ltr'><strong>venere.</strong></span> 
     </span>
    </p>
   </div>
   <div class='ocr_carea' id='block_1_12' title="bbox 177 1151 1675 1373">
    <p class='ocr_par' dir='ltr' id='par_1_12' title="bbox 177 1151 1675 1373">
     <span class='ocr_line' id='line_1_20' title="bbox 179 1151 1674 1222; baseline 0.001 -11"><span class='ocrx_word' id='word_1_112' title='bbox 179 1170 263 1211; x_wconf 90' lang='lat' dir='ltr'><strong>Iam</strong></span> <span class='ocrx_word' id='word_1_113' title='bbox 302 1170 580 1211; x_wconf 81' lang='lat' dir='ltr'><strong>Misenensem</strong></span> <span class='ocrx_word' id='word_1_114' title='bbox 623 1169 799 1211; x_wconf 86' lang='lat' dir='ltr'><strong>classem</strong></span> <span class='ocrx_word' id='word_1_115' title='bbox 831 1173 871 1210; x_wconf 88' lang='lat' dir='ltr'><strong>et</strong></span> <span class='ocrx_word' id='word_1_116' title='bbox 901 1168 1220 1222; x_wconf 88' lang='lat' dir='ltr'><strong>pulcherrimam</strong></span> <span class='ocrx_word' id='word_1_117' title='bbox 1263 1151 1674 1222; x_wconf 60' lang='lat' dir='ltr'><strong>Campaniae‘ssram</strong></span> 
     </span>
     <span class='ocr_line' id='line_1_21' title="bbox 177 1241 1673 1297; baseline -0.001 -11"><span class='ocrx_word' id='word_1_118' title='bbox 177 1244 434 1294; x_wconf 82' lang='lat' dir='ltr'><strong>descivisse3</strong></span> <span class='ocrx_word' id='word_1_119' title='bbox 466 1257 542 1285; x_wconf 86' lang='lat' dir='ltr'><strong>nec</strong></span> <span class='ocrx_word' id='word_1_120' title='bbox 568 1244 658 1297; x_wconf 90' lang='lat' dir='ltr'><strong>plus</strong></span> <span class='ocrx_word' id='word_1_121' title='bbox 690 1257 712 1284; x_wconf 92' lang='lat' dir='ltr'><strong>e</strong></span> <span class='ocrx_word' id='word_1_122' title='bbox 751 1248 836 1284; x_wconf 90' lang='lat' dir='ltr'><strong>toto</strong></span> <span class='ocrx_word' id='word_1_123' title='bbox 882 1247 1086 1284; x_wconf 90' lang='lat' dir='ltr'><strong>terrarum</strong></span> <span class='ocrx_word' id='word_1_124' title='bbox 1126 1243 1228 1284; x_wconf 91' lang='lat' dir='ltr'><strong>orbe</strong></span> <span class='ocrx_word' id='word_1_125' title='bbox 1263 1242 1466 1296; x_wconf 88' lang='lat' dir='ltr'><strong>reliquum</strong></span> <span class='ocrx_word' id='word_1_126' title='bbox 1506 1241 1673 1287; x_wconf 64' lang='lat' dir='ltr'><strong>Vitellio</strong></span> 
     </span>
     <span class='ocr_line' id='line_1_22' title="bbox 177 1317 1675 1373; baseline 0.001 -14"><span class='ocrx_word' id='word_1_127' title='bbox 177 1331 296 1372; x_wconf 85' lang='lat' dir='ltr'><strong>quam</strong></span> <span class='ocrx_word' id='word_1_128' title='bbox 329 1319 438 1372; x_wconf 92' lang='lat' dir='ltr'><strong>quod</strong></span> <span class='ocrx_word' id='word_1_129' title='bbox 471 1318 579 1360; x_wconf 80' lang='lat' dir='ltr'><strong>inter</strong></span> <span class='ocrx_word' id='word_1_130' title='bbox 606 1318 874 1359; x_wconf 85' lang='lat' dir='ltr'><strong>Tarracinam</strong></span> <span class='ocrx_word' id='word_1_131' title='bbox 905 1317 1184 1371; x_wconf 85' lang='lat' dir='ltr'><strong>Narniamque</strong></span> <span class='ocrx_word' id='word_1_132' title='bbox 1216 1317 1365 1359; x_wconf 89' lang='lat' dir='ltr'><strong>iaceat.</strong></span> <span class='ocrx_word' id='word_1_133' title='bbox 1428 1317 1539 1359; x_wconf 86' lang='lat' dir='ltr'><strong>Satis</strong></span> <span class='ocrx_word' id='word_1_134' title='bbox 1567 1317 1675 1373; x_wconf 84' lang='lat' dir='ltr'><strong>&#39;glo-</strong></span> 
     </span>
    </p>
   </div>
   <div class='ocr_carea' id='block_1_13' title="bbox 127 1392 1674 1447">
    <p class='ocr_par' dir='ltr' id='par_1_13' title="bbox 127 1392 1674 1447">
     <span class='ocr_line' id='line_1_23' title="bbox 127 1392 1674 1447; baseline 0 -13"><span class='ocrx_word' id='word_1_135' title='bbox 127 1394 262 1435; x_wconf 69' lang='lat' dir='ltr'><strong>nsriae</strong></span> <span class='ocrx_word' id='word_1_136' title='bbox 295 1394 454 1447; x_wconf 88' lang='lat' dir='ltr'><strong>proelio</strong></span> <span class='ocrx_word' id='word_1_137' title='bbox 490 1394 760 1435; x_wconf 89' lang='lat' dir='ltr'><strong>Cremonensi</strong></span> <span class='ocrx_word' id='word_1_138' title='bbox 789 1397 964 1447; x_wconf 86' lang='lat' dir='ltr'><strong>partum,</strong></span> <span class='ocrx_word' id='word_1_139' title='bbox 1002 1397 1043 1433; x_wconf 94' lang='lat' dir='ltr'><strong>et</strong></span> <span class='ocrx_word' id='word_1_140' title='bbox 1075 1393 1203 1434; x_wconf 85' lang='lat' dir='ltr'><strong>exitio</strong></span> <span class='ocrx_word' id='word_1_141' title='bbox 1237 1393 1469 1434; x_wconf 88' lang='lat' dir='ltr'><strong>Cremonae</strong></span> <span class='ocrx_word' id='word_1_142' title='bbox 1503 1392 1674 1434; x_wconf 88' lang='lat' dir='ltr'><strong>nimium</strong></span> 
     </span>
    </p>
   </div>
   <div class='ocr_carea' id='block_1_14' title="bbox 170 1466 1675 1890">
    <p class='ocr_par' dir='ltr' id='par_1_14' title="bbox 170 1466 1675 1890">
     <span class='ocr_line' id='line_1_24' title="bbox 175 1466 1674 1521; baseline 0.001 -13"><span class='ocrx_word' id='word_1_143' title='bbox 175 1468 370 1509; x_wconf 86' lang='lat' dir='ltr'><strong>invidiae.</strong></span> <span class='ocrx_word' id='word_1_144' title='bbox 429 1469 489 1509; x_wconf 91' lang='lat' dir='ltr'><strong>Ne</strong></span> <span class='ocrx_word' id='word_1_145' title='bbox 537 1468 885 1521; x_wconf 86' lang='lat' dir='ltr'><strong>concupiscerent</strong></span> <span class='ocrx_word' id='word_1_146' title='bbox 941 1467 1113 1508; x_wconf 90' lang='lat' dir='ltr'><strong>Romam</strong></span> <span class='ocrx_word' id='word_1_147' title='bbox 1160 1479 1310 1520; x_wconf 88' lang='lat' dir='ltr'><strong>capere</strong></span> <span class='ocrx_word' id='word_1_148' title='bbox 1361 1466 1497 1520; x_wconf 86' lang='lat' dir='ltr'><strong>potius</strong></span> <span class='ocrx_word' id='word_1_149' title='bbox 1553 1478 1674 1521; x_wconf 88' lang='lat' dir='ltr'><strong>quam</strong></span> 
     </span>
     <span class='ocr_line' id='line_1_25' title="bbox 174 1540 1674 1596; baseline 0 -13"><span class='ocrx_word' id='word_1_150' title='bbox 174 1555 358 1584; x_wconf 88' lang='lat' dir='ltr'><strong>servare.</strong></span> <span class='ocrx_word' id='word_1_151' title='bbox 420 1543 577 1584; x_wconf 87' lang='lat' dir='ltr'><strong>Maiora</strong></span> <span class='ocrx_word' id='word_1_152' title='bbox 611 1543 690 1583; x_wconf 91' lang='lat' dir='ltr'><strong>illis</strong></span> <span class='ocrx_word' id='word_1_153' title='bbox 717 1543 902 1596; x_wconf 88' lang='lat' dir='ltr'><strong>praemia</strong></span> <span class='ocrx_word' id='word_1_154' title='bbox 925 1573 937 1593; x_wconf 80' lang='grc'>,</span> <span class='ocrx_word' id='word_1_155' title='bbox 969 1546 1010 1582; x_wconf 90' lang='lat' dir='ltr'><strong>et</strong></span> <span class='ocrx_word' id='word_1_156' title='bbox 1041 1541 1166 1582; x_wconf 90' lang='lat' dir='ltr'><strong>multo</strong></span> <span class='ocrx_word' id='word_1_157' title='bbox 1197 1540 1419 1583; x_wconf 77' lang='lat' dir='ltr'><strong>maximum</strong></span> <span class='ocrx_word' id='word_1_158' title='bbox 1446 1541 1605 1594; x_wconf 86' lang='lat' dir='ltr'><strong>decus,</strong></span> <span class='ocrx_word' id='word_1_159' title='bbox 1637 1541 1674 1583; x_wconf 91' lang='lat' dir='ltr'><strong>si</strong></span> 
     </span>
     <span class='ocr_line' id='line_1_26' title="bbox 174 1616 1672 1670; baseline 0 -12"><span class='ocrx_word' id='word_1_160' title='bbox 174 1616 498 1658; x_wconf 84' lang='lat' dir='ltr'><strong>incolumitatem</strong></span> <span class='ocrx_word' id='word_1_161' title='bbox 532 1618 691 1658; x_wconf 88' lang='lat' dir='ltr'><strong>senatui</strong></span> <span class='ocrx_word' id='word_1_162' title='bbox 722 1616 958 1670; x_wconf 87' lang='lat' dir='ltr'><strong>populoque</strong></span> <span class='ocrx_word' id='word_1_163' title='bbox 978 1616 1166 1657; x_wconf 91' lang='lat' dir='ltr'><strong>Romano</strong></span> <span class='ocrx_word' id='word_1_164' title='bbox 1188 1616 1280 1657; x_wconf 89' lang='lat' dir='ltr'><strong>sine</strong></span> <span class='ocrx_word' id='word_1_165' title='bbox 1311 1616 1517 1670; x_wconf 87' lang='lat' dir='ltr'><strong>sanguine</strong></span> <span class='ocrx_word' id='word_1_166' title='bbox 1537 1627 1672 1670; x_wconf 81' lang='lat' dir='ltr'><strong>quae-</strong></span> 
     </span>
     <span class='ocr_line' id='line_1_27' title="bbox 172 1690 1110 1744; baseline -0.001 -13"><span class='ocrx_word' id='word_1_167' title='bbox 172 1690 338 1731; x_wconf 89' lang='lat' dir='ltr'><strong>sissent.</strong></span> <span class='ocrx_word' id='word_1_168' title='bbox 399 1691 471 1732; x_wconf 90' lang='lat' dir='ltr'><strong>His</strong></span> <span class='ocrx_word' id='word_1_169' title='bbox 504 1705 551 1732; x_wconf 92' lang='lat' dir='ltr'><strong>ac</strong></span> <span class='ocrx_word' id='word_1_170' title='bbox 579 1691 728 1732; x_wconf 86' lang='lat' dir='ltr'><strong>talibus</strong></span> <span class='ocrx_word' id='word_1_171' title='bbox 761 1690 938 1744; x_wconf 83' lang='lat' dir='ltr'><strong>mitigati</strong></span> <span class='ocrx_word' id='word_1_172' title='bbox 971 1690 1110 1731; x_wconf 90' lang='lat' dir='ltr'><strong>animi.</strong></span> 
     </span>
     <span class='ocr_line' id='line_1_28' title="bbox 588 1763 1675 1818; baseline 0.001 -12"><span class='ocrx_word' id='word_1_173' title='bbox 588 1765 638 1807; x_wconf 88' lang='lat' dir='ltr'><strong>Et</strong></span> <span class='ocrx_word' id='word_1_174' title='bbox 667 1769 830 1806; x_wconf 87' lang='lat' dir='ltr'><strong>terrore</strong></span> <span class='ocrx_word' id='word_1_175' title='bbox 863 1765 1054 1818; x_wconf 83' lang='lat' dir='ltr'><strong>famaque</strong></span> <span class='ocrx_word' id='word_1_176' title='bbox 1092 1764 1201 1805; x_wconf 89' lang='lat' dir='ltr'><strong>aucti</strong></span> <span class='ocrx_word' id='word_1_177' title='bbox 1231 1764 1439 1806; x_wconf 87' lang='lat' dir='ltr'><strong>exercitus</strong></span> <span class='ocrx_word' id='word_1_178' title='bbox 1482 1763 1675 1807; x_wconf 83' lang='lat' dir='ltr'><strong>Vitellia-</strong></span> 
     </span>
     <span class='ocr_line' id='line_1_29' title="bbox 170 1837 1673 1890; baseline 0.001 -11"><span class='ocrx_word' id='word_1_179' title='bbox 170 1851 248 1881; x_wconf 86' lang='lat' dir='ltr'><strong>nae</strong></span> <span class='ocrx_word' id='word_1_180' title='bbox 281 1839 475 1880; x_wconf 82' lang='lat' dir='ltr'><strong>cohortes</strong></span> <span class='ocrx_word' id='word_1_181' title='bbox 507 1839 717 1890; x_wconf 88' lang='lat' dir='ltr'><strong>nutabant,</strong></span> <span class='ocrx_word' id='word_1_182' title='bbox 751 1839 863 1879; x_wconf 91' lang='lat' dir='ltr'><strong>nullo</strong></span> <span class='ocrx_word' id='word_1_183' title='bbox 898 1839 939 1879; x_wconf 88' lang='lat' dir='ltr'><strong>in</strong></span> <span class='ocrx_word' id='word_1_184' title='bbox 969 1838 1123 1879; x_wconf 87' lang='lat' dir='ltr'><strong>bellum</strong></span> <span class='ocrx_word' id='word_1_185' title='bbox 1156 1838 1420 1890; x_wconf 82' lang='lat' dir='ltr'><strong>adhortante,</strong></span> <span class='ocrx_word' id='word_1_186' title='bbox 1452 1837 1589 1880; x_wconf 80' lang='lat' dir='ltr'><strong>multis</strong></span> <span class='ocrx_word' id='word_1_187' title='bbox 1620 1838 1673 1880; x_wconf 88' lang='lat' dir='ltr'><strong>ad</strong></span> 
     </span>
    </p>
   </div>
   <div class='ocr_carea' id='block_1_15' title="bbox 1268 1978 1671 2016">
    <p class='ocr_par' dir='ltr' id='par_1_15' title="bbox 1268 1978 1671 2016">
     <span class='ocr_line' id='line_1_30' title="bbox 1268 1978 1671 2016; baseline 0.005 -2"><span class='ocrx_word' id='word_1_188' title='bbox 1268 1980 1302 2014; x_wconf 84' lang='lat'><strong>3.</strong></span> <span class='ocrx_word' id='word_1_189' title='bbox 1343 1979 1438 2013; x_wconf 82' lang='lat' dir='ltr'><strong>latae</strong></span> <span class='ocrx_word' id='word_1_190' title='bbox 1470 1978 1536 2013; x_wconf 66' lang='lat' dir='ltr'><strong>Ma.</strong></span> <span class='ocrx_word' id='word_1_191' title='bbox 1636 1979 1671 2016; x_wconf 81' lang='lat'><strong>4.</strong></span> 
     </span>
    </p>
   </div>
   <div class='ocr_carea' id='block_1_16' title="bbox 303 1979 1674 2073">
    <p class='ocr_par' dir='ltr' id='par_1_16' title="bbox 303 1979 1674 2073">
     <span class='ocr_line' id='line_1_31' title="bbox 303 1979 1165 2025; baseline -0.002 -10"><span class='ocrx_word' id='word_1_192' title='bbox 303 1983 335 2015; x_wconf 82' lang='lat'><strong>2.</strong></span> <span class='ocrx_word' id='word_1_193' title='bbox 364 1982 513 2025; x_wconf 72' lang='lat' dir='ltr'><strong>aquilas,</strong></span> <span class='ocrx_word' id='word_1_194' title='bbox 540 1981 669 2014; x_wconf 88' lang='lat' dir='ltr'><strong>litteris</strong></span> <span class='ocrx_word' id='word_1_195' title='bbox 695 1993 734 2015; x_wconf 85' lang='lat' dir='ltr'><strong>as</strong></span> <span class='ocrx_word' id='word_1_196' title='bbox 766 1982 939 2014; x_wconf 87' lang='lat' dir='ltr'><strong>correctis</strong></span> <span class='ocrx_word' id='word_1_197' title='bbox 967 1982 1001 2014; x_wconf 92' lang='lat' dir='ltr'><strong>in</strong></span> <span class='ocrx_word' id='word_1_198' title='bbox 1032 1991 1074 2013; x_wconf 82' lang='lat' dir='ltr'><strong>ae</strong></span> <span class='ocrx_word' id='word_1_199' title='bbox 1101 1979 1165 2013; x_wconf 73' lang='lat' dir='ltr'><strong>Ma.</strong></span> 
     </span>
     <span class='ocr_line' id='line_1_32' title="bbox 987 2026 1674 2073; baseline 0 -11"><span class='ocrx_word' id='word_1_200' title='bbox 987 2030 1041 2062; x_wconf 96' lang='grc'><strong>11.</strong></span> <span class='ocrx_word' id='word_1_201' title='bbox 1071 2028 1154 2073; x_wconf 79' lang='lat' dir='ltr'><strong>pfici</strong></span> <span class='ocrx_word' id='word_1_202' title='bbox 1181 2038 1259 2061; x_wconf 88' lang='lat' dir='ltr'><strong>cum</strong></span> <span class='ocrx_word' id='word_1_203' title='bbox 1284 2039 1308 2073; x_wconf 82' lang='lat' dir='ltr'><strong>p</strong></span> <span class='ocrx_word' id='word_1_204' title='bbox 1336 2026 1488 2061; x_wconf 86' lang='lat' dir='ltr'><strong>caudato</strong></span> <span class='ocrx_word' id='word_1_205' title='bbox 1517 2029 1674 2073; x_wconf 73' lang='lat' dir='ltr'><strong>(profici)</strong></span> 
     </span>
    </p>
   </div>
   <div class='ocr_carea' id='block_1_17' title="bbox 169 2028 1675 2217">
    <p class='ocr_par' dir='ltr' id='par_1_17' title="bbox 169 2028 1675 2217">
     <span class='ocr_line' id='line_1_33' title="bbox 169 2028 895 2074; baseline -0.003 -11"><span class='ocrx_word' id='word_1_206' title='bbox 169 2030 247 2074; x_wconf 71' lang='lat' dir='ltr'><strong>adq.</strong></span> <span class='ocrx_word' id='word_1_207' title='bbox 279 2029 336 2063; x_wconf 87' lang='lat' dir='ltr'><strong>Or.</strong></span> <span class='ocrx_word' id='word_1_208' title='bbox 411 2029 445 2064; x_wconf 90' lang='grc'>8.</span> <span class='ocrx_word' id='word_1_209' title='bbox 475 2030 675 2062; x_wconf 73' lang='lat' dir='ltr'><strong>concionem</strong></span> <span class='ocrx_word' id='word_1_210' title='bbox 706 2040 799 2062; x_wconf 86' lang='lat' dir='ltr'><strong>nunc</strong></span> <span class='ocrx_word' id='word_1_211' title='bbox 833 2028 895 2063; x_wconf 65' lang='lat' dir='ltr'><strong>Md.</strong></span> 
     </span>
     <span class='ocr_line' id='line_1_34' title="bbox 169 2075 1671 2123; baseline 0 -12"><span class='ocrx_word' id='word_1_212' title='bbox 169 2077 234 2120; x_wconf 66' lang='lat' dir='ltr'><strong>Ma,</strong></span> <span class='ocrx_word' id='word_1_213' title='bbox 256 2078 432 2123; x_wconf 76' lang='lat' dir='ltr'><strong>proficisci</strong></span> <span class='ocrx_word' id='word_1_214' title='bbox 459 2077 503 2111; x_wconf 92' lang='lat' dir='ltr'><strong>G:</strong></span> <span class='ocrx_word' id='word_1_215' title='bbox 532 2078 687 2111; x_wconf 76' lang='lat' dir='ltr'><strong>conexit</strong></span> <span class='ocrx_word' id='word_1_216' title='bbox 710 2077 862 2121; x_wconf 85' lang='lat' dir='ltr'><strong>lipsius.</strong></span> <span class='ocrx_word' id='word_1_217' title='bbox 930 2077 983 2110; x_wconf 79' lang='lat'><strong>12.</strong></span> <span class='ocrx_word' id='word_1_218' title='bbox 1014 2077 1126 2109; x_wconf 83' lang='lat' dir='ltr'><strong>misen</strong></span> <span class='ocrx_word' id='word_1_219' title='bbox 1151 2076 1208 2120; x_wconf 83' lang='lat' dir='ltr'><strong>(in</strong></span> <span class='ocrx_word' id='word_1_220' title='bbox 1236 2086 1362 2109; x_wconf 88' lang='lat' dir='ltr'><strong>versus</strong></span> <span class='ocrx_word' id='word_1_221' title='bbox 1392 2075 1481 2120; x_wconf 85' lang='lat' dir='ltr'><strong>fine)</strong></span> <span class='ocrx_word' id='word_1_222' title='bbox 1508 2087 1580 2109; x_wconf 84' lang='lat' dir='ltr'><strong>sem</strong></span> <span class='ocrx_word' id='word_1_223' title='bbox 1604 2075 1671 2111; x_wconf 67' lang='lat' dir='ltr'><strong>Ma.</strong></span> 
     </span>
     <span class='ocr_line' id='line_1_35' title="bbox 169 2123 1675 2171; baseline 0 -12"><span class='ocrx_word' id='word_1_224' title='bbox 169 2126 332 2171; x_wconf 80' lang='lat' dir='ltr'><strong>capiniae</strong></span> <span class='ocrx_word' id='word_1_225' title='bbox 359 2125 432 2159; x_wconf 58' lang='grc' dir='ltr'><strong>ΜΒ·</strong></span> <span class='ocrx_word' id='word_1_226' title='bbox 460 2125 488 2159; x_wconf 88' lang='lat' dir='ltr'><strong>G</strong></span> <span class='ocrx_word' id='word_1_227' title='bbox 514 2126 702 2170; x_wconf 70' lang='lat' dir='ltr'><strong>capaniae.</strong></span> <span class='ocrx_word' id='word_1_228' title='bbox 807 2125 860 2159; x_wconf 88' lang='lat'><strong>16.</strong></span> <span class='ocrx_word' id='word_1_229' title='bbox 890 2136 934 2158; x_wconf 84' lang='lat' dir='ltr'><strong>ne</strong></span> <span class='ocrx_word' id='word_1_230' title='bbox 962 2123 1010 2158; x_wconf 89' lang='lat' dir='ltr'><strong>G:</strong></span> <span class='ocrx_word' id='word_1_231' title='bbox 1038 2136 1104 2158; x_wconf 84' lang='lat' dir='ltr'><strong>nec</strong></span> <span class='ocrx_word' id='word_1_232' title='bbox 1130 2123 1195 2158; x_wconf 71' lang='lat' dir='ltr'><strong>Ma.</strong></span> <span class='ocrx_word' id='word_1_233' title='bbox 1300 2124 1355 2158; x_wconf 88' lang='lat'><strong>17.</strong></span> <span class='ocrx_word' id='word_1_234' title='bbox 1393 2124 1510 2158; x_wconf 75' lang='lat' dir='ltr'><strong>maior</strong></span> <span class='ocrx_word' id='word_1_235' title='bbox 1535 2123 1610 2158; x_wconf 61' lang='lat' dir='ltr'><strong>Ma.</strong></span> <span class='ocrx_word' id='word_1_236' title='bbox 1646 2124 1675 2159; x_wconf 83' lang='lat' dir='ltr'>G</span> 
     </span>
     <span class='ocr_line' id='line_1_36' title="bbox 169 2171 1673 2217; baseline -0.001 -8"><span class='ocrx_word' id='word_1_237' title='bbox 169 2175 320 2209; x_wconf 82' lang='lat' dir='ltr'><strong>maiora.</strong></span> <span class='ocrx_word' id='word_1_238' title='bbox 386 2176 443 2210; x_wconf 82' lang='lat'><strong>21.</strong></span> <span class='ocrx_word' id='word_1_239' title='bbox 471 2174 683 2208; x_wconf 77' lang='lat' dir='ltr'><strong>nuntiabant</strong></span> <span class='ocrx_word' id='word_1_240' title='bbox 709 2172 786 2207; x_wconf 68' lang='lat' dir='ltr'><strong>Ma:</strong></span> <span class='ocrx_word' id='word_1_241' title='bbox 816 2172 1040 2207; x_wconf 79' lang='lat' dir='ltr'><strong>emendatum</strong></span> <span class='ocrx_word' id='word_1_242' title='bbox 1067 2174 1160 2207; x_wconf 86' lang='lat' dir='ltr'><strong>inest</strong></span> <span class='ocrx_word' id='word_1_243' title='bbox 1187 2171 1215 2205; x_wconf 91' lang='lat' dir='ltr'><strong>G</strong></span> <span class='ocrx_word' id='word_1_244' title='bbox 1241 2177 1277 2206; x_wconf 86' lang='lat' dir='ltr'><strong>et</strong></span> <span class='ocrx_word' id='word_1_245' title='bbox 1303 2172 1397 2217; x_wconf 88' lang='lat' dir='ltr'><strong>apud</strong></span> <span class='ocrx_word' id='word_1_246' title='bbox 1422 2171 1673 2208; x_wconf 79' lang='lat' dir='ltr'><strong>Puteolanum.</strong></span> 
     </span>
    </p>
   </div>
   <div class='ocr_carea' id='block_1_18' title="bbox 240 2298 1673 2345">
    <p class='ocr_par' dir='ltr' id='par_1_18' title="bbox 240 2298 1673 2345">
     <span class='ocr_line' id='line_1_37' title="bbox 240 2298 1673 2345; baseline -0.001 -10"><span class='ocrx_word' id='word_1_247' title='bbox 240 2300 326 2345; x_wconf 87' lang='lat' dir='ltr'><strong>Cap.</strong></span> <span class='ocrx_word' id='word_1_248' title='bbox 352 2300 412 2336; x_wconf 86' lang='lat'><strong>60.</strong></span> <span class='ocrx_word' id='word_1_249' title='bbox 475 2306 512 2334; x_wconf 73' lang='lat' dir='ltr'><strong>ut</strong></span> <span class='ocrx_word' id='word_1_250' title='bbox 540 2299 709 2334; x_wconf 82' lang='lat' dir='ltr'><strong>Carsulas</strong></span> <span class='ocrx_word' id='word_1_251' title='bbox 733 2310 884 2333; x_wconf 80' lang='lat' dir='ltr'><strong>venere.-</strong></span> <span class='ocrx_word' id='word_1_252' title='bbox 953 2300 1103 2333; x_wconf 79' lang='lat' dir='ltr'><strong>ctoriam</strong></span> <span class='ocrx_word' id='word_1_253' title='bbox 1128 2298 1274 2333; x_wconf 83' lang='lat' dir='ltr'><strong>consilio</strong></span> <span class='ocrx_word' id='word_1_254' title='bbox 1302 2304 1335 2332; x_wconf 84' lang='lat' dir='ltr'><strong>et</strong></span> <span class='ocrx_word' id='word_1_255' title='bbox 1362 2298 1503 2333; x_wconf 75' lang='lat' dir='ltr'><strong>ratione</strong></span> <span class='ocrx_word' id='word_1_256' title='bbox 1523 2299 1673 2345; x_wconf 74' lang='lat' dir='ltr'><strong>profici-⁶</strong></span> 
     </span>
    </p>
   </div>
   <div class='ocr_carea' id='block_1_19' title="bbox 1170 1689 1741 1744">
    <p class='ocr_par' dir='ltr' id='par_1_19' title="bbox 1170 1689 1741 1744">
     <span class='ocr_line' id='line_1_38' title="bbox 1170 1689 1741 1744; baseline -0.002 -14"><span class='ocrx_word' id='word_1_257' title='bbox 1170 1689 1258 1730; x_wconf 89' lang='lat' dir='ltr'><strong>Nec</strong></span> <span class='ocrx_word' id='word_1_258' title='bbox 1303 1689 1428 1731; x_wconf 90' lang='lat' dir='ltr'><strong>multo</strong></span> <span class='ocrx_word' id='word_1_259' title='bbox 1468 1694 1564 1744; x_wconf 91' lang='lat' dir='ltr'><strong>post</strong></span> <span class='ocrx_word' id='word_1_260' title='bbox 1606 1689 1741 1732; x_wconf 80' lang='lat' dir='ltr'><strong>le-61</strong></span> 
     </span>
    </p>
   </div>
   <div class='ocr_carea' id='block_1_20' title="bbox 165 2348 886 3019">
    <p class='ocr_par' dir='ltr' id='par_1_20' title="bbox 165 2348 886 3019">
     <span class='ocr_line' id='line_1_39' title="bbox 167 2348 883 2394; baseline -0.003 -10"><span class='ocrx_word' id='word_1_261' title='bbox 167 2350 393 2394; x_wconf 87' lang='lat' dir='ltr'><strong>Apenninum</strong></span> <span class='ocrx_word' id='word_1_262' title='bbox 409 2348 623 2394; x_wconf 85' lang='lat' dir='ltr'><strong>transgressi</strong></span> <span class='ocrx_word' id='word_1_263' title='bbox 641 2349 760 2382; x_wconf 88' lang='lat' dir='ltr'><strong>omnia</strong></span> <span class='ocrx_word' id='word_1_264' title='bbox 771 2357 883 2392; x_wconf 88' lang='lat' dir='ltr'><strong>prona</strong></span> 
     </span>
     <span class='ocr_line' id='line_1_40' title="bbox 168 2397 883 2442; baseline -0.004 -10"><span class='ocrx_word' id='word_1_265' title='bbox 168 2399 236 2432; x_wconf 90' lang='lat' dir='ltr'><strong>sibi</strong></span> <span class='ocrx_word' id='word_1_266' title='bbox 272 2399 456 2442; x_wconf 85' lang='lat' dir='ltr'><strong>ipsamque</strong></span> <span class='ocrx_word' id='word_1_267' title='bbox 492 2397 690 2431; x_wconf 87' lang='lat' dir='ltr'><strong>Mevaniam</strong></span> <span class='ocrx_word' id='word_1_268' title='bbox 734 2407 883 2430; x_wconf 87' lang='lat' dir='ltr'><strong>vacuam</strong></span> 
     </span>
     <span class='ocr_line' id='line_1_41' title="bbox 169 2445 883 2480; baseline -0.004 0"><span class='ocrx_word' id='word_1_269' title='bbox 169 2448 391 2480; x_wconf 88' lang='lat' dir='ltr'><strong>invenerant.</strong></span> <span class='ocrx_word' id='word_1_270' title='bbox 446 2445 532 2478; x_wconf 91' lang='lat' dir='ltr'><strong>Inde</strong></span> <span class='ocrx_word' id='word_1_271' title='bbox 564 2446 730 2478; x_wconf 87' lang='lat' dir='ltr'><strong>Carsulas</strong></span> <span class='ocrx_word' id='word_1_272' title='bbox 759 2445 883 2478; x_wconf 84' lang='lat' dir='ltr'><strong>decem</strong></span> 
     </span>
     <span class='ocr_line' id='line_1_42' title="bbox 169 2492 883 2537; baseline -0.004 -9"><span class='ocrx_word' id='word_1_273' title='bbox 169 2494 313 2529; x_wconf 89' lang='lat' dir='ltr'><strong>milibus</strong></span> <span class='ocrx_word' id='word_1_274' title='bbox 339 2503 506 2537; x_wconf 86' lang='lat' dir='ltr'><strong>passuum</strong></span> <span class='ocrx_word' id='word_1_275' title='bbox 540 2493 712 2526; x_wconf 87' lang='lat' dir='ltr'><strong>distantes</strong></span> <span class='ocrx_word' id='word_1_276' title='bbox 747 2503 767 2526; x_wconf 85' lang='lat' dir='ltr'><strong>a</strong></span> <span class='ocrx_word' id='word_1_277' title='bbox 791 2492 883 2526; x_wconf 86' lang='lat' dir='ltr'><strong>Nar-</strong></span> 
     </span>
     <span class='ocr_line' id='line_1_43' title="bbox 169 2541 777 2585; baseline -0.005 -9"><span class='ocrx_word' id='word_1_278' title='bbox 169 2543 239 2585; x_wconf 87' lang='lat' dir='ltr'><strong>nia,</strong></span> <span class='ocrx_word' id='word_1_279' title='bbox 269 2542 329 2575; x_wconf 91' lang='lat' dir='ltr'><strong>ubi</strong></span> <span class='ocrx_word' id='word_1_280' title='bbox 363 2541 560 2582; x_wconf 84' lang='lat' dir='ltr'><strong>Vitelliani,</strong></span> <span class='ocrx_word' id='word_1_281' title='bbox 588 2546 777 2574; x_wconf 86' lang='lat' dir='ltr'><strong>venerunt.</strong></span> 
     </span>
     <span class='ocr_line' id='line_1_44' title="bbox 249 2588 886 2624; baseline -0.005 0"><span class='ocrx_word' id='word_1_282' title='bbox 249 2590 435 2624; x_wconf 65' lang='lat' dir='ltr'><strong>victoriam</strong></span> <span class='ocrx_word' id='word_1_283' title='bbox 482 2588 626 2622; x_wconf 80' lang='lat' dir='ltr'><strong>consilio</strong></span> <span class='ocrx_word' id='word_1_284' title='bbox 673 2594 705 2622; x_wconf 75' lang='lat' dir='ltr'><strong>et</strong></span> <span class='ocrx_word' id='word_1_285' title='bbox 748 2589 886 2622; x_wconf 74' lang='lat' dir='ltr'><strong>ratione</strong></span> 
     </span>
     <span class='ocr_line' id='line_1_45' title="bbox 165 2637 886 2685; baseline -0.006 -12"><span class='ocrx_word' id='word_1_286' title='bbox 165 2639 317 2685; x_wconf 73' lang='lat' dir='ltr'><strong>perfici.-</strong></span> <span class='ocrx_word' id='word_1_287' title='bbox 370 2642 531 2681; x_wconf 88' lang='lat' dir='ltr'><strong>coeptam</strong></span> <span class='ocrx_word' id='word_1_288' title='bbox 578 2647 657 2670; x_wconf 87' lang='lat' dir='ltr'><strong>esse</strong></span> <span class='ocrx_word' id='word_1_289' title='bbox 700 2637 886 2670; x_wconf 87' lang='lat' dir='ltr'><strong>victoriam</strong></span> 
     </span>
     <span class='ocr_line' id='line_1_46' title="bbox 169 2684 886 2727; baseline -0.006 -5.966"><span class='ocrx_word' id='word_1_290' title='bbox 169 2688 345 2721; x_wconf 84' lang='lat' dir='ltr'><strong>Antonius</strong></span> <span class='ocrx_word' id='word_1_291' title='bbox 373 2684 550 2727; x_wconf 80' lang='lat' dir='ltr'><strong>concedit,</strong></span> <span class='ocrx_word' id='word_1_292' title='bbox 578 2685 777 2719; x_wconf 85' lang='lat' dir='ltr'><strong>absolutam</strong></span> <span class='ocrx_word' id='word_1_293' title='bbox 807 2695 886 2717; x_wconf 86' lang='lat' dir='ltr'><strong>esse</strong></span> 
     </span>
     <span class='ocr_line' id='line_1_47' title="bbox 170 2733 886 2781; baseline -0.007 -11"><span class='ocrx_word' id='word_1_294' title='bbox 170 2740 290 2781; x_wconf 86' lang='lat' dir='ltr'><strong>negat,</strong></span> <span class='ocrx_word' id='word_1_295' title='bbox 315 2740 503 2779; x_wconf 80' lang='lat' dir='ltr'><strong>unumque</strong></span> <span class='ocrx_word' id='word_1_296' title='bbox 530 2738 642 2769; x_wconf 82' lang='lat' dir='ltr'><strong>recte,</strong></span> <span class='ocrx_word' id='word_1_297' title='bbox 673 2733 772 2767; x_wconf 89' lang='lat' dir='ltr'><strong>Hanc</strong></span> <span class='ocrx_word' id='word_1_298' title='bbox 800 2743 886 2766; x_wconf 89' lang='lat' dir='ltr'><strong>sen-</strong></span> 
     </span>
     <span class='ocr_line' id='line_1_48' title="bbox 170 2782 886 2818; baseline -0.006 0"><span class='ocrx_word' id='word_1_299' title='bbox 170 2786 318 2818; x_wconf 84' lang='lat' dir='ltr'><strong>tentiam</strong></span> <span class='ocrx_word' id='word_1_300' title='bbox 336 2782 612 2817; x_wconf 87' lang='lat' dir='ltr'><strong>convenientem</strong></span> <span class='ocrx_word' id='word_1_301' title='bbox 634 2783 763 2816; x_wconf 87' lang='lat' dir='ltr'><strong>ceteris</strong></span> <span class='ocrx_word' id='word_1_302' title='bbox 779 2782 886 2814; x_wconf 86' lang='lat' dir='ltr'><strong>unice</strong></span> 
     </span>
     <span class='ocr_line' id='line_1_49' title="bbox 170 2830 885 2876; baseline -0.006 -11"><span class='ocrx_word' id='word_1_303' title='bbox 170 2833 318 2876; x_wconf 84' lang='lat' dir='ltr'><strong>praebet</strong></span> <span class='ocrx_word' id='word_1_304' title='bbox 344 2832 453 2876; x_wconf 89' lang='lat' dir='ltr'><strong>Lipsii</strong></span> <span class='ocrx_word' id='word_1_305' title='bbox 476 2831 611 2876; x_wconf 81' lang='lat' dir='ltr'><strong>perfici.</strong></span> <span class='ocrx_word' id='word_1_306' title='bbox 644 2830 709 2863; x_wconf 84' lang='lat' dir='ltr'><strong>Pro</strong></span> <span class='ocrx_word' id='word_1_307' title='bbox 737 2840 780 2863; x_wconf 90' lang='lat' dir='ltr'><strong>eo</strong></span> <span class='ocrx_word' id='word_1_308' title='bbox 796 2840 885 2875; x_wconf 82' lang='lat' dir='ltr'><strong>pro·-</strong></span> 
     </span>
     <span class='ocr_line' id='line_1_50' title="bbox 168 2878 882 2925; baseline -0.006 -11"><span class='ocrx_word' id='word_1_309' title='bbox 168 2882 228 2925; x_wconf 69' lang='grc' dir='ltr'><strong>[ἰοί</strong></span> <span class='ocrx_word' id='word_1_310' title='bbox 254 2886 367 2914; x_wconf 89' lang='lat' dir='ltr'><strong>ortum</strong></span> <span class='ocrx_word' id='word_1_311' title='bbox 399 2884 452 2913; x_wconf 90' lang='lat' dir='ltr'><strong>est</strong></span> <span class='ocrx_word' id='word_1_312' title='bbox 487 2878 699 2923; x_wconf 81' lang='lat' dir='ltr'><strong>compendio</strong></span> <span class='ocrx_word' id='word_1_313' title='bbox 725 2879 882 2921; x_wconf 89' lang='lat' dir='ltr'><strong>scriptu-</strong></span> 
     </span>
     <span class='ocr_line' id='line_1_51' title="bbox 170 2926 883 2973; baseline -0.006 -11"><span class='ocrx_word' id='word_1_314' title='bbox 170 2940 230 2962; x_wconf 89' lang='lat' dir='ltr'><strong>rae</strong></span> <span class='ocrx_word' id='word_1_315' title='bbox 257 2938 442 2973; x_wconf 87' lang='lat' dir='ltr'><strong>perperam</strong></span> <span class='ocrx_word' id='word_1_316' title='bbox 468 2927 600 2961; x_wconf 84' lang='lat' dir='ltr'><strong>soluto.</strong></span> <span class='ocrx_word' id='word_1_317' title='bbox 644 2926 769 2972; x_wconf 86' lang='lat' dir='ltr'><strong>Neque</strong></span> <span class='ocrx_word' id='word_1_318' title='bbox 797 2935 883 2970; x_wconf 87' lang='lat' dir='ltr'><strong>pro-</strong></span> 
     </span>
     <span class='ocr_line' id='line_1_52' title="bbox 171 2974 884 3019; baseline -0.003 -9"><span class='ocrx_word' id='word_1_319' title='bbox 171 2976 286 3011; x_wconf 86' lang='lat' dir='ltr'><strong>banda</strong></span> <span class='ocrx_word' id='word_1_320' title='bbox 315 2974 536 3010; x_wconf 84' lang='lat' dir='ltr'><strong>Doederlinii</strong></span> <span class='ocrx_word' id='word_1_321' title='bbox 559 2975 735 3019; x_wconf 84' lang='lat' dir='ltr'><strong>suspicio:</strong></span> <span class='ocrx_word' id='word_1_322' title='bbox 765 2975 804 3008; x_wconf 79' lang='lat' dir='ltr'><strong>in</strong></span> <span class='ocrx_word' id='word_1_323' title='bbox 828 2974 884 3008; x_wconf 79' lang='lat' dir='ltr'><strong>vi-</strong></span> 
     </span>
    </p>
   </div>
   <div class='ocr_carea' id='block_1_21' title="bbox 953 2347 1676 3020">
    <p class='ocr_par' dir='ltr' id='par_1_21' title="bbox 953 2347 1676 2478">
     <span class='ocr_line' id='line_1_53' title="bbox 953 2347 1675 2393; baseline 0 -11"><span class='ocrx_word' id='word_1_324' title='bbox 953 2359 1032 2382; x_wconf 89' lang='lat' dir='ltr'><strong>nam</strong></span> <span class='ocrx_word' id='word_1_325' title='bbox 1058 2349 1096 2382; x_wconf 79' lang='lat' dir='ltr'><strong>in</strong></span> <span class='ocrx_word' id='word_1_326' title='bbox 1131 2358 1205 2381; x_wconf 86' lang='lat' dir='ltr'><strong>rem</strong></span> <span class='ocrx_word' id='word_1_327' title='bbox 1227 2347 1353 2393; x_wconf 78' lang='lat' dir='ltr'><strong>profici</strong></span> <span class='ocrx_word' id='word_1_328' title='bbox 1387 2347 1479 2381; x_wconf 75' lang='lat' dir='ltr'><strong><em>nihil</em></strong></span> <span class='ocrx_word' id='word_1_329' title='bbox 1513 2352 1573 2381; x_wconf 83' lang='lat' dir='ltr'><strong>aut</strong></span> <span class='ocrx_word' id='word_1_330' title='bbox 1602 2347 1675 2382; x_wconf 73' lang='lat' dir='ltr'><strong>ali-</strong></span> 
     </span>
     <span class='ocr_line' id='line_1_54' title="bbox 953 2395 1676 2442; baseline 0 -12"><span class='ocrx_word' id='word_1_331' title='bbox 953 2397 1034 2440; x_wconf 82' lang='lat' dir='ltr'><strong>quid</strong></span> <span class='ocrx_word' id='word_1_332' title='bbox 1068 2396 1193 2430; x_wconf 86' lang='lat' dir='ltr'><strong>Latine</strong></span> <span class='ocrx_word' id='word_1_333' title='bbox 1232 2396 1388 2439; x_wconf 85' lang='lat' dir='ltr'><strong>dicitur,</strong></span> <span class='ocrx_word' id='word_1_334' title='bbox 1422 2395 1517 2430; x_wconf 88' lang='lat' dir='ltr'><strong>nude</strong></span> <span class='ocrx_word' id='word_1_335' title='bbox 1548 2396 1676 2442; x_wconf 74' lang='lat' dir='ltr'><strong>profici</strong></span> 
     </span>
     <span class='ocr_line' id='line_1_55' title="bbox 954 2445 1362 2478; baseline -0.005 0"><span class='ocrx_word' id='word_1_336' title='bbox 954 2446 992 2478; x_wconf 85' lang='lat' dir='ltr'><strong>in</strong></span> <span class='ocrx_word' id='word_1_337' title='bbox 1019 2456 1093 2478; x_wconf 84' lang='lat' dir='ltr'><strong>rem</strong></span> <span class='ocrx_word' id='word_1_338' title='bbox 1120 2455 1191 2478; x_wconf 91' lang='lat' dir='ltr'><strong>non</strong></span> <span class='ocrx_word' id='word_1_339' title='bbox 1221 2445 1362 2478; x_wconf 89' lang='lat' dir='ltr'><strong>dicitur.</strong></span> 
     </span>
    </p>

    <p class='ocr_par' dir='ltr' id='par_1_22' title="bbox 957 2491 1676 2676">
     <span class='ocr_line' id='line_1_56' title="bbox 1028 2491 1676 2537; baseline 0.003 -12"><span class='ocrx_word' id='word_1_340' title='bbox 1028 2491 1114 2536; x_wconf 89' lang='lat' dir='ltr'><strong>Cap.</strong></span> <span class='ocrx_word' id='word_1_341' title='bbox 1141 2493 1200 2527; x_wconf 91' lang='lat'><strong>61.</strong></span> <span class='ocrx_word' id='word_1_342' title='bbox 1242 2492 1483 2525; x_wconf 85' lang='lat' dir='ltr'><strong>Interamnam</strong></span> <span class='ocrx_word' id='word_1_343' title='bbox 1503 2492 1676 2537; x_wconf 72' lang='lat' dir='ltr'><strong>proximis</strong></span> 
     </span>
     <span class='ocr_line' id='line_1_57' title="bbox 957 2539 1675 2584; baseline 0.001 -11"><span class='ocrx_word' id='word_1_344' title='bbox 957 2541 1112 2584; x_wconf 81' lang='lat' dir='ltr'><strong>campis:</strong></span> <span class='ocrx_word' id='word_1_345' title='bbox 1152 2550 1172 2572; x_wconf 92' lang='lat' dir='ltr'><strong>a</strong></span> <span class='ocrx_word' id='word_1_346' title='bbox 1213 2541 1272 2573; x_wconf 87' lang='lat' dir='ltr'><strong>via</strong></span> <span class='ocrx_word' id='word_1_347' title='bbox 1312 2539 1487 2574; x_wconf 83' lang='lat' dir='ltr'><strong>Flaminia</strong></span> <span class='ocrx_word' id='word_1_348' title='bbox 1530 2539 1675 2584; x_wconf 86' lang='lat' dir='ltr'><strong>paulum</strong></span> 
     </span>
     <span class='ocr_line' id='line_1_58' title="bbox 957 2587 1675 2622; baseline 0 -1"><span class='ocrx_word' id='word_1_349' title='bbox 957 2598 1083 2622; x_wconf 84' lang='lat' dir='ltr'><strong>aversa</strong></span> <span class='ocrx_word' id='word_1_350' title='bbox 1123 2592 1198 2621; x_wconf 87' lang='lat' dir='ltr'><strong>erat</strong></span> <span class='ocrx_word' id='word_1_351' title='bbox 1239 2592 1275 2621; x_wconf 90' lang='lat' dir='ltr'><strong>et</strong></span> <span class='ocrx_word' id='word_1_352' title='bbox 1307 2587 1351 2621; x_wconf 92' lang='lat' dir='ltr'><strong>ad</strong></span> <span class='ocrx_word' id='word_1_353' title='bbox 1393 2588 1572 2622; x_wconf 81' lang='lat' dir='ltr'><strong>sinistram</strong></span> <span class='ocrx_word' id='word_1_354' title='bbox 1607 2589 1675 2622; x_wconf 84' lang='lat' dir='ltr'><strong>sita</strong></span> 
     </span>
     <span class='ocr_line' id='line_1_59' title="bbox 957 2635 1600 2676; baseline 0.003 -7"><span class='ocrx_word' id='word_1_355' title='bbox 957 2637 1102 2670; x_wconf 89' lang='lat' dir='ltr'><strong>Romam</strong></span> <span class='ocrx_word' id='word_1_356' title='bbox 1131 2635 1320 2676; x_wconf 69' lang='lat' dir='ltr'><strong>euntibus:</strong></span> <span class='ocrx_word' id='word_1_357' title='bbox 1350 2646 1382 2670; x_wconf 94' lang='lat' dir='ltr'><strong>v.</strong></span> <span class='ocrx_word' id='word_1_358' title='bbox 1410 2636 1452 2671; x_wconf 88' lang='lat' dir='ltr'><strong>H.</strong></span> <span class='ocrx_word' id='word_1_359' title='bbox 1483 2635 1514 2671; x_wconf 88' lang='lat'><strong>11</strong></span> <span class='ocrx_word' id='word_1_360' title='bbox 1540 2636 1600 2671; x_wconf 79' lang='lat'><strong>64.</strong></span> 
     </span>
    </p>

    <p class='ocr_par' dir='ltr' id='par_1_23' title="bbox 961 2685 1676 2778">
     <span class='ocr_line' id='line_1_60' title="bbox 1028 2685 1676 2729; baseline 0.003 -12"><span class='ocrx_word' id='word_1_361' title='bbox 1028 2686 1066 2718; x_wconf 82' lang='lat' dir='ltr'><strong>in</strong></span> <span class='ocrx_word' id='word_1_362' title='bbox 1104 2690 1224 2718; x_wconf 81' lang='lat' dir='ltr'><strong>castra</strong></span> <span class='ocrx_word' id='word_1_363' title='bbox 1258 2685 1401 2729; x_wconf 74' lang='lat' dir='ltr'><strong>refuyi&#39;:</strong></span> <span class='ocrx_word' id='word_1_364' title='bbox 1443 2689 1526 2718; x_wconf 89' lang='lat' dir='ltr'><strong>sunt</strong></span> <span class='ocrx_word' id='word_1_365' title='bbox 1560 2688 1676 2720; x_wconf 80' lang='lat' dir='ltr'><strong>castra</strong></span> 
     </span>
     <span class='ocr_line' id='line_1_61' title="bbox 961 2732 1576 2778; baseline 0.002 -12"><span class='ocrx_word' id='word_1_366' title='bbox 961 2732 1235 2767; x_wconf 86' lang='lat' dir='ltr'><strong>Vitellianorum</strong></span> <span class='ocrx_word' id='word_1_367' title='bbox 1265 2732 1418 2767; x_wconf 86' lang='lat' dir='ltr'><strong>Narniae</strong></span> <span class='ocrx_word' id='word_1_368' title='bbox 1446 2733 1576 2778; x_wconf 85' lang='lat' dir='ltr'><strong>posita.</strong></span> 
     </span>
    </p>

    <p class='ocr_par' dir='ltr' id='par_1_24' title="bbox 955 2781 1674 3020">
     <span class='ocr_line' id='line_1_62' title="bbox 1037 2781 1672 2816; baseline 0.002 -1"><span class='ocrx_word' id='word_1_369' title='bbox 1037 2781 1169 2815; x_wconf 80' lang='lat' dir='ltr'><strong>Varus.-</strong></span> <span class='ocrx_word' id='word_1_370' title='bbox 1210 2785 1264 2814; x_wconf 88' lang='lat' dir='ltr'><strong>est</strong></span> <span class='ocrx_word' id='word_1_371' title='bbox 1291 2781 1419 2815; x_wconf 77' lang='lat' dir='ltr'><strong>Arrius</strong></span> <span class='ocrx_word' id='word_1_372' title='bbox 1452 2781 1586 2816; x_wconf 72' lang='lat' dir='ltr'><strong>Varus:</strong></span> <span class='ocrx_word' id='word_1_373' title='bbox 1625 2781 1672 2816; x_wconf 82' lang='lat' dir='ltr'><strong>cf.</strong></span> 
     </span>
     <span class='ocr_line' id='line_1_63' title="bbox 958 2829 1674 2875; baseline 0.003 -13"><span class='ocrx_word' id='word_1_374' title='bbox 958 2840 987 2863; x_wconf 90' lang='lat' dir='ltr'><strong>c.</strong></span> <span class='ocrx_word' id='word_1_375' title='bbox 1015 2829 1050 2864; x_wconf 87' lang='lat'><strong>6.</strong></span> <span class='ocrx_word' id='word_1_376' title='bbox 1166 2830 1275 2863; x_wconf 85' lang='lat' dir='ltr'><strong>donec</strong></span> <span class='ocrx_word' id='word_1_377' title='bbox 1300 2829 1439 2864; x_wconf 76' lang='lat' dir='ltr'><strong>Priscus</strong></span> <span class='ocrx_word' id='word_1_378' title='bbox 1467 2836 1499 2864; x_wconf 78' lang='lat' dir='ltr'><strong>et</strong></span> <span class='ocrx_word' id='word_1_379' title='bbox 1523 2829 1674 2875; x_wconf 70' lang='lat' dir='ltr'><strong>Alfenus</strong></span> 
     </span>
     <span class='ocr_line' id='line_1_64' title="bbox 955 2877 1674 2922; baseline 0.003 -12"><span class='ocrx_word' id='word_1_380' title='bbox 955 2877 1232 2913; x_wconf 74' lang='lat' dir='ltr'><strong>-eaeolverent.·</strong></span> <span class='ocrx_word' id='word_1_381' title='bbox 1263 2877 1373 2911; x_wconf 81' lang='lat' dir='ltr'><strong>donec</strong></span> <span class='ocrx_word' id='word_1_382' title='bbox 1391 2878 1567 2922; x_wconf 88' lang='lat' dir='ltr'><strong>particula</strong></span> <span class='ocrx_word' id='word_1_383' title='bbox 1588 2879 1674 2912; x_wconf 87' lang='lat' dir='ltr'><strong>iun-</strong></span> 
     </span>
     <span class='ocr_line' id='line_1_65' title="bbox 955 2926 1673 2962; baseline 0.003 -4"><span class='ocrx_word' id='word_1_384' title='bbox 955 2931 1011 2959; x_wconf 89' lang='lat' dir='ltr'><strong>cta</strong></span> <span class='ocrx_word' id='word_1_385' title='bbox 1051 2938 1130 2960; x_wconf 91' lang='lat' dir='ltr'><strong>cum</strong></span> <span class='ocrx_word' id='word_1_386' title='bbox 1177 2926 1405 2960; x_wconf 85' lang='lat' dir='ltr'><strong>subiunctivo</strong></span> <span class='ocrx_word' id='word_1_387' title='bbox 1450 2926 1673 2962; x_wconf 81' lang='lat' dir='ltr'><strong>voluntatem</strong></span> 
     </span>
     <span class='ocr_line' id='line_1_66' title="bbox 955 2970 1673 3020; baseline 0.001 -13"><span class='ocrx_word' id='word_1_388' title='bbox 955 2974 1112 3020; x_wconf 85' lang='lat' dir='ltr'><strong>gregarii</strong></span> <span class='ocrx_word' id='word_1_389' title='bbox 1141 2973 1266 3018; x_wconf 77' lang='lat' dir='ltr'><strong>militis</strong></span> <span class='ocrx_word' id='word_1_390' title='bbox 1304 2970 1512 3010; x_wconf 57' lang='lat' dir='ltr'><strong>remanendi</strong></span> <span class='ocrx_word' id='word_1_391' title='bbox 1545 2974 1582 3008; x_wconf 89' lang='lat' dir='ltr'><strong>in</strong></span> <span class='ocrx_word' id='word_1_392' title='bbox 1609 2974 1673 3009; x_wconf 84' lang='lat' dir='ltr'><strong>vi-</strong></span> 
     </span>
    </p>
   </div>
  </div>
 </body>
</html>
