1768 3216
186 217 235 253 42
800 214 1066 253 emmanue

186 333 236 374 iis
265 331 457 387 gentibus
490 343 595 385 quae
620 338 860 388 regnantur.

184 419 308 460 super
351 406 512 449 nobiles
563 407 824 450 ascendunt:

182 481 384 523 libertatis
416 486 701 536 argumentum
733 488 839 526 sunt.

318 555 452 597 Fenus
483 557 644 611 agitare
675 562 716 599 et
746 558 788 600 in
818 570 967 601 usuras
999 558 1226 601 extendere
1255 559 1466 614 ignotum;
1497 555 1748 612 ideoque&

935 334 995 375 Ibi
1035 335 1144 376 enim
1176 338 1217 376 et
1244 346 1370 388 super
1398 334 1603 394 ingenuos
1638 338 1679 377 et

884 409 989 464 apud
1050 413 1214 452 ceteros
1266 409 1445 464 impares
1491 409 1676 453 libertini

151 628 316 684 smagis
362 635 553 672 servatur
591 644 711 685 quam
750 633 786 674 si
833 633 1000 674 vetitum
1047 637 1172 675 esset.
1241 632 1347 688 Agri
1388 644 1464 687 pro
1504 643 1678 675 numero

175 703 385 750 cultorum
418 706 468 749 ab
500 706 709 751 universis
740 707 782 751 in
809 708 928 752 vicos
961 712 1246 765 occupantur,
1287 719 1391 765 quos
1434 693 1532 751 {nox
1571 707 1679 750 inter

320 874 351 907 1.
390 876 493 920 quae]
526 873 550 907 P
577 873 645 907 hoc
672 874 752 909 loco
783 873 815 921 ᾇ,
842 874 954 909 altero
983 886 1058 920 que.

1181 876 1216 911 3.
1241 877 1334 921 sunt]
1363 875 1406 909 εἰ
1428 874 1465 909 Ρ.
1574 874 1676 930 ⁶2⁸³

180 921 275 956 vicos
304 921 442 957 editor:
470 922 567 959 &uice
592 922 628 971 P,
655 923 716 958 alii
742 924 791 960 in>
806 925 901 960 uices
927 928 987 960 aut
1011 926 1106 959 uices
1131 929 1192 959 aut
1219 924 1308 958 uicis
1334 927 1395 958 aut
1416 925 1506 959 uice.

251 1086 402 1132 impares
429 1088 609 1122 libertini.-
651 1089 804 1132 impares
830 1090 888 1122 in-

181 1137 309 1182 genuis
336 1141 371 1171 et
397 1137 590 1171 nobilibus.
635 1136 888 1171 Doederlinius

180 1184 353 1231 intelligit
390 1186 542 1230 impares
576 1185 790 1231 reipublicae
825 1198 889 1219 ca-

178 1234 391 1277 pessendae,
426 1233 488 1268 secl
530 1233 620 1267 nihil
659 1233 759 1267 adest
796 1235 891 1268 unde

181 1280 249 1315 hoc
278 1283 498 1328 cogitatione
523 1282 742 1326 suppleatur.

250 1351 335 1397 Cap.
364 1353 422 1388 26.
462 1355 563 1397 fenus
590 1354 727 1399 agitare
756 1373 802 1379 -—
827 1365 889 1387 ve-

179 1401 276 1435 litum
291 1407 397 1434 esset:
425 1403 526 1445 fenus
543 1403 681 1447 a9ieare
701 1406 754 1435 est
776 1412 889 1446 pecu-

180 1450 275 1483 niam
300 1450 349 1483 ita
385 1449 532 1484 credere
566 1451 669 1484 alteri
692 1477 700 1492 ,
742 1455 780 1483 ut
806 1450 889 1484 inde

177 1499 279 1543 fenus
314 1499 391 1531 sive
431 1497 567 1533 fructus
608 1498 780 1541 accedat,
828 1501 887 1544 qui

178 1548 294 1580 usuris
322 1547 536 1581 continetur.
598 1548 640 1581 In
665 1559 791 1581 usuras
825 1559 888 1580 ea:-

178 1596 319 1629 tendere
343 1597 444 1639 fenus
479 1597 660 1641 significat
694 1596 798 1630 fenus
825 1607 888 1630 ac-

179 1645 269 1689 quiri
298 1655 341 1678 ex
368 1644 454 1688 ipsis
493 1646 634 1687 usuris,
675 1644 708 1677 h.
739 1656 769 1678 e.
806 1645 888 1690 agi-

179 1694 243 1727 tari
288 1693 550 1741 α’νανοκισμὸν
602 1692 888 1739 (Zinswucher),

177 1741 271 1787 quod
298 1742 448 1775 vetitum
475 1742 567 1786 apud
590 1743 779 1776 Romanos.
813 1741 887 1775 No-

177 1790 262 1823 mini
301 1790 455 1835 iqnotum
497 1792 590 1825 inest
622 1791 675 1823 vis
706 1791 887 1835 negativa,

177 1838 331 1883 ideoque
375 1840 522 1873 verbum
555 1845 717 1873 servatur
761 1838 816 1883 (h.
854 1850 885 1873 e.

177 1887 401 1930 observatur,
436 1893 475 1921 ut
500 1887 514 1921 1
539 1888 607 1930 80,
655 1887 700 1920 lv
729 1889 792 1932 50)
839 1890 888 1920 ita

177 1936 331 1970 refertur
357 1936 399 1969 ad
425 1937 677 1981 praecedentia
689 1938 791 1980 fenus
807 1938 887 1980 ayt*-

178 1988 255 2018 tare
291 1990 322 2018 et
358 1984 395 2017 in
428 1996 555 2018 usuras
592 1984 805 2027 extendere,
850 1989 887 2016 ut

177 2033 323 2078 negatio
374 2032 427 2065 his
481 2033 647 2066 adiuncta
693 2033 885 2077 cogitetur.

179 2080 319 2125 Quippe
347 2080 538 2114 observant
566 2080 729 2114 Germani
760 2091 803 2114 ne
830 2080 887 2114 fe-

178 2138 244 2162 nus
282 2129 420 2174 agitent
454 2139 547 2163 neve
589 2129 623 2161 in
659 2138 784 2162 usuras
822 2139 888 2162 ex-

178 2177 336 2212 tendant.

251 2248 332 2293 ayrt‘
367 2259 432 2293 pro
472 2259 614 2281 numero
650 2247 821 2282 cultorum
847 2248 889 2281 ab

177 2297 350 2331 universis
376 2297 413 2330 in
427 2298 522 2330 vicos
541 2303 778 2342 occupantur.-
807 2296 890 2329 fun-

179 2345 381 2380 damentum
409 2344 576 2379 lectionis
603 2350 657 2378 est
684 2345 719 2378 in
748 2344 838 2378 libro
868 2344 890 2377 P

178 2395 289 2436 wice‘,
317 2393 410 2427 unde
439 2395 550 2428 ceteri
576 2394 724 2427 invicem
749 2394 827 2427 sive
853 2394 891 2426 in,

180 2443 312 2484 vicem,
348 2442 408 2476 alii
449 2443 582 2476 inuices
615 2443 692 2476 sive
719 2443 757 2476 in
782 2443 889 2485 uices,

180 2490 241 2524 aiii
274 2491 366 2524 vices
408 2495 468 2524 aut
502 2492 589 2524 vicis
628 2495 688 2524 aut
725 2492 821 2533 vice,
857 2495 892 2524 et

179 2539 264 2572 hinc
290 2539 408 2573 statim
437 2539 652 2583 intelligitur
682 2550 747 2583 per
784 2540 889 2581 vices,

178 2593 218 2621 ut
252 2587 288 2620 in
323 2586 444 2620 multis
486 2587 704 2620 editionibus
745 2587 890 2633 legitur,

179 2636 275 2670 omni
305 2636 517 2669 auctoritate
545 2645 668 2669 carere
690 2640 726 2669 et
747 2645 891 2679 prorsus

177 2684 447 2730 improbandum
467 2694 559 2718 esse.
586 2683 681 2717 Idem
702 2683 890 2717 dicendum

180 2734 224 2768 de
250 2732 484 2767 varietatibus
511 2734 546 2765 in
564 2732 692 2777 quibus
717 2733 891 2765 omittitur

180 2782 413 2826 praepositio.
454 2781 572 2825 Ipsum
591 2785 708 2814 antem
729 2782 768 2814 in
782 2781 891 2814 vicem

181 2835 279 2864 recte
312 2841 352 2864 se
392 2829 524 2864 habere
553 2830 688 2874 nequit.
741 2828 824 2863 Nam
856 2830 891 2861 in

181 2879 290 2912 vicem
337 2877 471 2912 indicat
519 2877 596 2911 fieri
645 2876 783 2922 aliquid
831 2881 891 2910 aut

183 2927 353 2970 praestari
390 2926 434 2960 ab
478 2930 627 2972 utraque
666 2931 786 2970 parte,
830 2935 891 2960 re-

183 2973 361 3020 spondens
412 2972 610 3010 'l'heodisco
665 2973 889 3021 ycyenseitiy.

961 1088 1019 1122 Sic
1047 1097 1123 1131 cap.
1155 1085 1222 1121 18:
1263 1089 1366 1130 aeque
1398 1085 1479 1130 ipsa
1503 1083 1541 1118 ίπ
1565 1082 1675 1117 vicem

959 1147 1138 1171 armorum
1163 1133 1298 1178 aliquid
1321 1135 1396 1167 viro
1423 1132 1540 1177 adfert
1548 1143 1561 1175 ‚·
1601 1133 1670 1172 22:

961 1185 1002 1219 de
1031 1182 1306 1218 reconciliandis
1334 1181 1498 1215 invicem
1520 1179 1674 1214 inimicis

961 1257 1006 1262 --
1023 1231 1231 1266 consultant.
1262 1231 1330 1265 37:
1354 1228 1466 1262 medio
1491 1234 1563 1263 tam
1576 1227 1673 1274 longi

960 1283 1038 1315 aevi
1063 1281 1175 1326 spatio
1193 1279 1302 1312 multa
1327 1279 1366 1311 in
1391 1277 1501 1311 vicem
1525 1276 1666 1311 damna.

961 1330 1057 1364 Idem
1095 1339 1178 1362 usus
1215 1328 1325 1361 Taciti
1354 1327 1389 1361 in
1417 1326 1547 1360 ceteris
1578 1334 1670 1369 ope-

958 1379 1068 1413 ribus.
1108 1376 1210 1411 Nunc
1234 1381 1351 1410 autem
1371 1383 1450 1409 cum
1474 1374 1519 1409 de
1538 1373 1673 1408 duabus

958 1426 1116 1473 partibus
1144 1425 1233 1459 nihil
1261 1425 1393 1459 dictum
1419 1423 1476 1466 sit,
1503 1423 1542 1457 in
1563 1421 1675 1456 vicem

958 1476 1063 1520 piane
1116 1473 1305 1508 obscurum
1351 1476 1405 1506 est
1450 1476 1484 1506 et
1529 1469 1674 1504 tolerari

958 1524 1093 1570 nequit.
1143 1521 1319 1567 Equidem
1360 1531 1404 1554 ex
1439 1519 1520 1554 αἰοέ
1573 1518 1672 1554 fa'cio

956 1574 1071 1613 vicos,
1122 1570 1217 1616 quod
1257 1571 1292 1603 in
1337 1567 1540 1616 ἀρχετύπῳ
1582 1568 1664 1604 uicti

958 1625 1138 1655 exaratum
1165 1618 1276 1653 fuisse
1303 1618 1478 1661 suspicor.
1528 1615 1599 1650 Iam
1627 1615 1667 1650 ιἰι

956 1671 1050 1704 vicos
1079 1668 1172 1702 idem
1202 1671 1256 1701 est
1284 1666 1377 1712 quod
1407 1671 1444 1699 ut
1467 1665 1558 1709 fiant
1581 1665 1662 1707 υἱοί,

957 1729 1048 1764 quae
1076 1716 1272 1750 accusativi
1299 1715 1467 1749 effectum
1490 1713 1668 1748 denotan-

956 1768 1001 1800 tis
1051 1764 1268 1811 significatio
1311 1762 1432 1797 Tacito
1482 1761 1668 1797 admodum

956 1814 1142 1849 familiaris
1170 1818 1224 1847 est
1249 1817 1284 1846 et
1322 1811 1516 1856 frequens,
1555 1809 1670 1844 veluti

956 1865 994 1897 in
1021 1868 1166 1896 mortem
1201 1871 1264 1906 pro
1301 1870 1344 1894 eo
1382 1857 1478 1905 quod
1513 1864 1549 1892 ut
1576 1868 1670 1893 mors

957 1916 1209 1956 consequatur,
1248 1910 1287 1943 in
1315 1909 1570 1942 monumentum
1605 1916 1668 1952 pro

955 1967 991 1994 ut
1017 1964 1275 1994 monumentum
1300 1957 1518 2000 aedificetur.
1558 1954 1669 1989 Eius..

961 2008 1054 2042 modi
1084 2006 1248 2051 exempla
1276 2007 1383 2040 etiam
1408 2005 1445 2038 in
1485 2003 1672 2038 Germania

962 2067 1033 2090 non
1061 2066 1150 2089 rara.
1205 2054 1259 2088 Cf.
1297 2054 1363 2089 20:
1406 2054 1446 2086 in
1470 2052 1533 2085 hos
1561 2058 1670 2095 artus,

961 2107 1000 2139 in
1041 2105 1130 2138 haec
1169 2113 1321 2148 corpora
1355 2121 1400 2127 -—
1440 2106 1672 2142 excrescunt,-

966 2154 1030 2188 17:
1069 2157 1272 2198 partemque
1306 2149 1448 2183 vestitus
1483 2149 1674 2194 superioris

962 2203 999 2234 in
1025 2202 1184 2234 manicas
1212 2202 1270 2244 (ut
1295 2198 1457 2232 manicae
1473 2196 1578 2243 fiant)
1602 2207 1674 2230 non

962 2249 1172 2291 extendunt5
1195 2247 1263 2282 44:
1289 2258 1356 2280 nec
1379 2256 1492 2279 remos
1505 2245 1544 2279 in
1572 2245 1673 2278 ordi-

962 2310 1041 2332 nem
1081 2300 1137 2343 (ut
1167 2296 1253 2329 ordo
1280 2295 1358 2341 fiat)
1403 2293 1570 2328 lateribus
1606 2293 1674 2327 ad-

959 2348 1132 2392 iunqzcnt,·
1178 2345 1250 2379 45:
1292 2354 1373 2376 mox
1412 2348 1450 2377 ut
1487 2343 1526 2376 in
1562 2342 1675 2388 picem

961 2397 1156 2429 resinamve
1199 2393 1279 2437 (pix
1314 2396 1352 2425 ut
1389 2390 1450 2425 fiat
1485 2391 1672 2437 resinave)

962 2444 1141 2485 lentescit5
1172 2441 1245 2476 46:
1272 2441 1310 2474 in
1335 2440 1483 2474 medium
1512 2442 1570 2485 (ut
1594 2450 1674 2473 me·-

962 2491 1057 2525 dium
1085 2492 1149 2537 sit)
1175 2489 1382 2534 relinquam.
1435 2487 1672 2529 Quamobrem

962 2540 1043 2583 ayri
1066 2560 1111 2565 -
1140 2538 1183 2571 ab
1206 2537 1379 2572 universis
1395 2542 1612 2582 occupantur
1635 2536 1673 2568 in

961 2589 1055 2622 vicos
1087 2587 1154 2620 hoc
1181 2590 1247 2628 est,
1266 2585 1308 2618 ab
1330 2585 1500 2618 universa
1527 2585 1673 2618 natione

963 2636 1022 2671 vel
1071 2636 1218 2670 civitate
1265 2638 1382 2678 partes
1425 2633 1502 2679 agri
1544 2637 1672 2667 terram

963 2684 1237 2727 occupantibus-
1267 2683 1317 2717 ita
1362 2682 1591 2727 assignantur
1639 2686 1674 2715 et

963 2733 1193 2774 dividuntur,
1231 2736 1270 2764 ut
1320 2740 1488 2764 numerus
1532 2729 1672 2776 quidam

963 2783 1121 2816 vicorum
1160 2781 1370 2825 designetur
1398 2783 1433 2812 et
1462 2778 1592 2824 cuique
1627 2789 1672 2812 ex

965 2830 1018 2863 his
1058 2841 1120 2863 sua
1164 2829 1280 2874 portio
1327 2827 1550 2861 attribuatur.
1601 2825 1672 2871 Ipsi

962 2879 1122 2912 vicorum
1149 2875 1414 2912 condendorum
1440 2875 1595 2909 cultores
1625 2885 1668 2909 a-

962 2936 1045 2972 gros
1071 2926 1138 2960 sibi
1166 2924 1353 2971 delegatos
1394 2922 1589 2959 secundum
1613 2921 1671 2958 di-

962 2975 1135 3021 gnitatem
1161 2973 1254 3009 inter
1279 2983 1318 3009 se
1345 2972 1545 3017 partiuntur
1571 2974 1670 3019 (quos
