1768 3216
139 195 214 230 200
702 185 764 222 DE
789 186 1016 224 ORATofflB
1024 188 1077 224 VS

140 311 274 366 magis
321 308 481 364 perfert
525 306 566 348 in
613 306 780 348 iudiciis
819 306 978 348 tristem
1025 311 1065 348 et
1111 307 1316 361 impexam
1363 307 1645 363 antiquitatem

143 399 263 440 quam
298 384 333 426 si
365 382 456 437 quis
488 382 531 423 in
562 394 690 424 scena
725 382 869 424 Roscii
903 386 972 424 aut
1002 380 1184 424 Ambivii
1229 382 1462 436 exprimere
1499 388 1642 447 gestus

141 460 251 503 velit.
312 459 396 500 Iam
424 470 526 500 vero
560 457 732 499 iuvenes
767 462 807 498 et
838 458 881 499 in
908 458 997 512 ipsa
1037 457 1269 499 studiorum
1312 458 1464 501 incude
1504 459 1643 513 positi,

140 534 209 588 qui
239 533 452 587 profectus
480 533 545 575 sui
577 545 703 575 causa
733 537 923 575 oratores
955 537 1184 587 sectantur,
1213 545 1298 575 non
1328 533 1461 575 solum
1490 533 1644 576 audire

106 608 214 653 ssed
247 607 368 650 etiam
401 607 563 650 referre
597 608 763 650 domum
800 608 956 663 aliquid
988 607 1162 650 inlustre
1193 613 1234 650 et
1253 608 1424 664 dignum
1445 608 1644 651 memoria

138 683 304 733 volunt3
348 683 595 737 traduntque
627 684 669 724 in
699 683 835 725 vicem
867 697 917 725 ac
947 696 1074 738 saepe
1104 684 1145 725 in
1177 683 1365 726 colonias
1398 688 1439 726 et
1466 684 1644 739 provin-

138 758 225 799 cias
257 770 352 800 suas
384 758 594 810 scribunt,
641 759 731 800 sive
771 771 920 800 sensus
954 759 1102 813 aliquis
1136 763 1283 814 arguta
1315 763 1356 800 et
1379 759 1504 820 vbrevi
1537 772 1641 802 sen-

139 831 267 875 tentia
310 833 486 886 effulsit,
520 834 610 875 sive
652 833 771 876 locus
815 834 1021 888 exquisito
1063 839 1103 876 et
1133 835 1298 888 poetico
1339 834 1450 876 cultu
1486 834 1644 876 enituit.

139 908 329 963 Exigitur
360 909 469 950 enim
501 909 580 950 iam
615 909 665 950 ab
700 913 869 951 oratore
893 909 1017 951 etiam
1034 909 1225 963 poeticus
1245 910 1390 962 decor,
1423 921 1508 951 non
1524 908 1644 951 Accii

86 995 127 1024 ιο
141 987 208 1025 aut
237 983 405 1024 Pacuvii
437 987 610 1024 veterno
632 983 902 1037 inquinatus,
948 983 1022 1025 sed
1062 995 1116 1024 ex
1142 983 1302 1026 Horatii
1334 988 1374 1025 et
1403 983 1571 1039 Virgilii
1603 987 1643 1025 et

263 1155 292 1186 1.
323 1154 493 1199 imper-am
519 1153 557 1187 F.
684 1155 718 1189 2.

142 1202 253 1242 15193
279 1207 361 1235 ante
393 1207 468 1235 erat
498 1212 620 1236 coena.

745 1164 889 1187 scenam
914 1153 990 1187 FP:
1017 1165 1126 1188 scena
1151 1155 1187 1188 in
1214 1153 1373 1188 editione
1400 1153 1580 1188 Alciatina
1610 1165 1642 1189 a.

730 1203 851 1236 Roscii
877 1208 936 1236 aut
964 1203 1116 1236 Ambivii
1142 1202 1278 1236 editor:

1318 1203 1440 1237 Roscii
1465 1209 1526 1238 aut
1556 1203 1644 1238 Tur..

135 1251 262 1295 pionis,
287 1256 347 1284 aut
373 1250 526 1284 Ambiuii
553 1249 574 1282 P
602 1255 638 1284 et
663 1251 789 1293 ceteri,
818 1252 941 1285 Roscii
966 1257 1026 1284 mn
1057 1251 1241 1297 Turpionis
1263 1251 1416 1286 Ambivii
1436 1251 1577 1296 Lipsius
1609 1257 1644 1287 et

140 1300 194 1333 sic
220 1298 342 1343 vulgo.

138 1348 239 1381 adire
266 1346 305 1389 F,
333 1357 403 1380 non
433 1347 468 1380 P.

137 1395 175 1438 P,
202 1406 272 1429 non
302 1407 346 1429 ac
369 1396 584 1440 provincias.

137 1444 172 1479 8.
202 1444 337 1489 effnlaeit
362 1444 552 1478 subnotato
578 1456 603 1477 ει,1
630 1449 665 1478 et
691 1456 869 1490 superscr.
899 1458 914 1479 s
939 1446 975 1480 P.

139 1499 196 1526 tur
222 1494 352 1526 omisso
377 1494 469 1527 enim
498 1498 533 1526 et
558 1495 785 1538 superposito
815 1500 999 1528 exercetur
1028 1493 1084 1527 F:
1114 1496 1269 1529 correxit
1296 1495 1447 1540 Lipsius.

475 1542 529 1577 10.
554 1543 722 1587 paucubii
748 1543 864 1588 (prius
891 1555 915 1577 u
942 1543 1191 1590 subnotatum)
1219 1543 1256 1578 P.

136 1541 173 1584 P,
202 1552 271 1574 non
297 1541 396 1576 Attii.

133 1694 237 1727 etiam
263 1693 448 1739 descriptio
483 1704 587 1738 quam
614 1694 744 1728 Graeci
778 1707 852 1740 χα-

132 1745 302 1788 ρακτῆρα
322 1748 461 1776 vocant.
481 1764 518 1769 —-
535 1743 745 1788 Descriptio,
762 1754 852 1787 qua-

133 1791 175 1824 lis
210 1791 253 1824 sit
292 1802 422 1825 avarus
445 1817 454 1831 ,
493 1791 605 1835 qualis
638 1797 850 1833 assentator,

134 1845 318 1884 ceteraque
343 1840 494 1873 eiusdem
526 1841 666 1885 generis
699 1841 737 1873 in
771 1841 850 1884 qui-

135 1888 193 1922 bus
219 1894 351 1921 natura
377 1894 409 1921 et
438 1889 511 1922 vita
539 1888 757 1922 describitur.

219 1959 341 1993 Roscii
371 1965 431 1992 aut
463 1958 643 1993 Ambivii:
686 1960 849 1993 codicum

134 2006 309 2050 scriptura
335 2008 456 2041 Roscii
481 2013 542 2040 aut
568 2007 762 2052 Turpionis,
790 2014 850 2041 aut

133 2054 286 2088 Ambivii
316 2054 493 2100 quomodo
528 2057 759 2099 provenerit,
802 2056 849 2089 li-

134 2107 241 2148 quet:
267 2104 428 2137 nimirum
447 2103 597 2137 Ambivii
624 2105 758 2138 nomini
785 2115 849 2138 co-

134 2156 365 2197 gnomentum
403 2151 585 2198 Turpionis
620 2162 726 2197 supra
764 2163 849 2186 ver-

133 2210 209 2233 sum
239 2205 299 2234 aut
325 2201 359 2234 in
397 2200 558 2246 margine
591 2199 719 2246 aliquis
746 2201 847 2235 adie-

134 2249 207 2291 cit,
248 2248 317 2282 hoc
351 2250 532 2294 proximus
570 2250 722 2294 scriptor
757 2255 849 2283 tam-

133 2307 237 2342 quam
263 2298 347 2331 novi
376 2297 558 2331 histrionis
584 2308 712 2332 nomen
741 2310 849 2332 acce-

132 2346 185 2390 pit
219 2350 324 2391 atque
362 2346 405 2380 de
443 2356 506 2380 suo
541 2346 750 2391 particulam
790 2353 850 2381 aut

133 2394 276 2428 adiecit.
306 2394 375 2428 Sed
389 2395 684 2439 quemadmodum
699 2396 849 2430 Roscius

133 2452 203 2475 uno
231 2444 376 2477 nomine
403 2448 553 2477 vocatus
586 2449 657 2486 est,
693 2445 728 2478 id
755 2444 850 2489 quod

132 2490 267 2524 sufficit
302 2492 338 2524 in
374 2493 556 2526 mentione
592 2503 654 2537 per
683 2494 848 2527 occasio-

133 2550 214 2573 nem
239 2539 331 2574 facta
349 2565 358 2582 ‚
399 2544 438 2572 ut
473 2540 579 2584 paulo
609 2546 689 2585 post
715 2542 847 2575 factum

132 2586 296 2621 videmus
322 2589 358 2621 in
389 2588 501 2631 Attio,
528 2588 705 2632 Pacuvio,
732 2590 848 2624 Hora-

131 2637 194 2678 tio,
225 2636 387 2682 Virgilio,
416 2636 572 2680 Lucano,
599 2638 650 2672 sic
678 2639 783 2671 etiam
810 2640 846 2672 in

132 2684 244 2718 altero
272 2685 447 2719 histrione
473 2685 612 2719 Tacitus
646 2696 716 2719 uno
754 2686 846 2720 haud

132 2732 240 2766 dubie
267 2738 455 2768 contentus
485 2734 564 2769 fuit.
611 2734 647 2769 Si
674 2736 751 2779 ipse
781 2745 845 2768 co-

132 2786 362 2826 gnomentum
411 2782 599 2826 Turpionis
658 2782 841 2826 dedisset,

132 2834 230 2863 certe
264 2835 346 2864 ante
383 2832 578 2875 scripturus
617 2836 692 2866 erat
725 2832 845 2875 Quinti

131 2878 263 2922 Roscii,
291 2889 362 2912 non
389 2880 526 2924 Roscii,
570 2880 632 2915 sed
659 2881 781 2915 verius
807 2882 843 2916 in

131 2925 242 2960 altero
275 2927 400 2961 vitium
439 2930 658 2974 agnoscitur.
717 2930 843 2964 Ambi-

450 1300 484 1333 3.
513 1299 551 1332 in
579 1308 634 1332 om
665 1304 808 1333 veteres
838 1299 1028 1342 editiones,
1058 1310 1129 1333 non
1155 1299 1221 1334 FP.

571 1347 604 1381 6.
634 1348 745 1381 uoluit
769 1347 808 1390 F,
839 1359 908 1381 non
937 1348 975 1382 P.

706 1397 738 1431 7.
771 1397 841 1430 sive
867 1398 906 1430 in
931 1398 1002 1431 suis
1031 1397 1158 1442 aliquis
1183 1396 1258 1431 FP:
1287 1398 1443 1432 correxit
1469 1398 1639 1434 Muretus.

1312 1299 1348 1335 4.
1376 1311 1443 1334 nec
1467 1301 1576 1335 solum
1603 1299 1641 1336 P.

1067 1349 1219 1382 inuicem
1244 1348 1279 1382 P.
1381 1355 1413 1383 et
1436 1350 1643 1395 prouincias

1065 1446 1098 1481 9.
1129 1445 1313 1482 exercetur
1339 1447 1431 1481 enim
1457 1446 1493 1490 P,
1521 1448 1641 1493 exige—

1548 1506 1642 1530 accii

921 1694 1017 1728 vium
1055 1694 1268 1739 Turpionem
1308 1697 1528 1741 temporibus
1568 1698 1637 1733 Te-

920 1744 1092 1777 rentianis
1109 1770 1118 1786 ,
1161 1749 1199 1777 ut
1226 1755 1270 1778 ex
1296 1744 1501 1780 didascaliis
1530 1747 1638 1781 fabu-

920 1792 1029 1825 larum
1042 1793 1196 1826 Terentii
1222 1795 1440 1838 accepimus,
1467 1799 1502 1829 et
1520 1795 1636 1838 Quin-

918 1846 990 1874 tum
1022 1842 1190 1876 Roscium
1217 1840 1402 1876 Ciceronis
1428 1848 1546 1878 aetate
1573 1856 1635 1879 ce-

919 1889 1128 1924 leberrimos
1155 1890 1349 1925 histriones
1371 1893 1475 1926 novis
1494 1897 1636 1938 tempo-

918 1938 1027 1981 ribus,
1058 1938 1187 1983 quibus
1214 1939 1345 1985 agendi
1373 1950 1428 1974 ars
1455 1943 1636 1985 pantomi-

918 1997 1054 2020 morum
1081 1987 1247 2031 exemplo
1275 1993 1335 2022 aut
1368 1995 1534 2035 corrupta
1561 1995 1637 2025 erat

917 2039 977 2068 aut
1017 2035 1128 2068 multo
1164 2037 1370 2079 impeditior
1401 2037 1524 2080 facta,
1565 2039 1633 2073 iam

916 2093 978 2126 pro
1024 2083 1169 2116 rudibus
1209 2089 1245 2117 et
1282 2085 1433 2128 impexis
1471 2085 1635 2132 plerique

917 2130 1108 2165 habebant

1005 2202 1077 2236 sive
1112 2213 1234 2237 sensus
1272 2203 1398 2248 aliquis
1435 2210 1564 2250 arguta
1602 2211 1634 2240 et

917 2250 1014 2284 brevi
1029 2252 1203 2285 sententia
1223 2251 1373 2297 effulsit.-
1400 2264 1522 2287 sensus
1539 2264 1635 2288 nunc

918 2303 973 2332 est
1006 2310 1111 2344 quem
1138 2299 1337 2335 Theodisce
1373 2300 1524 2336 dicimus
1563 2303 1634 2338 Ge..

917 2347 1057 2381 danken
1075 2375 1083 2391 ,
1130 2349 1389 2394 cogitationem
1419 2350 1538 2384 verbis
1566 2362 1632 2386 ex-

916 2406 1074 2440 pressam
1094 2423 1102 2439 ,
1128 2399 1302 2431 sententia
1333 2408 1437 2443 quam
1464 2409 1633 2434 vocamus

918 2445 1159 2491 Denksprucli.
1190 2445 1433 2487 Quintilianus
1451 2447 1529 2482 vlll
1548 2449 1569 2483 5
1594 2451 1630 2485 1:

914 2494 1124 2527 sententiam
1150 2499 1282 2528 veteres
1301 2495 1390 2538 quod
1413 2497 1531 2530 animo
1549 2508 1632 2531 sen-

914 2543 1037 2576 sissent
1062 2549 1287 2576 vocaverunt.
1316 2543 1358 2577 Id
1374 2555 1451 2578 cum
1477 2550 1527 2579 est
1539 2546 1634 2591 apud

915 2597 1074 2625 oratores
1086 2591 1415 2637 frequentissimum,
1437 2598 1507 2627 tum
1527 2594 1633 2629 etiam

913 2640 950 2672 in
983 2651 1048 2674 usu
1097 2640 1299 2684 quotidiano
1338 2641 1507 2685 quasdam
1542 2641 1632 2678 reli-

914 2688 1012 2732 quias
1038 2688 1152 2722 habet.
1217 2688 1309 2723 Nam
1334 2695 1367 2723 et
1397 2691 1552 2725 iuraturi
1574 2691 1632 2726 ‘ex

913 2737 1024 2770 animi
1048 2738 1159 2771 nostri
1177 2737 1369 2772 sententia’·
1387 2744 1419 2772 et
1441 2738 1631 2784 pratulan-

913 2784 1029 2818 tes‘eae
1044 2784 1226 2820 sententia'
1252 2785 1406 2820 dicimus.
1448 2788 1528 2822 Non
1544 2799 1629 2827 raro

913 2840 1028 2867 tamen
1055 2841 1086 2868 et
1112 2835 1164 2868 sic
1196 2834 1303 2869 loculi
1338 2840 1418 2869 sunt
1453 2842 1489 2870 ut
1512 2835 1632 2872 ‘sensa

911 2883 985 2917 sua‘
1015 2882 1191 2926 dicerent,
1218 2894 1302 2917 nam
1322 2882 1466 2918 ‘sensus'
1497 2896 1627 2931 corpo-

912 2931 962 2965 ris
988 2931 1206 2967 videbantur.
1235 2931 1306 2966 Sed
1325 2934 1535 2968 consuetudo
1556 2934 1628 2968 iam
