<?xml version="1.0" encoding="UTF-8"?>
<!DOCTYPE html PUBLIC "-//W3C//DTD XHTML 1.0 Transitional//EN"
    "http://www.w3.org/TR/xhtml1/DTD/xhtml1-transitional.dtd">
<html xmlns="http://www.w3.org/1999/xhtml" xml:lang="en" lang="en">
 <head>
  <title>
</title>
<meta http-equiv="Content-Type" content="text/html;charset=utf-8" />
  <meta name='ocr-system' content='tesseract 3.04.00' />
  <meta name='ocr-capabilities' content='ocr_page ocr_carea ocr_par ocr_line ocrx_word'/>
</head>
<body>
  <div class='ocr_page' id='page_1' title='image "./operaadcodicesan03taciuoft/operaadcodicesan03taciuoft_0186.png"; bbox 0 0 1768 3216; ppageno 0'>
   <div class='ocr_carea' id='block_1_1' title="bbox 0 207 1722 565">
    <p class='ocr_par' dir='ltr' id='par_1_1' title="bbox 0 207 1722 565">
     <span class='ocr_line' id='line_1_1' title="bbox 165 207 1646 258; baseline -0.005 -10"><span class='ocrx_word' id='word_1_1' title='bbox 165 224 234 258; x_wconf 70' lang='lat'>173</span> <span class='ocrx_word' id='word_1_2' title='bbox 743 210 1050 246; x_wconf 76' lang='lat' dir='ltr'>ms&#39;romAavn</span> <span class='ocrx_word' id='word_1_3' title='bbox 1439 220 1471 243; x_wconf 79' lang='lat' dir='ltr'>a.</span> <span class='ocrx_word' id='word_1_4' title='bbox 1499 217 1535 244; x_wconf 87' lang='lat' dir='ltr'>u.</span> <span class='ocrx_word' id='word_1_5' title='bbox 1561 207 1646 244; x_wconf 81' lang='lat'>822.</span> 
     </span>
     <span class='ocr_line' id='line_1_2' title="bbox 0 311 1650 394; baseline -0.01 -12"><span class='ocrx_word' id='word_1_6' title='bbox 0 342 114 394; x_wconf 34' lang='grc' dir='ltr'>«ἢῆ,</span> <span class='ocrx_word' id='word_1_7' title='bbox 158 338 340 382; x_wconf 85' lang='lat' dir='ltr'>Moesiae</span> <span class='ocrx_word' id='word_1_8' title='bbox 370 336 472 376; x_wconf 88' lang='lat' dir='ltr'>ultra</span> <span class='ocrx_word' id='word_1_9' title='bbox 504 335 681 373; x_wconf 88' lang='lat' dir='ltr'>montem</span> <span class='ocrx_word' id='word_1_10' title='bbox 720 311 918 371; x_wconf 82' lang='lat' dir='ltr'>Haemum</span> <span class='ocrx_word' id='word_1_11' title='bbox 959 327 1154 382; x_wconf 85' lang='lat' dir='ltr'>profugit.</span> <span class='ocrx_word' id='word_1_12' title='bbox 1215 325 1302 367; x_wconf 89' lang='lat' dir='ltr'>Nec</span> <span class='ocrx_word' id='word_1_13' title='bbox 1332 324 1495 367; x_wconf 76' lang='lat' dir='ltr'>vdeinde</span> <span class='ocrx_word' id='word_1_14' title='bbox 1537 323 1650 366; x_wconf 90' lang='lat' dir='ltr'>civili</span> 
     </span>
     <span class='ocr_line' id='line_1_3' title="bbox 1 383 1651 467; baseline -0.012 -8"><span class='ocrx_word' id='word_1_15' title='bbox 1 383 265 467; x_wconf 15' lang='lat' dir='ltr'>J{*.13{‹?‡J‘2&#39;bello</span> <span class='ocrx_word' id='word_1_16' title='bbox 297 409 503 461; x_wconf 82' lang='lat' dir='ltr'>interfuit,</span> <span class='ocrx_word' id='word_1_17' title='bbox 547 419 622 461; x_wconf 91' lang='lat' dir='ltr'>per</span> <span class='ocrx_word' id='word_1_18' title='bbox 651 406 790 447; x_wconf 89' lang='lat' dir='ltr'>varias</span> <span class='ocrx_word' id='word_1_19' title='bbox 820 416 958 446; x_wconf 84' lang='lat' dir='ltr'>moras</span> <span class='ocrx_word' id='word_1_20' title='bbox 989 406 1227 457; x_wconf 88' lang='lat' dir='ltr'>susceptum</span> <span class='ocrx_word' id='word_1_21' title='bbox 1264 400 1315 444; x_wconf 87' lang='lat' dir='ltr'>ad</span> <span class='ocrx_word' id='word_1_22' title='bbox 1347 399 1651 454; x_wconf 80' lang='lat' dir='ltr'>Vespasianum</span> 
     </span>
     <span class='ocr_line' id='line_1_4' title="bbox 0 472 1722 565; baseline -0.004 -41"><span class='ocrx_word' id='word_1_23' title='bbox 0 496 83 565; x_wconf 50' lang='lat' dir='ltr'>&lt;L</span> <span class='ocrx_word' id='word_1_24' title='bbox 158 489 235 529; x_wconf 83' lang='lat' dir='ltr'>iter</span> <span class='ocrx_word' id='word_1_25' title='bbox 264 485 456 535; x_wconf 82' lang='lat' dir='ltr'>trahens,</span> <span class='ocrx_word' id='word_1_26' title='bbox 500 485 539 523; x_wconf 87' lang='lat' dir='ltr'>et</span> <span class='ocrx_word' id='word_1_27' title='bbox 571 481 805 542; x_wconf 54' lang='lat' dir='ltr'>CUEPJlll?</span> <span class='ocrx_word' id='word_1_28' title='bbox 839 477 1152 520; x_wconf 84' lang='lat' dir='ltr'>cunctabundus</span> <span class='ocrx_word' id='word_1_29' title='bbox 1184 481 1253 518; x_wconf 83' lang='lat' dir='ltr'>aut</span> <span class='ocrx_word' id='word_1_30' title='bbox 1293 486 1537 530; x_wconf 83' lang='lat' dir='ltr'>properans.</span> <span class='ocrx_word' id='word_1_31' title='bbox 1597 472 1722 517; x_wconf 75' lang='lat' dir='ltr'>Atse</span> 
     </span>
    </p>
   </div>
   <div class='ocr_carea' id='block_1_2' title="bbox 0 548 1654 1212">
    <p class='ocr_par' dir='ltr' id='par_1_2' title="bbox 0 548 1654 1212">
     <span class='ocr_line' id='line_1_5' title="bbox 157 548 1653 609; baseline -0.007 -8"><span class='ocrx_word' id='word_1_32' title='bbox 157 561 196 601; x_wconf 91' lang='lat' dir='ltr'>in</span> <span class='ocrx_word' id='word_1_33' title='bbox 217 559 425 602; x_wconf 87' lang='lat' dir='ltr'>Pannonia</span> <span class='ocrx_word' id='word_1_34' title='bbox 452 557 570 598; x_wconf 88' lang='lat' dir='ltr'>tertia</span> <span class='ocrx_word' id='word_1_35' title='bbox 606 556 766 598; x_wconf 89' lang='lat' dir='ltr'>decima</span> <span class='ocrx_word' id='word_1_36' title='bbox 797 555 908 609; x_wconf 84' lang='lat' dir='ltr'>legio</span> <span class='ocrx_word' id='word_1_37' title='bbox 936 567 985 595; x_wconf 88' lang='lat' dir='ltr'>ac</span> <span class='ocrx_word' id='word_1_38' title='bbox 1007 553 1180 606; x_wconf 88' lang='lat' dir='ltr'>septima</span> <span class='ocrx_word' id='word_1_39' title='bbox 1211 550 1428 603; x_wconf 81' lang='lat' dir='ltr'>Galbiana,</span> <span class='ocrx_word' id='word_1_40' title='bbox 1462 548 1653 591; x_wconf 84' lang='lat' dir='ltr'>dolorem</span> 
     </span>
     <span class='ocr_line' id='line_1_6' title="bbox 126 625 1651 688; baseline -0.007 -12"><span class='ocrx_word' id='word_1_41' title='bbox 126 636 339 688; x_wconf 72' lang='lat' dir='ltr'>siramque</span> <span class='ocrx_word' id='word_1_42' title='bbox 369 632 661 675; x_wconf 81' lang='lat' dir='ltr'>Bedriacensis</span> <span class='ocrx_word' id='word_1_43' title='bbox 692 643 855 685; x_wconf 81' lang='lat' dir='ltr'>pugnae</span> <span class='ocrx_word' id='word_1_44' title='bbox 886 630 1130 680; x_wconf 68' lang='lat' dir='ltr'>retinentes,</span> <span class='ocrx_word' id='word_1_45' title='bbox 1163 627 1272 669; x_wconf 90' lang='lat' dir='ltr'>haud</span> <span class='ocrx_word' id='word_1_46' title='bbox 1307 625 1651 668; x_wconf 80' lang='lat' dir='ltr'>cunctanterve-</span> 
     </span>
     <span class='ocr_line' id='line_1_7' title="bbox 0 699 1653 765; baseline -0.007 -12"><span class='ocrx_word' id='word_1_47' title='bbox 0 729 38 765; x_wconf 49' lang='lat' dir='ltr'>fs</span> <span class='ocrx_word' id='word_1_48' title='bbox 156 709 348 764; x_wconf 78' lang='lat' dir='ltr'>spasiano</span> <span class='ocrx_word' id='word_1_49' title='bbox 382 720 628 758; x_wconf 88' lang='lat' dir='ltr'>accessere,</span> <span class='ocrx_word' id='word_1_50' title='bbox 676 706 717 746; x_wconf 84' lang='lat' dir='ltr'>vi</span> <span class='ocrx_word' id='word_1_51' title='bbox 747 705 969 758; x_wconf 81' lang='lat' dir='ltr'>praecipua</span> <span class='ocrx_word' id='word_1_52' title='bbox 1001 703 1124 744; x_wconf 86' lang='lat' dir='ltr'>Primi</span> <span class='ocrx_word' id='word_1_53' title='bbox 1166 702 1352 743; x_wconf 78' lang='lat' dir='ltr'>Antonii.</span> <span class='ocrx_word' id='word_1_54' title='bbox 1415 700 1454 742; x_wconf 91' lang='lat' dir='ltr'>Is</span> <span class='ocrx_word' id='word_1_55' title='bbox 1490 699 1653 760; x_wconf 61' lang='lat' dir='ltr'>legibus</span> 
     </span>
     <span class='ocr_line' id='line_1_8' title="bbox 8 774 1652 859; baseline -0.007 -32.051"><span class='ocrx_word' id='word_1_56' title='bbox 8 829 41 859; x_wconf 49' lang='grc' dir='ltr'><em>ω</em></span> <span class='ocrx_word' id='word_1_57' title='bbox 63 783 71 806; x_wconf 75' lang='grc'>’·</span> <span class='ocrx_word' id='word_1_58' title='bbox 88 790 310 854; x_wconf 33' lang='lat' dir='ltr'>&amp;nocens</span> <span class='ocrx_word' id='word_1_59' title='bbox 343 787 383 824; x_wconf 91' lang='lat' dir='ltr'>ct</span> <span class='ocrx_word' id='word_1_60' title='bbox 412 787 598 835; x_wconf 90' lang='lat' dir='ltr'>tempore</span> <span class='ocrx_word' id='word_1_61' title='bbox 614 780 794 822; x_wconf 89' lang='lat' dir='ltr'>Neronis</span> <span class='ocrx_word' id='word_1_62' title='bbox 828 778 922 821; x_wconf 85' lang='lat' dir='ltr'>salsi</span> <span class='ocrx_word' id='word_1_63' title='bbox 947 778 1179 830; x_wconf 85' lang='lat' dir='ltr'>damnatus,</span> <span class='ocrx_word' id='word_1_64' title='bbox 1214 778 1321 819; x_wconf 89' lang='lat' dir='ltr'>inter</span> <span class='ocrx_word' id='word_1_65' title='bbox 1346 776 1426 818; x_wconf 88' lang='lat' dir='ltr'>alia</span> <span class='ocrx_word' id='word_1_66' title='bbox 1449 774 1652 818; x_wconf 87' lang='lat' dir='ltr'>bellorum</span> 
     </span>
     <span class='ocr_line' id='line_1_9' title="bbox 7 835 1653 925; baseline -0.006 -24"><span class='ocrx_word' id='word_1_67' title='bbox 7 835 70 925; x_wconf 50' lang='grc' dir='ltr'>[7ιᾷ</span> <span class='ocrx_word' id='word_1_68' title='bbox 94 847 276 925; x_wconf 35' lang='grc' dir='ltr'>(ᾆιῖηειίε,</span> <span class='ocrx_word' id='word_1_69' title='bbox 306 857 559 899; x_wconf 87' lang='lat' dir='ltr'>senatorium</span> <span class='ocrx_word' id='word_1_70' title='bbox 593 856 779 897; x_wconf 83' lang='lat' dir='ltr'>ordinem</span> <span class='ocrx_word' id='word_1_71' title='bbox 811 854 1135 908; x_wconf 86' lang='lat' dir='ltr'>reciperaverat.</span> <span class='ocrx_word' id='word_1_72' title='bbox 1182 851 1449 906; x_wconf 86' lang='lat' dir='ltr'>Praepositus</span> <span class='ocrx_word' id='word_1_73' title='bbox 1480 863 1503 892; x_wconf 87' lang='lat' dir='ltr'>a</span> <span class='ocrx_word' id='word_1_74' title='bbox 1523 849 1653 891; x_wconf 84' lang='lat' dir='ltr'>Galba</span> 
     </span>
     <span class='ocr_line' id='line_1_10' title="bbox 0 925 1654 1007; baseline -0.005 -32"><span class='ocrx_word' id='word_1_75' title='bbox 0 933 354 1007; x_wconf 26' lang='lat' dir='ltr'>&#39;kggwssseptimae</span> <span class='ocrx_word' id='word_1_76' title='bbox 395 931 552 986; x_wconf 84' lang='lat' dir='ltr'>legioni</span> <span class='ocrx_word' id='word_1_77' title='bbox 593 931 848 983; x_wconf 81' lang='lat' dir='ltr'>scriptitasse</span> <span class='ocrx_word' id='word_1_78' title='bbox 890 927 1043 969; x_wconf 87' lang='lat' dir='ltr'>Othoni</span> <span class='ocrx_word' id='word_1_79' title='bbox 1083 926 1358 978; x_wconf 84' lang='lat' dir='ltr'>credebatur,</span> <span class='ocrx_word' id='word_1_80' title='bbox 1411 925 1560 967; x_wconf 90' lang='lat' dir='ltr'>ducem</span> <span class='ocrx_word' id='word_1_81' title='bbox 1607 936 1654 966; x_wconf 87' lang='lat' dir='ltr'>se</span> 
     </span>
     <span class='ocr_line' id='line_1_11' title="bbox 90 994 1649 1062; baseline -0.006 -12"><span class='ocrx_word' id='word_1_82' title='bbox 90 1000 141 1052; x_wconf 44' lang='grc' dir='ltr'>ἰο</span> <span class='ocrx_word' id='word_1_83' title='bbox 156 1008 338 1062; x_wconf 82' lang='lat' dir='ltr'>partibus</span> <span class='ocrx_word' id='word_1_84' title='bbox 381 1007 589 1057; x_wconf 82' lang='lat' dir='ltr'>offerens3</span> <span class='ocrx_word' id='word_1_85' title='bbox 639 1019 660 1047; x_wconf 86' lang='lat' dir='ltr'>a</span> <span class='ocrx_word' id='word_1_86' title='bbox 702 1017 781 1059; x_wconf 87' lang='lat' dir='ltr'>quo</span> <span class='ocrx_word' id='word_1_87' title='bbox 814 994 1031 1059; x_wconf 81' lang='lat' dir='ltr'>neglectus</span> <span class='ocrx_word' id='word_1_88' title='bbox 1073 1003 1114 1044; x_wconf 92' lang='lat' dir='ltr'>in</span> <span class='ocrx_word' id='word_1_89' title='bbox 1148 1002 1259 1043; x_wconf 87' lang='lat' dir='ltr'>nullo</span> <span class='ocrx_word' id='word_1_90' title='bbox 1293 999 1518 1043; x_wconf 80' lang='lat' dir='ltr'>Othoniani</span> <span class='ocrx_word' id='word_1_91' title='bbox 1548 998 1649 1042; x_wconf 89' lang='lat' dir='ltr'>belli</span> 
     </span>
     <span class='ocr_line' id='line_1_12' title="bbox 158 1077 1653 1131; baseline -0.006 -6"><span class='ocrx_word' id='word_1_92' title='bbox 158 1095 235 1125; x_wconf 93' lang='lat' dir='ltr'>usu</span> <span class='ocrx_word' id='word_1_93' title='bbox 285 1082 372 1124; x_wconf 87' lang='lat' dir='ltr'>fuit.</span> <span class='ocrx_word' id='word_1_94' title='bbox 431 1081 678 1122; x_wconf 83' lang='lat' dir='ltr'>Labantibus</span> <span class='ocrx_word' id='word_1_95' title='bbox 733 1079 885 1121; x_wconf 88' lang='lat' dir='ltr'>Vitellii</span> <span class='ocrx_word' id='word_1_96' title='bbox 935 1078 1083 1130; x_wconf 88' lang='lat' dir='ltr'>rebus,</span> <span class='ocrx_word' id='word_1_97' title='bbox 1132 1077 1436 1131; x_wconf 85' lang='lat' dir='ltr'>Vespasianum</span> <span class='ocrx_word' id='word_1_98' title='bbox 1485 1078 1653 1117; x_wconf 91' lang='lat' dir='ltr'>secutus</span> 
     </span>
     <span class='ocr_line' id='line_1_13' title="bbox 156 1153 1650 1212; baseline -0.005 -14"><span class='ocrx_word' id='word_1_99' title='bbox 156 1157 593 1212; x_wconf 78' lang='lat' dir='ltr'>grandemomentum</span> <span class='ocrx_word' id='word_1_100' title='bbox 615 1155 786 1206; x_wconf 80' lang='lat' dir='ltr'>addidit,</span> <span class='ocrx_word' id='word_1_101' title='bbox 825 1158 1017 1195; x_wconf 86' lang='lat' dir='ltr'>strenuus</span> <span class='ocrx_word' id='word_1_102' title='bbox 1041 1164 1180 1204; x_wconf 89' lang='lat' dir='ltr'>manu,</span> <span class='ocrx_word' id='word_1_103' title='bbox 1207 1163 1403 1194; x_wconf 88' lang='lat' dir='ltr'>sermone</span> <span class='ocrx_word' id='word_1_104' title='bbox 1421 1153 1650 1205; x_wconf 80' lang='lat' dir='ltr'>promptus,</span> 
     </span>
    </p>
   </div>
   <div class='ocr_carea' id='block_1_3' title="bbox 157 1223 1656 1280">
    <p class='ocr_par' dir='ltr' id='par_1_3' title="bbox 157 1223 1656 1280">
     <span class='ocr_line' id='line_1_14' title="bbox 157 1223 1656 1280; baseline -0.005 -7"><span class='ocrx_word' id='word_1_105' title='bbox 157 1231 361 1273; x_wconf 87' lang='lat' dir='ltr'>serendae</span> <span class='ocrx_word' id='word_1_106' title='bbox 392 1231 434 1271; x_wconf 93' lang='lat' dir='ltr'>in</span> <span class='ocrx_word' id='word_1_107' title='bbox 466 1230 570 1272; x_wconf 88' lang='lat' dir='ltr'>alios</span> <span class='ocrx_word' id='word_1_108' title='bbox 602 1229 783 1270; x_wconf 89' lang='lat' dir='ltr'>invidiae</span> <span class='ocrx_word' id='word_1_109' title='bbox 815 1228 987 1280; x_wconf 84' lang='lat' dir='ltr'>artifex,</span> <span class='ocrx_word' id='word_1_110' title='bbox 1032 1226 1258 1268; x_wconf 89' lang='lat' dir='ltr'>discordiis</span> <span class='ocrx_word' id='word_1_111' title='bbox 1300 1229 1341 1268; x_wconf 92' lang='lat' dir='ltr'>et</span> <span class='ocrx_word' id='word_1_112' title='bbox 1379 1223 1656 1268; x_wconf 82' lang='lat' dir='ltr'>seditionibus</span> 
     </span>
    </p>
   </div>
   <div class='ocr_carea' id='block_1_4' title="bbox 162 1359 601 1455">
    <p class='ocr_par' dir='ltr' id='par_1_4' title="bbox 162 1359 601 1455">
     <span class='ocr_line' id='line_1_15' title="bbox 296 1359 577 1395; baseline 0 -1"><span class='ocrx_word' id='word_1_113' title='bbox 296 1363 325 1395; x_wconf 83' lang='lat'>1.</span> <span class='ocrx_word' id='word_1_114' title='bbox 354 1361 488 1395; x_wconf 83' lang='lat' dir='ltr'>hemum</span> <span class='ocrx_word' id='word_1_115' title='bbox 513 1359 577 1394; x_wconf 75' lang='lat' dir='ltr'>Ma.</span> 
     </span>
     <span class='ocr_line' id='line_1_16' title="bbox 162 1409 601 1455; baseline -0.002 -11"><span class='ocrx_word' id='word_1_116' title='bbox 162 1409 188 1444; x_wconf 92' lang='lat' dir='ltr'>G</span> <span class='ocrx_word' id='word_1_117' title='bbox 216 1409 307 1452; x_wconf 83' lang='lat' dir='ltr'>belli,</span> <span class='ocrx_word' id='word_1_118' title='bbox 339 1415 373 1444; x_wconf 82' lang='lat' dir='ltr'>et</span> <span class='ocrx_word' id='word_1_119' title='bbox 399 1412 451 1444; x_wconf 89' lang='lat' dir='ltr'>sic</span> <span class='ocrx_word' id='word_1_120' title='bbox 479 1409 601 1455; x_wconf 88' lang='lat' dir='ltr'>vulgo.</span> 
     </span>
    </p>
   </div>
   <div class='ocr_carea' id='block_1_5' title="bbox 641 1353 1660 1454">
    <p class='ocr_par' dir='ltr' id='par_1_5' title="bbox 641 1353 1660 1454">
     <span class='ocr_line' id='line_1_17' title="bbox 641 1353 1660 1399; baseline -0.006 -3"><span class='ocrx_word' id='word_1_121' title='bbox 641 1362 674 1396; x_wconf 85' lang='lat'>2.</span> <span class='ocrx_word' id='word_1_122' title='bbox 703 1360 749 1393; x_wconf 77' lang='lat' dir='ltr'>act</span> <span class='ocrx_word' id='word_1_123' title='bbox 775 1359 820 1393; x_wconf 92' lang='lat' dir='ltr'>G:</span> <span class='ocrx_word' id='word_1_124' title='bbox 848 1357 901 1393; x_wconf 77' lang='lat' dir='ltr'>ltla</span> <span class='ocrx_word' id='word_1_125' title='bbox 928 1371 960 1392; x_wconf 83' lang='lat' dir='ltr'>a.</span> <span class='ocrx_word' id='word_1_126' title='bbox 1021 1359 1054 1393; x_wconf 90' lang='lat'>7.</span> <span class='ocrx_word' id='word_1_127' title='bbox 1084 1357 1251 1392; x_wconf 79' lang='lat' dir='ltr'>bellorum</span> <span class='ocrx_word' id='word_1_128' title='bbox 1279 1356 1414 1391; x_wconf 84' lang='lat' dir='ltr'>editor:</span> <span class='ocrx_word' id='word_1_129' title='bbox 1441 1353 1495 1390; x_wconf 61' lang='lat' dir='ltr'>Mn</span> <span class='ocrx_word' id='word_1_130' title='bbox 1521 1354 1660 1399; x_wconf 79' lang='lat' dir='ltr'>bellum,</span> 
     </span>
     <span class='ocr_line' id='line_1_18' title="bbox 687 1406 1179 1454; baseline -0.002 -11"><span class='ocrx_word' id='word_1_131' title='bbox 687 1409 724 1443; x_wconf 88' lang='grc'>8.</span> <span class='ocrx_word' id='word_1_132' title='bbox 751 1410 859 1454; x_wconf 78' lang='lat' dir='ltr'>recip.</span> <span class='ocrx_word' id='word_1_133' title='bbox 891 1407 963 1442; x_wconf 65' lang='lat' dir='ltr'>Ma:</span> <span class='ocrx_word' id='word_1_134' title='bbox 991 1419 1110 1453; x_wconf 82' lang='lat' dir='ltr'>rccup.</span> <span class='ocrx_word' id='word_1_135' title='bbox 1140 1406 1179 1442; x_wconf 86' lang='lat' dir='ltr'>G.</span> 
     </span>
    </p>
   </div>
   <div class='ocr_carea' id='block_1_6' title="bbox 161 1519 878 1853">
    <p class='ocr_par' dir='ltr' id='par_1_6' title="bbox 161 1519 878 1853">
     <span class='ocr_line' id='line_1_19' title="bbox 166 1519 877 1566; baseline -0.003 -10"><span class='ocrx_word' id='word_1_136' title='bbox 166 1531 373 1566; x_wconf 84' lang='lat' dir='ltr'>expressum</span> <span class='ocrx_word' id='word_1_137' title='bbox 402 1526 454 1555; x_wconf 82' lang='lat' dir='ltr'>est</span> <span class='ocrx_word' id='word_1_138' title='bbox 481 1522 515 1555; x_wconf 85' lang='lat' dir='ltr'>in</span> <span class='ocrx_word' id='word_1_139' title='bbox 547 1520 613 1555; x_wconf 70' lang='lat' dir='ltr'>Ma.</span> <span class='ocrx_word' id='word_1_140' title='bbox 639 1521 741 1565; x_wconf 89' lang='lat' dir='ltr'>Apud</span> <span class='ocrx_word' id='word_1_141' title='bbox 769 1519 877 1554; x_wconf 90' lang='lat' dir='ltr'>Cice-</span> 
     </span>
     <span class='ocr_line' id='line_1_20' title="bbox 161 1569 874 1605; baseline -0.003 -2"><span class='ocrx_word' id='word_1_142' title='bbox 161 1580 284 1604; x_wconf 85' lang='lat' dir='ltr'>ronem</span> <span class='ocrx_word' id='word_1_143' title='bbox 321 1571 356 1603; x_wconf 89' lang='lat' dir='ltr'>in</span> <span class='ocrx_word' id='word_1_144' title='bbox 382 1571 524 1604; x_wconf 87' lang='lat' dir='ltr'>Verrem</span> <span class='ocrx_word' id='word_1_145' title='bbox 553 1569 602 1603; x_wconf 87' lang='lat' dir='ltr'>lib</span> <span class='ocrx_word' id='word_1_146' title='bbox 629 1569 643 1603; x_wconf 92' lang='lat' dir='ltr'>l</span> <span class='ocrx_word' id='word_1_147' title='bbox 669 1569 715 1605; x_wconf 84' lang='lat'>28</span> <span class='ocrx_word' id='word_1_148' title='bbox 750 1574 803 1603; x_wconf 81' lang='lat' dir='ltr'>est</span> <span class='ocrx_word' id='word_1_149' title='bbox 840 1569 874 1602; x_wconf 83' lang='grc' dir='ltr'>Ρ.</span> 
     </span>
     <span class='ocr_line' id='line_1_21' title="bbox 168 1618 878 1662; baseline -0.001 -10"><span class='ocrx_word' id='word_1_150' title='bbox 168 1619 311 1662; x_wconf 82' lang='lat' dir='ltr'>Tettius,</span> <span class='ocrx_word' id='word_1_151' title='bbox 349 1618 392 1652; x_wconf 81' lang='lat' dir='ltr'>ad</span> <span class='ocrx_word' id='word_1_152' title='bbox 417 1620 490 1653; x_wconf 77' lang='lat' dir='ltr'>Att.</span> <span class='ocrx_word' id='word_1_153' title='bbox 521 1619 563 1652; x_wconf 82' lang='lat' dir='ltr'>lV</span> <span class='ocrx_word' id='word_1_154' title='bbox 591 1619 612 1652; x_wconf 85' lang='lat'>5</span> <span class='ocrx_word' id='word_1_155' title='bbox 646 1618 771 1651; x_wconf 84' lang='lat' dir='ltr'>Tettius</span> <span class='ocrx_word' id='word_1_156' title='bbox 799 1618 878 1651; x_wconf 89' lang='lat' dir='ltr'>Da-</span> 
     </span>
     <span class='ocr_line' id='line_1_22' title="bbox 162 1666 877 1710; baseline -0.001 -10"><span class='ocrx_word' id='word_1_157' title='bbox 162 1668 250 1710; x_wconf 83' lang='lat' dir='ltr'>mio,</span> <span class='ocrx_word' id='word_1_158' title='bbox 290 1672 325 1701; x_wconf 87' lang='lat' dir='ltr'>et</span> <span class='ocrx_word' id='word_1_159' title='bbox 356 1667 454 1701; x_wconf 85' lang='lat' dir='ltr'>Tettii</span> <span class='ocrx_word' id='word_1_160' title='bbox 489 1668 525 1700; x_wconf 88' lang='lat' dir='ltr'>in</span> <span class='ocrx_word' id='word_1_161' title='bbox 554 1666 750 1710; x_wconf 86' lang='lat' dir='ltr'>lapidibus;</span> <span class='ocrx_word' id='word_1_162' title='bbox 795 1666 877 1699; x_wconf 87' lang='lat' dir='ltr'>vide</span> 
     </span>
     <span class='ocr_line' id='line_1_23' title="bbox 162 1714 876 1760; baseline -0.001 -11"><span class='ocrx_word' id='word_1_163' title='bbox 162 1716 323 1749; x_wconf 84' lang='lat' dir='ltr'>Reinesii</span> <span class='ocrx_word' id='word_1_164' title='bbox 350 1715 513 1760; x_wconf 77' lang='lat' dir='ltr'>Inscript.</span> <span class='ocrx_word' id='word_1_165' title='bbox 543 1715 556 1749; x_wconf 94' lang='lat' dir='ltr'>I</span> <span class='ocrx_word' id='word_1_166' title='bbox 588 1716 644 1750; x_wconf 85' lang='lat'>10.</span> <span class='ocrx_word' id='word_1_167' title='bbox 697 1714 765 1749; x_wconf 92' lang='lat' dir='ltr'>Sed</span> <span class='ocrx_word' id='word_1_168' title='bbox 792 1715 834 1749; x_wconf 83' lang='lat' dir='ltr'>lt.</span> <span class='ocrx_word' id='word_1_169' title='bbox 864 1715 876 1748; x_wconf 88' lang='lat'>1</span> 
     </span>
     <span class='ocr_line' id='line_1_24' title="bbox 165 1764 876 1799; baseline -0.004 -1"><span class='ocrx_word' id='word_1_170' title='bbox 165 1764 210 1799; x_wconf 89' lang='grc'>79</span> <span class='ocrx_word' id='word_1_171' title='bbox 237 1764 271 1797; x_wconf 90' lang='lat' dir='ltr'>id</span> <span class='ocrx_word' id='word_1_172' title='bbox 297 1774 427 1798; x_wconf 87' lang='lat' dir='ltr'>nomen</span> <span class='ocrx_word' id='word_1_173' title='bbox 454 1764 579 1798; x_wconf 87' lang='lat' dir='ltr'>scribis</span> <span class='ocrx_word' id='word_1_174' title='bbox 606 1765 722 1796; x_wconf 88' lang='lat' dir='ltr'>minus</span> <span class='ocrx_word' id='word_1_175' title='bbox 756 1768 876 1796; x_wconf 89' lang='lat' dir='ltr'>notum</span> 
     </span>
     <span class='ocr_line' id='line_1_25' title="bbox 165 1811 878 1853; baseline -0.001 -8"><span class='ocrx_word' id='word_1_176' title='bbox 165 1812 397 1846; x_wconf 84' lang='lat' dir='ltr'>deformatum</span> <span class='ocrx_word' id='word_1_177' title='bbox 425 1817 478 1846; x_wconf 89' lang='lat' dir='ltr'>est</span> <span class='ocrx_word' id='word_1_178' title='bbox 504 1813 540 1845; x_wconf 89' lang='lat' dir='ltr'>in</span> <span class='ocrx_word' id='word_1_179' title='bbox 574 1813 695 1845; x_wconf 83' lang='lat' dir='ltr'>Titium</span> <span class='ocrx_word' id='word_1_180' title='bbox 713 1837 722 1853; x_wconf 92' lang='lat'>,</span> <span class='ocrx_word' id='word_1_181' title='bbox 767 1817 802 1844; x_wconf 87' lang='lat' dir='ltr'>et</span> <span class='ocrx_word' id='word_1_182' title='bbox 830 1811 878 1844; x_wconf 87' lang='lat' dir='ltr'>ibi</span> 
     </span>
    </p>
   </div>
   <div class='ocr_carea' id='block_1_7' title="bbox 105 1859 878 1902">
    <p class='ocr_par' dir='ltr' id='par_1_7' title="bbox 105 1859 878 1902">
     <span class='ocr_line' id='line_1_26' title="bbox 105 1859 878 1902; baseline -0.003 -8"><span class='ocrx_word' id='word_1_183' title='bbox 105 1864 113 1872; x_wconf 83' lang='lat'><strong>‘</strong></span> <span class='ocrx_word' id='word_1_184' title='bbox 166 1861 208 1894; x_wconf 88' lang='lat' dir='ltr'>ab</span> <span class='ocrx_word' id='word_1_185' title='bbox 237 1860 433 1894; x_wconf 81' lang='lat' dir='ltr'>editoribus</span> <span class='ocrx_word' id='word_1_186' title='bbox 460 1860 575 1894; x_wconf 86' lang='lat' dir='ltr'>adhuc</span> <span class='ocrx_word' id='word_1_187' title='bbox 599 1860 795 1902; x_wconf 82' lang='lat' dir='ltr'>toleratur,</span> <span class='ocrx_word' id='word_1_188' title='bbox 836 1859 878 1892; x_wconf 87' lang='lat' dir='ltr'>H.</span> 
     </span>
    </p>
   </div>
   <div class='ocr_carea' id='block_1_8' title="bbox 165 1907 886 3014">
    <p class='ocr_par' dir='ltr' id='par_1_8' title="bbox 165 1907 769 1943">
     <span class='ocr_line' id='line_1_27' title="bbox 165 1907 769 1943; baseline -0.002 -1"><span class='ocrx_word' id='word_1_189' title='bbox 165 1907 213 1942; x_wconf 90' lang='lat' dir='ltr'>lv</span> <span class='ocrx_word' id='word_1_190' title='bbox 242 1909 290 1943; x_wconf 84' lang='lat'>39</span> <span class='ocrx_word' id='word_1_191' title='bbox 316 1910 351 1942; x_wconf 91' lang='lat' dir='ltr'>in</span> <span class='ocrx_word' id='word_1_192' title='bbox 383 1909 490 1943; x_wconf 82' lang='lat' dir='ltr'>Titum</span> <span class='ocrx_word' id='word_1_193' title='bbox 517 1913 576 1942; x_wconf 82' lang='lat' dir='ltr'>aut</span> <span class='ocrx_word' id='word_1_194' title='bbox 609 1909 769 1942; x_wconf 80' lang='lat' dir='ltr'>Tertium.</span> 
     </span>
    </p>

    <p class='ocr_par' dir='ltr' id='par_1_9' title="bbox 168 1956 885 2487">
     <span class='ocr_line' id='line_1_28' title="bbox 240 1956 881 2000; baseline -0.002 -11"><span class='ocrx_word' id='word_1_195' title='bbox 240 1956 325 2000; x_wconf 85' lang='lat' dir='ltr'>Cap.</span> <span class='ocrx_word' id='word_1_196' title='bbox 351 1956 410 1990; x_wconf 88' lang='grc'>86.</span> <span class='ocrx_word' id='word_1_197' title='bbox 468 1963 504 1991; x_wconf 81' lang='lat' dir='ltr'>at</span> <span class='ocrx_word' id='word_1_198' title='bbox 529 1958 567 1990; x_wconf 79' lang='lat' dir='ltr'>in</span> <span class='ocrx_word' id='word_1_199' title='bbox 595 1957 781 1990; x_wconf 81' lang='lat' dir='ltr'>Pannonia</span> <span class='ocrx_word' id='word_1_200' title='bbox 807 1961 881 1988; x_wconf 80' lang='lat' dir='ltr'>ter-</span> 
     </span>
     <span class='ocr_line' id='line_1_29' title="bbox 168 2003 881 2050; baseline -0.004 -11"><span class='ocrx_word' id='word_1_201' title='bbox 168 2007 218 2039; x_wconf 82' lang='lat' dir='ltr'>tia</span> <span class='ocrx_word' id='word_1_202' title='bbox 249 2005 384 2038; x_wconf 78' lang='lat' dir='ltr'>decima</span> <span class='ocrx_word' id='word_1_203' title='bbox 409 2004 498 2050; x_wconf 74' lang='lat' dir='ltr'>leqio</span> <span class='ocrx_word' id='word_1_204' title='bbox 539 2016 582 2038; x_wconf 91' lang='lat' dir='ltr'>ac</span> <span class='ocrx_word' id='word_1_205' title='bbox 611 2005 756 2050; x_wconf 84' lang='lat' dir='ltr'>septima</span> <span class='ocrx_word' id='word_1_206' title='bbox 794 2003 881 2037; x_wconf 88' lang='lat' dir='ltr'>Gal-</span> 
     </span>
     <span class='ocr_line' id='line_1_30' title="bbox 169 2053 882 2097; baseline -0.004 -10"><span class='ocrx_word' id='word_1_207' title='bbox 169 2054 276 2087; x_wconf 83' lang='lat' dir='ltr'>biana</span> <span class='ocrx_word' id='word_1_208' title='bbox 311 2073 356 2079; x_wconf 92' lang='lat'>—</span> <span class='ocrx_word' id='word_1_209' title='bbox 389 2053 484 2087; x_wconf 81' lang='lat' dir='ltr'>haud</span> <span class='ocrx_word' id='word_1_210' title='bbox 510 2059 716 2087; x_wconf 78' lang='lat' dir='ltr'>cunctanter</span> <span class='ocrx_word' id='word_1_211' title='bbox 752 2053 882 2097; x_wconf 81' lang='lat' dir='ltr'>Vespa-</span> 
     </span>
     <span class='ocr_line' id='line_1_31' title="bbox 169 2101 882 2142; baseline -0.006 -6"><span class='ocrx_word' id='word_1_212' title='bbox 169 2103 269 2136; x_wconf 82' lang='lat' dir='ltr'>siano</span> <span class='ocrx_word' id='word_1_213' title='bbox 313 2112 512 2136; x_wconf 84' lang='lat' dir='ltr'>accessere:</span> <span class='ocrx_word' id='word_1_214' title='bbox 557 2101 882 2142; x_wconf 80' lang='lat' dir='ltr'>tertiadecimanos,</span> 
     </span>
     <span class='ocr_line' id='line_1_32' title="bbox 170 2149 883 2196; baseline -0.004 -12"><span class='ocrx_word' id='word_1_215' title='bbox 170 2160 258 2196; x_wconf 90' lang='lat' dir='ltr'>quos</span> <span class='ocrx_word' id='word_1_216' title='bbox 288 2149 393 2195; x_wconf 87' lang='lat' dir='ltr'>paulo</span> <span class='ocrx_word' id='word_1_217' title='bbox 421 2156 503 2185; x_wconf 88' lang='lat' dir='ltr'>ante</span> <span class='ocrx_word' id='word_1_218' title='bbox 532 2151 656 2195; x_wconf 64' lang='lat'><strong>(067)</strong></span> <span class='ocrx_word' id='word_1_219' title='bbox 687 2149 883 2182; x_wconf 83' lang='lat' dir='ltr'>Cremonae</span> 
     </span>
     <span class='ocr_line' id='line_1_33' title="bbox 170 2197 883 2242; baseline -0.004 -9"><span class='ocrx_word' id='word_1_220' title='bbox 170 2204 204 2233; x_wconf 87' lang='lat' dir='ltr'>et</span> <span class='ocrx_word' id='word_1_221' title='bbox 232 2198 416 2233; x_wconf 89' lang='lat' dir='ltr'>Bononiae</span> <span class='ocrx_word' id='word_1_222' title='bbox 450 2205 586 2233; x_wconf 87' lang='lat' dir='ltr'>struere</span> <span class='ocrx_word' id='word_1_223' title='bbox 624 2197 883 2242; x_wconf 85' lang='lat' dir='ltr'>amphitheatra</span> 
     </span>
     <span class='ocr_line' id='line_1_34' title="bbox 170 2246 884 2290; baseline -0.004 -9"><span class='ocrx_word' id='word_1_224' title='bbox 170 2249 285 2281; x_wconf 86' lang='lat' dir='ltr'>iussos</span> <span class='ocrx_word' id='word_1_225' title='bbox 325 2257 404 2281; x_wconf 88' lang='lat' dir='ltr'>esse</span> <span class='ocrx_word' id='word_1_226' title='bbox 441 2247 610 2290; x_wconf 86' lang='lat' dir='ltr'>rettulit,</span> <span class='ocrx_word' id='word_1_227' title='bbox 651 2257 712 2280; x_wconf 92' lang='lat' dir='ltr'>eos</span> <span class='ocrx_word' id='word_1_228' title='bbox 755 2257 798 2279; x_wconf 89' lang='lat' dir='ltr'>ex</span> <span class='ocrx_word' id='word_1_229' title='bbox 829 2246 884 2279; x_wconf 90' lang='lat' dir='ltr'>bis</span> 
     </span>
     <span class='ocr_line' id='line_1_35' title="bbox 169 2294 885 2341; baseline -0.003 -11"><span class='ocrx_word' id='word_1_230' title='bbox 169 2296 271 2340; x_wconf 85' lang='lat' dir='ltr'>locis,</span> <span class='ocrx_word' id='word_1_231' title='bbox 299 2300 484 2341; x_wconf 84' lang='lat' dir='ltr'>postquam</span> <span class='ocrx_word' id='word_1_232' title='bbox 513 2307 554 2330; x_wconf 87' lang='lat' dir='ltr'>ea</span> <span class='ocrx_word' id='word_1_233' title='bbox 582 2306 690 2340; x_wconf 89' lang='lat' dir='ltr'>opera</span> <span class='ocrx_word' id='word_1_234' title='bbox 717 2294 885 2338; x_wconf 86' lang='lat' dir='ltr'>persece-</span> 
     </span>
     <span class='ocr_line' id='line_1_36' title="bbox 169 2343 884 2387; baseline -0.003 -10"><span class='ocrx_word' id='word_1_235' title='bbox 169 2350 262 2387; x_wconf 87' lang='lat' dir='ltr'>runt,</span> <span class='ocrx_word' id='word_1_236' title='bbox 299 2344 555 2378; x_wconf 84' lang='lat' dir='ltr'>Poetovionem</span> <span class='ocrx_word' id='word_1_237' title='bbox 598 2345 633 2378; x_wconf 87' lang='lat' dir='ltr'>in</span> <span class='ocrx_word' id='word_1_238' title='bbox 667 2343 884 2377; x_wconf 84' lang='lat' dir='ltr'>Pannoniam</span> 
     </span>
     <span class='ocr_line' id='line_1_37' title="bbox 169 2391 883 2436; baseline -0.004 -10"><span class='ocrx_word' id='word_1_239' title='bbox 169 2395 336 2427; x_wconf 87' lang='lat' dir='ltr'>remissos</span> <span class='ocrx_word' id='word_1_240' title='bbox 377 2404 479 2435; x_wconf 86' lang='lat' dir='ltr'>esse,</span> <span class='ocrx_word' id='word_1_241' title='bbox 530 2393 598 2426; x_wconf 86' lang='lat' dir='ltr'>hoc</span> <span class='ocrx_word' id='word_1_242' title='bbox 648 2391 883 2436; x_wconf 88' lang='lat' dir='ltr'>supplendum</span> 
     </span>
     <span class='ocr_line' id='line_1_38' title="bbox 171 2440 883 2487; baseline -0.004 -12"><span class='ocrx_word' id='word_1_243' title='bbox 171 2441 377 2487; x_wconf 86' lang='lat' dir='ltr'>legentibus</span> <span class='ocrx_word' id='word_1_244' title='bbox 405 2452 520 2474; x_wconf 87' lang='lat' dir='ltr'>rerum</span> <span class='ocrx_word' id='word_1_245' title='bbox 548 2442 699 2485; x_wconf 87' lang='lat' dir='ltr'>scriptor</span> <span class='ocrx_word' id='word_1_246' title='bbox 725 2440 883 2484; x_wconf 85' lang='lat' dir='ltr'>reliquit.</span> 
     </span>
    </p>

    <p class='ocr_par' dir='ltr' id='par_1_10' title="bbox 170 2488 885 2776">
     <span class='ocr_line' id='line_1_39' title="bbox 243 2488 883 2535; baseline 0 -12"><span class='ocrx_word' id='word_1_247' title='bbox 243 2490 272 2523; x_wconf 77' lang='lat' dir='ltr'>is</span> <span class='ocrx_word' id='word_1_248' title='bbox 299 2489 430 2535; x_wconf 73' lang='lat' dir='ltr'>leyibus</span> <span class='ocrx_word' id='word_1_249' title='bbox 456 2501 584 2523; x_wconf 82' lang='lat' dir='ltr'>nocens</span> <span class='ocrx_word' id='word_1_250' title='bbox 601 2500 612 2522; x_wconf 87' lang='lat'>.·</span> <span class='ocrx_word' id='word_1_251' title='bbox 650 2500 682 2523; x_wconf 86' lang='lat' dir='ltr'>v.</span> <span class='ocrx_word' id='word_1_252' title='bbox 711 2488 790 2521; x_wconf 88' lang='lat' dir='ltr'>XIV</span> <span class='ocrx_word' id='word_1_253' title='bbox 817 2488 883 2530; x_wconf 81' lang='lat'>403</span> 
     </span>
     <span class='ocr_line' id='line_1_40' title="bbox 171 2537 884 2580; baseline -0.003 -10"><span class='ocrx_word' id='word_1_254' title='bbox 171 2547 305 2572; x_wconf 89' lang='lat' dir='ltr'>nocens</span> <span class='ocrx_word' id='word_1_255' title='bbox 335 2542 389 2572; x_wconf 84' lang='lat' dir='ltr'>est</span> <span class='ocrx_word' id='word_1_256' title='bbox 415 2548 509 2571; x_wconf 79' lang='lat' dir='ltr'>noxa</span> <span class='ocrx_word' id='word_1_257' title='bbox 547 2539 625 2571; x_wconf 88' lang='lat' dir='ltr'>sive</span> <span class='ocrx_word' id='word_1_258' title='bbox 663 2537 766 2580; x_wconf 87' lang='lat' dir='ltr'>eulpa</span> <span class='ocrx_word' id='word_1_259' title='bbox 793 2546 884 2569; x_wconf 88' lang='lat' dir='ltr'>onc-</span> 
     </span>
     <span class='ocr_line' id='line_1_41' title="bbox 171 2585 883 2631; baseline -0.003 -13"><span class='ocrx_word' id='word_1_260' title='bbox 171 2591 279 2620; x_wconf 86' lang='lat' dir='ltr'>ratus.</span> <span class='ocrx_word' id='word_1_261' title='bbox 337 2585 486 2631; x_wconf 71' lang='lat' dir='ltr'>Leqibus</span> <span class='ocrx_word' id='word_1_262' title='bbox 529 2590 650 2619; x_wconf 83' lang='lat' dir='ltr'>sextus</span> <span class='ocrx_word' id='word_1_263' title='bbox 687 2595 789 2619; x_wconf 85' lang='lat' dir='ltr'>casus</span> <span class='ocrx_word' id='word_1_264' title='bbox 818 2589 883 2626; x_wconf 78' lang='lat' dir='ltr'>est,</span> 
     </span>
     <span class='ocr_line' id='line_1_42' title="bbox 171 2633 885 2676; baseline -0.003 -9"><span class='ocrx_word' id='word_1_265' title='bbox 171 2645 240 2668; x_wconf 90' lang='lat' dir='ltr'>non</span> <span class='ocrx_word' id='word_1_266' title='bbox 268 2635 406 2668; x_wconf 87' lang='lat' dir='ltr'>tertius.</span> <span class='ocrx_word' id='word_1_267' title='bbox 442 2634 673 2668; x_wconf 84' lang='lat' dir='ltr'>Enuntiatum</span> <span class='ocrx_word' id='word_1_268' title='bbox 699 2635 728 2667; x_wconf 82' lang='lat' dir='ltr'>is</span> <span class='ocrx_word' id='word_1_269' title='bbox 755 2633 885 2676; x_wconf 71' lang='lat' dir='ltr'>leqibus</span> 
     </span>
     <span class='ocr_line' id='line_1_43' title="bbox 170 2682 885 2726; baseline -0.003 -11"><span class='ocrx_word' id='word_1_270' title='bbox 170 2694 300 2717; x_wconf 84' lang='lat' dir='ltr'>nocens</span> <span class='ocrx_word' id='word_1_271' title='bbox 340 2683 471 2717; x_wconf 86' lang='lat' dir='ltr'>certius</span> <span class='ocrx_word' id='word_1_272' title='bbox 511 2682 678 2717; x_wconf 83' lang='lat' dir='ltr'>definitur</span> <span class='ocrx_word' id='word_1_273' title='bbox 712 2686 885 2726; x_wconf 84' lang='lat' dir='ltr'>sequente</span> 
     </span>
     <span class='ocr_line' id='line_1_44' title="bbox 173 2730 880 2776; baseline -0.003 -12"><span class='ocrx_word' id='word_1_274' title='bbox 173 2737 203 2765; x_wconf 83' lang='lat' dir='ltr'>et</span> <span class='ocrx_word' id='word_1_275' title='bbox 231 2738 381 2776; x_wconf 81' lang='lat' dir='ltr'>tempore</span> <span class='ocrx_word' id='word_1_276' title='bbox 396 2732 548 2766; x_wconf 81' lang='lat' dir='ltr'>Neronis</span> <span class='ocrx_word' id='word_1_277' title='bbox 573 2731 658 2776; x_wconf 76' lang='lat' dir='ltr'>falsi</span> <span class='ocrx_word' id='word_1_278' title='bbox 684 2730 880 2764; x_wconf 79' lang='lat' dir='ltr'>damnatus.</span> 
     </span>
    </p>

    <p class='ocr_par' dir='ltr' id='par_1_11' title="bbox 174 2778 886 3014">
     <span class='ocr_line' id='line_1_45' title="bbox 247 2778 885 2814; baseline -0.003 -2"><span class='ocrx_word' id='word_1_279' title='bbox 247 2781 340 2813; x_wconf 79' lang='lat' dir='ltr'>inter</span> <span class='ocrx_word' id='word_1_280' title='bbox 366 2780 441 2814; x_wconf 84' lang='lat' dir='ltr'>alia</span> <span class='ocrx_word' id='word_1_281' title='bbox 467 2779 633 2814; x_wconf 81' lang='lat' dir='ltr'>bellorum</span> <span class='ocrx_word' id='word_1_282' title='bbox 660 2779 776 2813; x_wconf 80' lang='lat' dir='ltr'>mala:</span> <span class='ocrx_word' id='word_1_283' title='bbox 809 2778 885 2811; x_wconf 80' lang='lat' dir='ltr'>for-</span> 
     </span>
     <span class='ocr_line' id='line_1_46' title="bbox 174 2827 886 2862; baseline -0.001 -2"><span class='ocrx_word' id='word_1_284' title='bbox 174 2837 228 2860; x_wconf 84' lang='lat' dir='ltr'>ma</span> <span class='ocrx_word' id='word_1_285' title='bbox 270 2827 350 2861; x_wconf 93' lang='lat' dir='ltr'>libri</span> <span class='ocrx_word' id='word_1_286' title='bbox 388 2829 540 2862; x_wconf 86' lang='lat' dir='ltr'>Medicei</span> <span class='ocrx_word' id='word_1_287' title='bbox 583 2827 707 2862; x_wconf 84' lang='lat' dir='ltr'>bellum</span> <span class='ocrx_word' id='word_1_288' title='bbox 743 2831 803 2860; x_wconf 85' lang='lat' dir='ltr'>aut</span> <span class='ocrx_word' id='word_1_289' title='bbox 842 2837 886 2860; x_wconf 89' lang='lat' dir='ltr'>ex</span> 
     </span>
     <span class='ocr_line' id='line_1_47' title="bbox 175 2876 885 2920; baseline 0.001 -13"><span class='ocrx_word' id='word_1_290' title='bbox 175 2876 373 2920; x_wconf 86' lang='lat' dir='ltr'>antiquiore</span> <span class='ocrx_word' id='word_1_291' title='bbox 401 2877 516 2911; x_wconf 66' lang='lat' dir='ltr'>bellciit</span> <span class='ocrx_word' id='word_1_292' title='bbox 539 2877 694 2920; x_wconf 84' lang='lat' dir='ltr'>emersit,</span> <span class='ocrx_word' id='word_1_293' title='bbox 722 2879 781 2910; x_wconf 87' lang='lat' dir='ltr'>aut</span> <span class='ocrx_word' id='word_1_294' title='bbox 793 2876 885 2909; x_wconf 86' lang='lat' dir='ltr'>seri-</span> 
     </span>
     <span class='ocr_line' id='line_1_48' title="bbox 174 2922 882 2969; baseline 0.004 -14"><span class='ocrx_word' id='word_1_295' title='bbox 174 2922 219 2955; x_wconf 88' lang='lat' dir='ltr'>ba</span> <span class='ocrx_word' id='word_1_296' title='bbox 252 2925 401 2957; x_wconf 87' lang='lat' dir='ltr'>mediam</span> <span class='ocrx_word' id='word_1_297' title='bbox 443 2925 612 2968; x_wconf 85' lang='lat' dir='ltr'>syllabam</span> <span class='ocrx_word' id='word_1_298' title='bbox 634 2952 644 2968; x_wconf 90' lang='lat'>,</span> <span class='ocrx_word' id='word_1_299' title='bbox 702 2929 740 2959; x_wconf 90' lang='lat' dir='ltr'>ut</span> <span class='ocrx_word' id='word_1_300' title='bbox 774 2935 882 2969; x_wconf 85' lang='lat' dir='ltr'>saepe</span> 
     </span>
     <span class='ocr_line' id='line_1_49' title="bbox 177 2969 685 3014; baseline 0.008 -10"><span class='ocrx_word' id='word_1_301' title='bbox 177 2969 275 3014; x_wconf 88' lang='lat' dir='ltr'>alias,</span> <span class='ocrx_word' id='word_1_302' title='bbox 301 2972 527 3007; x_wconf 81' lang='lat' dir='ltr'>festinatione</span> <span class='ocrx_word' id='word_1_303' title='bbox 556 2975 685 3008; x_wconf 86' lang='lat' dir='ltr'>omisit.</span> 
     </span>
    </p>
   </div>
   <div class='ocr_carea' id='block_1_9' title="bbox 945 1517 1668 3009">
    <p class='ocr_par' dir='ltr' id='par_1_12' title="bbox 945 1517 1663 1758">
     <span class='ocr_line' id='line_1_50' title="bbox 1018 1517 1662 1566; baseline -0.005 -13"><span class='ocrx_word' id='word_1_304' title='bbox 1018 1520 1239 1566; x_wconf 76' lang='lat' dir='ltr'>praepositus</span> <span class='ocrx_word' id='word_1_305' title='bbox 1281 1530 1304 1552; x_wconf 92' lang='lat' dir='ltr'>a</span> <span class='ocrx_word' id='word_1_306' title='bbox 1346 1517 1460 1552; x_wconf 82' lang='lat' dir='ltr'>Galba</span> <span class='ocrx_word' id='word_1_307' title='bbox 1496 1517 1662 1563; x_wconf 79' lang='lat' dir='ltr'>septimae</span> 
     </span>
     <span class='ocr_line' id='line_1_51' title="bbox 945 1565 1662 1613; baseline -0.001 -13"><span class='ocrx_word' id='word_1_308' title='bbox 945 1567 1097 1613; x_wconf 74' lang='lat' dir='ltr'>leyioni:</span> <span class='ocrx_word' id='word_1_309' title='bbox 1127 1570 1204 1602; x_wconf 90' lang='lat' dir='ltr'>eius</span> <span class='ocrx_word' id='word_1_310' title='bbox 1230 1567 1386 1613; x_wconf 85' lang='lat' dir='ltr'>legionis</span> <span class='ocrx_word' id='word_1_311' title='bbox 1413 1565 1548 1611; x_wconf 68' lang='lat' dir='ltr'>legatus</span> <span class='ocrx_word' id='word_1_312' title='bbox 1566 1575 1662 1599; x_wconf 88' lang='lat' dir='ltr'>nunc</span> 
     </span>
     <span class='ocr_line' id='line_1_52' title="bbox 946 1614 1662 1650; baseline -0.003 0"><span class='ocrx_word' id='word_1_313' title='bbox 946 1617 1013 1650; x_wconf 86' lang='lat' dir='ltr'>fuit</span> <span class='ocrx_word' id='word_1_314' title='bbox 1044 1617 1235 1650; x_wconf 77' lang='lat' dir='ltr'>Antonius.</span> <span class='ocrx_word' id='word_1_315' title='bbox 1283 1616 1352 1650; x_wconf 90' lang='lat' dir='ltr'>Sed</span> <span class='ocrx_word' id='word_1_316' title='bbox 1379 1614 1513 1649; x_wconf 86' lang='lat' dir='ltr'>artibus</span> <span class='ocrx_word' id='word_1_317' title='bbox 1543 1615 1662 1648; x_wconf 84' lang='lat' dir='ltr'>statim</span> 
     </span>
     <span class='ocr_line' id='line_1_53' title="bbox 945 1664 1663 1710; baseline -0.003 -12"><span class='ocrx_word' id='word_1_318' title='bbox 945 1666 1149 1699; x_wconf 84' lang='lat' dir='ltr'>memoratis</span> <span class='ocrx_word' id='word_1_319' title='bbox 1173 1665 1282 1698; x_wconf 86' lang='lat' dir='ltr'>totius</span> <span class='ocrx_word' id='word_1_320' title='bbox 1303 1665 1482 1699; x_wconf 81' lang='lat' dir='ltr'>exercitus</span> <span class='ocrx_word' id='word_1_321' title='bbox 1499 1664 1663 1710; x_wconf 80' lang='lat' dir='ltr'>regimen</span> 
     </span>
     <span class='ocr_line' id='line_1_54' title="bbox 945 1714 1298 1758; baseline 0.003 -12"><span class='ocrx_word' id='word_1_322' title='bbox 945 1724 1026 1747; x_wconf 84' lang='lat' dir='ltr'>mox</span> <span class='ocrx_word' id='word_1_323' title='bbox 1057 1714 1206 1758; x_wconf 84' lang='lat' dir='ltr'>adeptus</span> <span class='ocrx_word' id='word_1_324' title='bbox 1233 1717 1298 1747; x_wconf 87' lang='lat' dir='ltr'>est.</span> 
     </span>
    </p>

    <p class='ocr_par' dir='ltr' id='par_1_13' title="bbox 945 1760 1664 2182">
     <span class='ocr_line' id='line_1_55' title="bbox 1018 1760 1663 1806; baseline -0.003 -10"><span class='ocrx_word' id='word_1_325' title='bbox 1018 1762 1216 1796; x_wconf 79' lang='lat' dir='ltr'>labantibus</span> <span class='ocrx_word' id='word_1_326' title='bbox 1237 1760 1366 1796; x_wconf 82' lang='lat' dir='ltr'>Vitellii</span> <span class='ocrx_word' id='word_1_327' title='bbox 1384 1761 1498 1803; x_wconf 82' lang='lat' dir='ltr'>rebus,</span> <span class='ocrx_word' id='word_1_328' title='bbox 1532 1760 1663 1806; x_wconf 80' lang='lat' dir='ltr'>Vespa-</span> 
     </span>
     <span class='ocr_line' id='line_1_56' title="bbox 945 1807 1663 1855; baseline -0.001 -12"><span class='ocrx_word' id='word_1_329' title='bbox 945 1811 1104 1845; x_wconf 78' lang='lat' dir='ltr'>sianum.-</span> <span class='ocrx_word' id='word_1_330' title='bbox 1148 1811 1332 1844; x_wconf 83' lang='lat' dir='ltr'>commatis</span> <span class='ocrx_word' id='word_1_331' title='bbox 1363 1811 1503 1855; x_wconf 86' lang='lat' dir='ltr'>signum</span> <span class='ocrx_word' id='word_1_332' title='bbox 1543 1807 1663 1842; x_wconf 83' lang='lat' dir='ltr'>addidi</span> 
     </span>
     <span class='ocr_line' id='line_1_57' title="bbox 945 1857 1663 1902; baseline -0.003 -9"><span class='ocrx_word' id='word_1_333' title='bbox 945 1864 1026 1902; x_wconf 85' lang='lat' dir='ltr'>post</span> <span class='ocrx_word' id='word_1_334' title='bbox 1051 1859 1173 1901; x_wconf 81' lang='lat' dir='ltr'>rebus,</span> <span class='ocrx_word' id='word_1_335' title='bbox 1208 1863 1247 1891; x_wconf 85' lang='lat' dir='ltr'>ut</span> <span class='ocrx_word' id='word_1_336' title='bbox 1273 1858 1465 1892; x_wconf 87' lang='lat' dir='ltr'>dilucidior</span> <span class='ocrx_word' id='word_1_337' title='bbox 1490 1857 1551 1890; x_wconf 83' lang='lat' dir='ltr'>fiat</span> <span class='ocrx_word' id='word_1_338' title='bbox 1578 1867 1663 1891; x_wconf 84' lang='lat' dir='ltr'>ora-</span> 
     </span>
     <span class='ocr_line' id='line_1_58' title="bbox 946 1905 1664 1941; baseline -0.003 -1"><span class='ocrx_word' id='word_1_339' title='bbox 946 1909 1009 1940; x_wconf 86' lang='lat' dir='ltr'>tio.</span> <span class='ocrx_word' id='word_1_340' title='bbox 1038 1907 1124 1940; x_wconf 81' lang='lat' dir='ltr'>Nam</span> <span class='ocrx_word' id='word_1_341' title='bbox 1150 1913 1357 1941; x_wconf 79' lang='lat' dir='ltr'>momentum</span> <span class='ocrx_word' id='word_1_342' title='bbox 1384 1905 1518 1940; x_wconf 82' lang='lat' dir='ltr'>addidit</span> <span class='ocrx_word' id='word_1_343' title='bbox 1545 1906 1664 1940; x_wconf 84' lang='lat' dir='ltr'>Anto-</span> 
     </span>
     <span class='ocr_line' id='line_1_59' title="bbox 946 1952 1664 1998; baseline 0 -10"><span class='ocrx_word' id='word_1_344' title='bbox 946 1956 1026 1988; x_wconf 87' lang='lat' dir='ltr'>nius</span> <span class='ocrx_word' id='word_1_345' title='bbox 1054 1956 1292 1998; x_wconf 84' lang='lat' dir='ltr'>Vespasiano,</span> <span class='ocrx_word' id='word_1_346' title='bbox 1335 1964 1407 1988; x_wconf 91' lang='lat' dir='ltr'>non</span> <span class='ocrx_word' id='word_1_347' title='bbox 1436 1952 1575 1988; x_wconf 89' lang='lat' dir='ltr'>Vitellii</span> <span class='ocrx_word' id='word_1_348' title='bbox 1602 1964 1664 1988; x_wconf 89' lang='lat' dir='ltr'>re-</span> 
     </span>
     <span class='ocr_line' id='line_1_60' title="bbox 946 2003 1664 2038; baseline 0 -2"><span class='ocrx_word' id='word_1_349' title='bbox 946 2004 1023 2036; x_wconf 89' lang='lat' dir='ltr'>bus.</span> <span class='ocrx_word' id='word_1_350' title='bbox 1057 2003 1110 2037; x_wconf 85' lang='lat' dir='ltr'>Cf.</span> <span class='ocrx_word' id='word_1_351' title='bbox 1141 2003 1183 2036; x_wconf 89' lang='lat' dir='ltr'>H.</span> <span class='ocrx_word' id='word_1_352' title='bbox 1212 2003 1226 2037; x_wconf 91' lang='lat'>1</span> <span class='ocrx_word' id='word_1_353' title='bbox 1255 2003 1324 2038; x_wconf 86' lang='lat'>59:</span> <span class='ocrx_word' id='word_1_354' title='bbox 1353 2009 1429 2036; x_wconf 81' lang='lat' dir='ltr'>octo</span> <span class='ocrx_word' id='word_1_355' title='bbox 1452 2003 1664 2036; x_wconf 75' lang='lat' dir='ltr'>Batavorum</span> 
     </span>
     <span class='ocr_line' id='line_1_61' title="bbox 952 2051 1662 2097; baseline -0.001 -12"><span class='ocrx_word' id='word_1_356' title='bbox 952 2052 1110 2085; x_wconf 76' lang='lat' dir='ltr'>cohortes</span> <span class='ocrx_word' id='word_1_357' title='bbox 1161 2072 1205 2077; x_wconf 90' lang='lat'>-—-</span> <span class='ocrx_word' id='word_1_358' title='bbox 1255 2058 1359 2097; x_wconf 82' lang='lat' dir='ltr'>prout</span> <span class='ocrx_word' id='word_1_359' title='bbox 1408 2051 1662 2093; x_wconf 74' lang='lat' dir='ltr'>inclinassent,</span> 
     </span>
     <span class='ocr_line' id='line_1_62' title="bbox 947 2099 1663 2145; baseline 0.003 -12"><span class='ocrx_word' id='word_1_360' title='bbox 947 2100 1083 2145; x_wconf 69' lang='lat' dir='ltr'>¹qraude</span> <span class='ocrx_word' id='word_1_361' title='bbox 1114 2106 1320 2134; x_wconf 83' lang='lat' dir='ltr'>momentum</span> <span class='ocrx_word' id='word_1_362' title='bbox 1355 2101 1472 2134; x_wconf 82' lang='lat' dir='ltr'>sociae</span> <span class='ocrx_word' id='word_1_363' title='bbox 1506 2106 1566 2134; x_wconf 78' lang='lat' dir='ltr'>aut</span> <span class='ocrx_word' id='word_1_364' title='bbox 1595 2099 1663 2135; x_wconf 82' lang='lat' dir='ltr'>ad·-</span> 
     </span>
     <span class='ocr_line' id='line_1_63' title="bbox 947 2161 1080 2182; baseline 0 0"><span class='ocrx_word' id='word_1_365' title='bbox 947 2161 1080 2182; x_wconf 80' lang='lat' dir='ltr'>versae.</span> 
     </span>
    </p>

    <p class='ocr_par' dir='ltr' id='par_1_14' title="bbox 949 2195 1666 2534">
     <span class='ocr_line' id='line_1_64' title="bbox 1023 2195 1664 2243; baseline -0.002 -12"><span class='ocrx_word' id='word_1_366' title='bbox 1023 2203 1145 2243; x_wconf 82' lang='lat' dir='ltr'>raptor</span> <span class='ocrx_word' id='word_1_367' title='bbox 1171 2197 1345 2242; x_wconf 75' lang='lat' dir='ltr'>laryitor:</span> <span class='ocrx_word' id='word_1_368' title='bbox 1395 2197 1441 2231; x_wconf 85' lang='lat' dir='ltr'>cf.</span> <span class='ocrx_word' id='word_1_369' title='bbox 1470 2201 1591 2231; x_wconf 82' lang='lat' dir='ltr'>annot.</span> <span class='ocrx_word' id='word_1_370' title='bbox 1620 2195 1664 2230; x_wconf 83' lang='lat' dir='ltr'>ad</span> 
     </span>
     <span class='ocr_line' id='line_1_65' title="bbox 950 2245 1665 2280; baseline -0.001 -1"><span class='ocrx_word' id='word_1_371' title='bbox 950 2246 993 2279; x_wconf 90' lang='grc' dir='ltr'>ΧΙ</span> <span class='ocrx_word' id='word_1_372' title='bbox 1021 2247 1055 2280; x_wconf 86' lang='grc'>6.</span> <span class='ocrx_word' id='word_1_373' title='bbox 1122 2245 1175 2279; x_wconf 90' lang='lat' dir='ltr'>De</span> <span class='ocrx_word' id='word_1_374' title='bbox 1208 2247 1364 2279; x_wconf 87' lang='lat' dir='ltr'>Antonio</span> <span class='ocrx_word' id='word_1_375' title='bbox 1400 2246 1593 2280; x_wconf 73' lang='lat' dir='ltr'>Suetonius</span> <span class='ocrx_word' id='word_1_376' title='bbox 1627 2246 1665 2279; x_wconf 90' lang='lat' dir='ltr'>in</span> 
     </span>
     <span class='ocr_line' id='line_1_66' title="bbox 952 2293 1664 2337; baseline 0 -9"><span class='ocrx_word' id='word_1_377' title='bbox 952 2294 1099 2328; x_wconf 88' lang='lat' dir='ltr'>Vitellio</span> <span class='ocrx_word' id='word_1_378' title='bbox 1132 2305 1162 2328; x_wconf 93' lang='lat' dir='ltr'>c.</span> <span class='ocrx_word' id='word_1_379' title='bbox 1195 2294 1258 2329; x_wconf 85' lang='lat'>18:</span> <span class='ocrx_word' id='word_1_380' title='bbox 1286 2296 1329 2328; x_wconf 85' lang='lat' dir='ltr'>ab</span> <span class='ocrx_word' id='word_1_381' title='bbox 1352 2293 1506 2328; x_wconf 82' lang='lat' dir='ltr'>Antonio</span> <span class='ocrx_word' id='word_1_382' title='bbox 1536 2293 1664 2337; x_wconf 69' lang='lat' dir='ltr'>Primo,</span> 
     </span>
     <span class='ocr_line' id='line_1_67' title="bbox 949 2343 1666 2390; baseline -0.001 -13"><span class='ocrx_word' id='word_1_383' title='bbox 949 2343 1177 2377; x_wconf 74' lang='lat' dir='ltr'>adversarum</span> <span class='ocrx_word' id='word_1_384' title='bbox 1201 2345 1355 2388; x_wconf 78' lang='lat' dir='ltr'>partium</span> <span class='ocrx_word' id='word_1_385' title='bbox 1380 2343 1484 2386; x_wconf 82' lang='lat' dir='ltr'>duce,</span> <span class='ocrx_word' id='word_1_386' title='bbox 1519 2353 1666 2390; x_wconf 74' lang='lat' dir='ltr'>oppres-</span> 
     </span>
     <span class='ocr_line' id='line_1_68' title="bbox 950 2391 1664 2436; baseline -0.001 -11"><span class='ocrx_word' id='word_1_387' title='bbox 950 2404 1006 2426; x_wconf 86' lang='lat' dir='ltr'>sus</span> <span class='ocrx_word' id='word_1_388' title='bbox 1034 2398 1093 2432; x_wconf 88' lang='lat' dir='ltr'>est,</span> <span class='ocrx_word' id='word_1_389' title='bbox 1122 2391 1179 2424; x_wconf 70' lang='lat' dir='ltr'>ccii</span> <span class='ocrx_word' id='word_1_390' title='bbox 1194 2391 1336 2426; x_wconf 82' lang='lat' dir='ltr'>Tolosae</span> <span class='ocrx_word' id='word_1_391' title='bbox 1362 2397 1445 2425; x_wconf 83' lang='lat' dir='ltr'>nato</span> <span class='ocrx_word' id='word_1_392' title='bbox 1474 2401 1664 2436; x_wconf 69' lang='lat' dir='ltr'>coquomen</span> 
     </span>
     <span class='ocr_line' id='line_1_69' title="bbox 949 2439 1666 2486; baseline -0.003 -12"><span class='ocrx_word' id='word_1_393' title='bbox 949 2442 987 2474; x_wconf 80' lang='lat' dir='ltr'>in</span> <span class='ocrx_word' id='word_1_394' title='bbox 1011 2441 1164 2485; x_wconf 77' lang='lat' dir='ltr'>puerilia</span> <span class='ocrx_word' id='word_1_395' title='bbox 1189 2441 1300 2474; x_wconf 87' lang='lat' dir='ltr'>Becco</span> <span class='ocrx_word' id='word_1_396' title='bbox 1325 2442 1455 2486; x_wconf 81' lang='lat' dir='ltr'>suerat.</span> <span class='ocrx_word' id='word_1_397' title='bbox 1508 2439 1552 2474; x_wconf 77' lang='lat' dir='ltr'>M</span> <span class='ocrx_word' id='word_1_398' title='bbox 1573 2439 1666 2474; x_wconf 73' lang='lat' dir='ltr'>valet</span> 
     </span>
     <span class='ocr_line' id='line_1_70' title="bbox 949 2488 1327 2534; baseline 0.005 -13"><span class='ocrx_word' id='word_1_399' title='bbox 949 2488 1141 2534; x_wconf 71' lang='lat' dir='ltr'>gallinacei</span> <span class='ocrx_word' id='word_1_400' title='bbox 1166 2495 1327 2523; x_wconf 79' lang='lat' dir='ltr'>rostrum.</span> 
     </span>
    </p>

    <p class='ocr_par' dir='ltr' id='par_1_15' title="bbox 951 2536 1668 3009">
     <span class='ocr_line' id='line_1_71' title="bbox 1029 2536 1666 2582; baseline 0.002 -13"><span class='ocrx_word' id='word_1_401' title='bbox 1029 2537 1223 2582; x_wconf 73' lang='lat' dir='ltr'>Tamphilus</span> <span class='ocrx_word' id='word_1_402' title='bbox 1249 2538 1464 2572; x_wconf 76' lang='lat' dir='ltr'>Flavianus:</span> <span class='ocrx_word' id='word_1_403' title='bbox 1494 2541 1530 2570; x_wconf 78' lang='lat' dir='ltr'>et</span> <span class='ocrx_word' id='word_1_404' title='bbox 1555 2536 1666 2570; x_wconf 75' lang='lat' dir='ltr'>&#39;sacili</span> 
     </span>
     <span class='ocr_line' id='line_1_72' title="bbox 953 2585 1667 2620; baseline 0 -1"><span class='ocrx_word' id='word_1_405' title='bbox 953 2586 1246 2620; x_wconf 87' lang='lat' dir='ltr'>consuetudinem</span> <span class='ocrx_word' id='word_1_406' title='bbox 1273 2585 1498 2620; x_wconf 86' lang='lat' dir='ltr'>observando</span> <span class='ocrx_word' id='word_1_407' title='bbox 1536 2590 1572 2620; x_wconf 87' lang='lat' dir='ltr'>et</span> <span class='ocrx_word' id='word_1_408' title='bbox 1598 2595 1667 2619; x_wconf 86' lang='lat' dir='ltr'>ve-</span> 
     </span>
     <span class='ocr_line' id='line_1_73' title="bbox 951 2632 1666 2680; baseline 0.001 -14"><span class='ocrx_word' id='word_1_409' title='bbox 951 2635 1057 2680; x_wconf 84' lang='lat' dir='ltr'>stigia</span> <span class='ocrx_word' id='word_1_410' title='bbox 1099 2634 1178 2668; x_wconf 88' lang='lat' dir='ltr'>libri</span> <span class='ocrx_word' id='word_1_411' title='bbox 1212 2633 1266 2668; x_wconf 70' lang='lat' dir='ltr'>Ma</span> <span class='ocrx_word' id='word_1_412' title='bbox 1314 2634 1509 2679; x_wconf 86' lang='lat' dir='ltr'>premendo</span> <span class='ocrx_word' id='word_1_413' title='bbox 1553 2632 1666 2668; x_wconf 77' lang='lat' dir='ltr'>tribus</span> 
     </span>
     <span class='ocr_line' id='line_1_74' title="bbox 952 2682 1665 2729; baseline -0.001 -13"><span class='ocrx_word' id='word_1_414' title='bbox 952 2683 1040 2716; x_wconf 88' lang='lat' dir='ltr'>Iocis</span> <span class='ocrx_word' id='word_1_415' title='bbox 1069 2694 1191 2717; x_wconf 87' lang='lat' dir='ltr'>verum</span> <span class='ocrx_word' id='word_1_416' title='bbox 1219 2694 1348 2717; x_wconf 88' lang='lat' dir='ltr'>nomen</span> <span class='ocrx_word' id='word_1_417' title='bbox 1383 2682 1506 2729; x_wconf 80' lang='lat' dir='ltr'>legato</span> <span class='ocrx_word' id='word_1_418' title='bbox 1533 2692 1665 2717; x_wconf 74' lang='lat' dir='ltr'>consu·</span> 
     </span>
     <span class='ocr_line' id='line_1_75' title="bbox 953 2730 1667 2777; baseline 0.001 -13"><span class='ocrx_word' id='word_1_419' title='bbox 953 2731 1015 2765; x_wconf 86' lang='lat' dir='ltr'>lari</span> <span class='ocrx_word' id='word_1_420' title='bbox 1028 2731 1303 2777; x_wconf 82' lang='lat' dir='ltr'>Pannoniaeque</span> <span class='ocrx_word' id='word_1_421' title='bbox 1312 2733 1443 2766; x_wconf 89' lang='lat' dir='ltr'>rectori</span> <span class='ocrx_word' id='word_1_422' title='bbox 1459 2730 1667 2766; x_wconf 78' lang='lat' dir='ltr'>exhibuisse</span> 
     </span>
     <span class='ocr_line' id='line_1_76' title="bbox 953 2777 1665 2814; baseline -0.001 -1"><span class='ocrx_word' id='word_1_423' title='bbox 953 2780 1038 2813; x_wconf 90' lang='lat' dir='ltr'>mihi</span> <span class='ocrx_word' id='word_1_424' title='bbox 1067 2780 1204 2814; x_wconf 89' lang='lat' dir='ltr'>videor.</span> <span class='ocrx_word' id='word_1_425' title='bbox 1231 2781 1403 2814; x_wconf 85' lang='lat' dir='ltr'>Nimirum</span> <span class='ocrx_word' id='word_1_426' title='bbox 1430 2781 1467 2814; x_wconf 91' lang='lat' dir='ltr'>in</span> <span class='ocrx_word' id='word_1_427' title='bbox 1491 2778 1545 2814; x_wconf 60' lang='grc' dir='ltr'>ΜΒ</span> <span class='ocrx_word' id='word_1_428' title='bbox 1576 2778 1611 2814; x_wconf 83' lang='lat' dir='ltr'>h.</span> <span class='ocrx_word' id='word_1_429' title='bbox 1640 2777 1665 2812; x_wconf 86' lang='lat' dir='ltr'>l.</span> 
     </span>
     <span class='ocr_line' id='line_1_77' title="bbox 959 2826 1666 2874; baseline 0.001 -13"><span class='ocrx_word' id='word_1_430' title='bbox 959 2829 1047 2861; x_wconf 72' lang='lat' dir='ltr'>Titus</span> <span class='ocrx_word' id='word_1_431' title='bbox 1085 2829 1233 2874; x_wconf 81' lang='lat' dir='ltr'>amplius</span> <span class='ocrx_word' id='word_1_432' title='bbox 1274 2829 1459 2873; x_wconf 81' lang='lat' dir='ltr'>sabianus,</span> <span class='ocrx_word' id='word_1_433' title='bbox 1505 2828 1597 2862; x_wconf 79' lang='lat' dir='ltr'>infra</span> <span class='ocrx_word' id='word_1_434' title='bbox 1623 2826 1666 2862; x_wconf 83' lang='lat' dir='ltr'>H.</span> 
     </span>
     <span class='ocr_line' id='line_1_78' title="bbox 954 2876 1668 2923; baseline 0.001 -13"><span class='ocrx_word' id='word_1_435' title='bbox 954 2876 999 2910; x_wconf 86' lang='lat'>111</span> <span class='ocrx_word' id='word_1_436' title='bbox 1025 2878 1049 2912; x_wconf 80' lang='lat'><strong>4</strong></span> <span class='ocrx_word' id='word_1_437' title='bbox 1074 2879 1221 2923; x_wconf 77' lang='lat' dir='ltr'>lampius</span> <span class='ocrx_word' id='word_1_438' title='bbox 1243 2877 1429 2921; x_wconf 77' lang='lat' dir='ltr'>flavianus,</span> <span class='ocrx_word' id='word_1_439' title='bbox 1459 2876 1544 2911; x_wconf 89' lang='lat' dir='ltr'>ibid.</span> <span class='ocrx_word' id='word_1_440' title='bbox 1573 2887 1603 2910; x_wconf 88' lang='lat' dir='ltr'>c.</span> <span class='ocrx_word' id='word_1_441' title='bbox 1626 2876 1668 2911; x_wconf 88' lang='grc'>10</span> 
     </span>
     <span class='ocr_line' id='line_1_79' title="bbox 959 2924 1667 2971; baseline 0 -13"><span class='ocrx_word' id='word_1_442' title='bbox 959 2926 990 2959; x_wconf 88' lang='grc' dir='ltr'>Τ.</span> <span class='ocrx_word' id='word_1_443' title='bbox 1020 2926 1182 2971; x_wconf 74' lang='lat' dir='ltr'>Ampium</span> <span class='ocrx_word' id='word_1_444' title='bbox 1209 2924 1429 2959; x_wconf 80' lang='lat' dir='ltr'>Flavianum.</span> <span class='ocrx_word' id='word_1_445' title='bbox 1495 2924 1567 2959; x_wconf 87' lang='lat' dir='ltr'>lam</span> <span class='ocrx_word' id='word_1_446' title='bbox 1590 2924 1667 2968; x_wconf 86' lang='lat' dir='ltr'>pri-</span> 
     </span>
     <span class='ocr_line' id='line_1_80' title="bbox 952 2973 1665 3009; baseline -0.004 0"><span class='ocrx_word' id='word_1_447' title='bbox 952 2985 1043 3009; x_wconf 88' lang='lat' dir='ltr'>mum</span> <span class='ocrx_word' id='word_1_448' title='bbox 1073 2976 1144 3009; x_wconf 80' lang='lat' dir='ltr'>tria</span> <span class='ocrx_word' id='word_1_449' title='bbox 1176 2974 1320 3008; x_wconf 87' lang='lat' dir='ltr'>nomina</span> <span class='ocrx_word' id='word_1_450' title='bbox 1356 2973 1400 3008; x_wconf 84' lang='lat' dir='ltr'>ob</span> <span class='ocrx_word' id='word_1_451' title='bbox 1441 2977 1665 3008; x_wconf 82' lang='lat' dir='ltr'>constantem</span> 
     </span>
    </p>
   </div>
  </div>
 </body>
</html>
