1768 3216
170 224 243 261 212
746 217 807 252 DE
838 218 1127 254 ORATORIBVS

169 342 290 384 Adeo
322 339 467 381 melius
500 340 562 378 est
595 340 804 378 oratorem
835 335 901 378 vel
933 336 1039 378 hirta
1074 339 1173 391 toga
1216 334 1392 377 induere
1434 346 1556 389 quam
1602 335 1672 378 su-

171 416 273 457 catis
307 418 347 454 et
377 411 626 453 meretriciis
654 411 841 452 vestibus
873 411 1091 465 insignire.
1151 411 1296 463 Neque
1327 409 1438 451 enim
1460 409 1670 455 oratorius

170 489 262 539 iste,
294 488 419 528 immo
453 485 596 527 hercle
627 498 681 526 ne
709 485 843 526 virilis
875 485 1041 539 quidem
1077 485 1207 526 cultus
1240 489 1329 537 est,
1369 496 1451 538 quo
1483 484 1671 539 plerique

171 568 400 616 temporum
431 566 669 603 nostrorum
701 564 893 602 oratores
925 561 980 602 ita
1009 564 1178 602 utuntur
1207 564 1251 601 ut
1294 559 1470 602 lascivia
1513 559 1673 603 verbo-

137 650 261 682 srum
289 642 328 680 et
357 637 525 678 levitate
558 636 855 678 sententiarum
887 639 928 677 et
957 635 1126 678 licentia
1160 635 1478 689 compositionis
1497 634 1674 678 histrio-

170 714 286 756 nales
316 712 464 754 modos
494 712 736 765 exprimant.
785 711 989 765 Quodque
1017 711 1088 752 vix
1111 710 1253 752 auditu
1285 711 1347 752 sas
1380 722 1475 752 esse
1507 709 1670 763 debeat,

167 789 302 831 laudis
335 792 375 829 et
402 787 564 842 gloriae
597 791 636 828 et
668 786 826 841 ingenii
855 786 951 828 loeo
982 786 1170 840 plerique
1202 786 1358 828 iactant
1393 785 1551 828 cantari
1582 785 1672 828 sal-

166 864 328 917 tarique
360 861 681 903 commentarios
716 873 829 902 suos.
899 860 1018 901 Unde
1051 860 1182 902 oritur
1212 860 1281 902 illa
1314 859 1441 902 foeda
1472 864 1513 902 et
1544 871 1672 914 prae-

167 942 350 993 postera,
382 936 456 978 sed
489 940 624 978 tamen
656 935 853 988 frequens
887 935 994 976 sicut
1025 935 1217 976 histrioni
1250 934 1408 976 clamor
1440 938 1481 975 et
1523 933 1670 976 excla-

119 1013 310 1067 tornatio,
337 1015 380 1052 ut
410 1015 600 1052 oratores
620 1010 752 1050 nostri
783 1013 928 1050 tenere
962 1009 1117 1061 dicere,
1151 1009 1376 1051 histriones
1409 1009 1564 1051 diserte
1582 1008 1672 1051 sal-

169 1091 259 1129 tare
300 1086 504 1127 dicantur.
583 1083 785 1138 Equidem
826 1095 910 1124 non
951 1083 1195 1137 negaverim
1227 1083 1419 1125 Cassium
1453 1083 1669 1136 Severum,

169 1174 290 1215 quem
320 1160 452 1203 solum
487 1159 602 1213 Aper
631 1163 775 1200 noster
804 1158 1021 1199 nominare
1052 1170 1177 1199 ausus
1207 1162 1283 1210 est,
1315 1159 1352 1199 si
1375 1158 1425 1200 iis
1448 1169 1672 1212 compare-

168 1240 233 1276 tur
264 1235 333 1288 qui
363 1237 507 1287 postea
540 1233 719 1283 fuerunt,
752 1243 877 1285 posse
908 1235 1117 1272 oratorem
1154 1232 1315 1284 vocari,
1349 1243 1596 1286 quamquam
1629 1232 1670 1273 in

168 1321 320 1364 magna
349 1312 465 1362 parte
495 1307 695 1348 librorum
726 1318 894 1348 suorum
922 1306 1012 1359 plus
1038 1306 1101 1348 vis
1124 1306 1274 1348 habeat
1297 1318 1417 1360 quam
1437 1307 1669 1362 sanguinis.

282 1467 317 1500 4.
346 1469 506 1498 oratores
532 1462 668 1497 editor:
695 1466 848 1503 autores,
877 1459 945 1493 litt.
973 1471 997 1493 u
1022 1459 1065 1493 ab
1093 1460 1216 1493 eadem
1243 1469 1349 1494 manu
1375 1463 1507 1503 puncto
1534 1458 1670 1493 subno-

169 1517 241 1548 tata
268 1518 306 1546 ut
333 1513 379 1546 sit
405 1517 540 1554 atores,
579 1510 603 1544 P
633 1513 672 1556 (c
697 1510 975 1554 superscriptum
1005 1518 1084 1542 esse
1122 1518 1308 1553 perperam
1335 1512 1453 1542 narrat
1480 1505 1669 1553 Orellius)‚

169 1562 232 1596 alii
260 1568 398 1596 actores
428 1565 463 1594 et
489 1566 662 1594 auctores.
764 1558 798 1593 9.
825 1558 914 1592 sicut
945 1556 1110 1590 histrioni
1135 1556 1271 1591 clamor
1296 1563 1326 1591 et
1353 1555 1562 1590 exclamatio
1591 1555 1671 1590 edi-

169 1616 246 1645 tor:
278 1612 368 1645 sicut
402 1610 456 1643 lais
491 1609 581 1643 clam
618 1614 649 1642 et
688 1606 897 1641 exclamatio
924 1605 948 1639 P
983 1609 1071 1652 (non
1099 1615 1185 1640 vere
1226 1605 1270 1639 de
1305 1605 1431 1640 codice
1469 1604 1494 1638 P
1519 1603 1672 1639 rettullit

169 1659 365 1704 menius),
407 1660 496 1692 sicut
531 1657 585 1691 his
619 1657 686 1702 (bis
741 1657 776 1689 in
814 1654 972 1689 Bekkeri
1017 1653 1175 1688 editione
1211 1655 1338 1688 vitium
1373 1653 1671 1700 typographio-um

166 1708 327 1755 videtur)
365 1714 422 1742 cta
451 1712 482 1740 et
508 1705 718 1741 exclamatio
744 1703 795 1747 F,
832 1702 1034 1748 quibusdam
1062 1702 1271 1737 exclamatio
1300 1703 1493 1738 Rhenanus
1526 1706 1562 1737 et
1587 1701 1671 1738 vul-

126 1790 135 1799 ,
169 1767 228 1803 go.
330 1757 386 1792 10.
414 1762 540 1791 temere
567 1754 649 1788 FP:
678 1753 832 1788 correxit
857 1752 1008 1797 Lipsius.

168 1935 239 1958 non
268 1925 429 1958 Senecae
456 1923 565 1957 frater
591 1926 807 1956 memoratus
843 1921 885 1955 ab

170 1972 239 2006 hoc
264 1978 387 2006 nostro
419 1972 482 2006 XV
509 1973 566 2006 73.
595 1971 708 2004 Patris
728 1971 885 2004 mentio-

169 2031 251 2053 nem
278 2021 366 2053 fecit
396 2019 441 2052 Vl
470 2021 504 2053 3.
535 2019 776 2060 Quintilianus
806 2018 850 2051 ΙΙΙ
869 2021 884 2052 1

170 2070 236 2103 21:
263 2069 403 2112 scripsit
431 2068 471 2100 de
507 2067 626 2100 eadem
654 2067 804 2099 materia
823 2066 886 2110 (de

173 2121 249 2149 arte
265 2115 427 2160 dicendi)
446 2127 517 2148 non
530 2125 648 2160 pauca
665 2115 884 2157 Cornificius,

171 2164 291 2208 aliqua
324 2164 536 2206 Stertinius,
584 2162 748 2196 nonnihil
783 2168 887 2207 pater

171 2212 285 2247 Gallio
295 2224 307 2254 ;
334 2212 381 2246 IX
408 2214 430 2247 2
457 2212 523 2246 91:
559 2211 736 2245 remissius
764 2216 794 2244 et
821 2221 886 2256 pro

169 2272 230 2295 suo
268 2261 410 2305 ingenio
446 2266 549 2305 pater
595 2259 733 2293 Gallio:
765 2258 885 2300 ‘dm-a,

170 2310 298 2351 anime,
327 2309 440 2342 dura.-
468 2308 551 2342 here
577 2309 706 2352 sortior
730 2308 853 2351 fuisti'.

243 2386 433 2425 temporum
466 2385 666 2413 nostrorum
702 2384 884 2412 oratores:

170 2427 265 2472 quod
294 2429 330 2461 in
360 2427 451 2461 libro
479 2427 715 2461 Perizoniano
731 2426 886 2472 legimus

170 2481 311 2518 atores,
353 2475 422 2509 hoc
449 2481 502 2509 est
530 2482 689 2509 oratores
718 2476 753 2508 in
783 2476 885 2519 prin-

171 2524 267 2567 cipio
314 2524 467 2557 nominis
513 2528 592 2567 post
634 2534 884 2569 praegressum

168 2577 369 2605 nostrorum
400 2576 613 2613 truncatum,
654 2573 730 2604 sive
775 2571 884 2605 celeri

168 2621 462 2664 pronuntiatione
489 2619 627 2663 syllaba
657 2630 697 2651 or
723 2621 884 2662 proxime

169 2674 250 2712 post
278 2680 398 2702 or-um
423 2680 443 2702 a
458 2668 639 2702 scribente
658 2668 788 2700 omissa
806 2669 884 2701 sive

167 2716 288 2751 littera
314 2729 332 2751 ο
362 2719 399 2751 in
426 2717 539 2750 forma
559 2719 696 2750 &atores
726 2718 789 2760 (=
801 2726 884 2749 ora-

166 2769 283 2812 tores)
314 2766 357 2799 ab
383 2764 621 2800 antecedente
647 2775 725 2797 rum
758 2764 885 2798 hausta

168 2818 233 2847 est.
294 2814 412 2859 Vulgo
439 2814 565 2860 legunt
591 2818 729 2846 actores
759 2817 794 2846 et
819 2823 883 2846 ac-

169 2863 306 2905 cipiunt
340 2868 479 2896 actores
507 2872 712 2904 causarum,
749 2860 814 2895 sed
839 2870 881 2894 eo

166 2909 357 2944 intellectu
392 2910 427 2944 id
461 2921 589 2944 nomen
619 2920 738 2955 neque
769 2920 788 2943 a
813 2908 882 2943 Ta-

168 2959 239 2992 cito
276 2969 394 3004 neque
443 2969 463 2993 a
505 2959 635 2994 ceteris
681 2958 881 2992 Latinitatis

955 1921 1163 1955 auctoribus
1177 1920 1319 1954 dicitur.
1337 1918 1422 1953 Nam
1440 1929 1532 1964 quae
1547 1929 1670 1954 exem-

955 1970 1014 2014 pla
1043 1981 1062 2004 a
1085 1968 1302 2003 Forcellinio
1318 1967 1559 2012 proferuntur,
1589 1969 1672 2013 qui-

956 2019 1020 2051 bus
1039 2018 1210 2062 probetur
1228 2023 1367 2051 actores
1382 2016 1559 2051 interdum
1575 2016 1671 2051 idem

955 2066 1077 2100 valere
1113 2065 1205 2110 quod
1245 2071 1426 2104 oratores,
1467 2066 1501 2098 in
1535 2063 1672 2098 duobus

956 2113 1128 2148 habemus
1163 2119 1300 2147 actores
1343 2123 1552 2155 causarum,
1599 2123 1671 2146 non

955 2162 1167 2206 simpliciter
1193 2168 1343 2202 actores,
1371 2161 1406 2193 in
1428 2161 1533 2194 tertio
1551 2165 1670 2195 autem

957 2222 1001 2244 ex
1022 2210 1243 2252 Quintiliano
1263 2209 1327 2254 (vl
1347 2210 1360 2241 1
1382 2209 1451 2243 32:
1479 2209 1671 2253 quae'enim

957 2264 1006 2293 est
1046 2260 1177 2292 actoris
1210 2259 1386 2303 infantia)
1423 2256 1533 2291 allato
1571 2263 1671 2292 actor

956 2317 1027 2340 non
1066 2311 1121 2341 est
1154 2313 1276 2340 orator
1307 2305 1369 2340 sed
1403 2311 1591 2340 accusator
1629 2305 1671 2351 (ὁ

957 2355 1140 2402 διώκων).

1003 2427 1230 2460 histrionales
1257 2426 1374 2460 modos
1390 2427 1557 2472 intellige
1583 2436 1669 2460 can-

954 2476 1024 2508 tica
1042 2475 1085 2508 ab
1109 2475 1342 2508 histrionibus
1357 2474 1537 2509 decantari
1551 2474 1668 2508 solita.

954 2522 1010 2556 llli
1040 2527 1157 2556 autem
1185 2523 1279 2556 modi
1308 2533 1411 2567 quam
1446 2523 1600 2557 licenter
1635 2528 1670 2556 et

955 2571 1158 2606 effeminate
1185 2576 1414 2605 cantarentur
1429 2572 1669 2605 conveniente

954 2619 996 2652 ad
1026 2624 1167 2653 cantum
1194 2620 1349 2663 actione,
1379 2619 1563 2654 luculente
1585 2620 1669 2664 pin-

954 2669 1006 2700 xit
1032 2668 1174 2703 Persius
1200 2667 1214 2701 1
1243 2667 1289 2703 98
1305 2679 1316 2701 .·

1002 2717 1175 2759 Quidnam
1189 2717 1297 2761 igitur
1330 2721 1486 2749 tenerum
1525 2720 1556 2749 et
1583 2715 1670 2749 laxa

1225 2765 1360 2797 cervice
1386 2763 1599 2808 leyendum?

999 2813 1127 2847 ‘Torva
1188 2812 1426 2846 Mimalloneis
1479 2811 1668 2857 implerunt

1227 2871 1364 2894 cornua
1391 2860 1531 2902 bombis,

1001 2909 1049 2943 Et
1075 2915 1214 2956 raptum
1241 2908 1348 2943 viculo
1377 2914 1482 2955 caput
1502 2907 1667 2943 ablatura

1224 2957 1369 3004 superbo
