1768 3216
696 280 705 286 N
755 230 843 267 Gn.
869 229 979 268 8-9.
1564 226 1613 264 21

116 361 244 394 eausa
274 355 316 393 et
345 351 468 405 origo
498 349 725 405 peregrino
756 360 909 400 sacre,
952 360 1097 402 pamm
1136 346 1345 400 comperi,
1386 345 1470 388 nisi
1499 344 1613 400 quod

115 427 281 482 signum
312 426 445 480 ipsum
475 426 517 466 in
548 424 717 466 modum
746 424 938 465 liburnae
971 423 1191 477 figuratum
1221 421 1348 462 docet
1391 419 1611 463 advectam

113 501 377 557 religionem.
439 499 631 541 Ceterum
663 511 742 541 nec
774 498 973 540 cohihere
1003 497 1232 551 parietibus
1263 496 1367 537 deos
1397 507 1534 548 neque
1571 494 1617 535 in

113 575 239 618 ullam
268 575 438 617 humani
468 575 555 616 oris
586 574 772 628 speciem
803 572 1042 615 adsimilare
1070 585 1124 613 ex
1161 569 1447 625 magnitudine
1467 569 1614 611 caele-

114 650 237 692 stium
266 650 533 691 arbitrantur.

594 649 730 690 Lucos
759 661 809 690 ac
839 659 1012 689 nemora
1045 649 1320 697 consecrant,
1357 644 1649 698 deorumque⁵

249 813 285 848 4.
312 810 522 846 assimulare
548 810 585 845 P.
614 809 814 844 Ruodolfus
841 819 872 842 c.
899 808 946 841 2:
974 807 1055 841 deos
1085 817 1165 840 suos
1197 816 1308 850 neque
1334 803 1470 850 templis
1495 802 1616 838 incla-

115 862 200 897 dere
222 872 334 906 neque
359 860 454 894 ullae
480 861 571 906 (sic)
601 859 748 893 humani
771 858 844 891 oris
868 857 999 903 speciei
1025 853 1231 889 adsimilare
1260 858 1329 887 cet.

114 910 141 945 Ρ
168 915 205 945 et
228 911 283 944 sic
308 909 459 955 ubique.

116 1039 279 1074 humanis
323 1046 411 1082 quas
452 1035 558 1070 Gothi
607 1033 828 1068 sacraverint

114 1087 240 1130 Marti,
267 1084 463 1120 Iornandes
489 1095 520 1118 c.
550 1084 584 1118 5.
637 1082 826 1116 Grimmius

115 1136 217 1172 Marti
240 1132 671 1169 substituit'l'heodiscum
697 1141 829 1164 numen

118 1185 187 1219 zia
200 1185 328 1231 (Ata):
342 1182 424 1216 aliis
444 1186 500 1216 est
513 1179 711 1225 Thysda9r3
737 1189 830 1224 quae

115 1243 174 1268 res
198 1231 306 1279 plane
330 1232 480 1265 ineerta.
541 1229 718 1262 Concessa
745 1227 830 1260 ani-

119 1281 231 1316 malia
255 1281 376 1326 posuit
407 1278 606 1323 respiciens
640 1276 734 1310 diras
761 1275 830 1308 ho-

117 1331 206 1366 stias
253 1334 290 1364 et
329 1330 502 1362 immanes
541 1325 648 1359 modo
688 1324 830 1367 dictas,

118 1379 213 1413 uude
255 1388 423 1412 concessa
462 1379 557 1409 *sunt
600 1373 830 1408 humanitatis

118 1427 204 1474 lege
228 1427 414 1471 permissa.
443 1423 603 1458 Obscure
622 1422 830 1466 loquentem

118 1475 278 1510 Tacitum
315 1473 402 1508 facit
456 1472 644 1507 Grimmius
679 1469 829 1514 mythol.

118 1523 254 1559 Theod.
280 1522 336 1557 t.1
363 1533 398 1566 p.
417 1521 465 1556 40
491 1520 546 1554 ed.
576 1522 618 1555 2:
643 1519 716 1552 ‘das
743 1529 831 1552 con-

119 1584 253 1608 cessum
276 1571 375 1605 steht
398 1569 451 1603 als
477 1579 618 1603 sacrum
645 1567 723 1600 dem
744 1578 832 1612 pro..

118 1624 244 1667 [anum
268 1624 471 1665 entgegen‚
505 1617 577 1650 und
608 1626 675 1648 nur
707 1614 832 1648 solche

119 1670 249 1704 Thiere
269 1669 439 1714 eigneten
455 1665 547 1708 sich,
567 1664 677 1698 deren
687 1662 832 1697 Fleisch

120 1728 192 1753 von
219 1717 288 1752 den
314 1714 510 1750 menschen
535 1723 716 1759 gegessen
734 1721 834 1746 wer-

122 1767 191 1801 den
218 1764 377 1799 konntc’.

191 1836 340 1882 placant
356 1836 403 1880 [el
422 1832 623 1879 Herculem]
634 1843 647 1864 .·
664 1829 748 1876 quid
763 1829 832 1863 hoc

123 1885 209 1920 est?
233 1883 456 1919 Num'l'acito
468 1880 640 1917 Hercules
668 1884 722 1913 est
748 1878 836 1912 deus

123 1932 407 1969 Germanorum?
432 1930 509 1965 Non
531 1934 598 1973 est,
621 1928 684 1962 sed
702 1929 836 1973 primas

121 1984 267 2027 sortiunt
287 1982 456 2023 virorum,
483 1984 522 2013 ut
545 1990 574 2012 c.
603 1978 626 2012 3
651 1975 837 2011 luculente

123 2031 303 2065 traditum.
331 2029 424 2063 Hinc
448 2027 539 2062 silva
564 2025 712 2060 Herculi
731 2034 840 2058 sacra

122 2083 340 2114 memoratur
376 2076 407 2123 Π
439 2078 495 2119 12,
523 2080 559 2110 et
585 2075 621 2108 in
649 2072 838 2108 Germania

125 2140 156 2163 c.
195 2127 246 2164 34
281 2127 327 2161 de
368 2125 544 2160 columnis
585 2124 663 2157 eius
702 2122 837 2155 mentio

123 2177 259 2212 iniecta
285 2180 352 2218 est,
378 2174 443 2208 sed
466 2172 550 2207 inde
576 2170 668 2205 nihil
707 2179 839 2204 conse-

125 2226 245 2270 quitur
277 2224 347 2258 nisi
382 2223 495 2256 fuisse
530 2221 664 2261 heroa,
698 2218 839 2263 qualem

127 2285 158 2307 c.
184 2275 207 2308 3
231 2271 373 2305 Tacitus
411 2268 613 2313 descripsit.
664 2266 735 2300 Sed
770 2267 840 2299 iam

127 2322 206 2366 ipse
231 2319 500 2364 antiquissimus
534 2316 648 2350 codex
684 2313 842 2347 ostendit

129 2375 161 2403 et
188 2367 374 2403 Herculem
405 2365 561 2411 glossam
598 2373 700 2405 esse,
733 2372 755 2394 a
780 2371 842 2394 se-

128 2417 285 2452 midocto
312 2420 349 2450 et
373 2414 521 2458 antiquo
556 2412 693 2446 lectore
731 2419 775 2443 ex
809 2419 840 2442 c.

128 2467 152 2501 3
185 2466 356 2510 petitam:
398 2473 479 2496 nam
515 2464 597 2506 post
629 2459 772 2503 plenam
807 2461 843 2491 et

129 2513 330 2549 absolutam
354 2510 571 2546 sententiam
608 2507 699 2542 haec
731 2505 843 2540 verba

130 2562 284 2597 moleste
309 2559 531 2595 succedunt:
578 2558 614 2590 in
646 2555 759 2601 vulgo
794 2553 843 2587 li-

130 2611 274 2645 brorum
310 2610 359 2643 ita
399 2605 653 2651 interpolatum
689 2608 768 2645 est,
806 2606 845 2634 ut

131 2663 307 2693 structura
320 2656 511 2691 verborum
532 2654 624 2688 bene
640 2662 679 2686 se
702 2650 843 2692 habeat,

133 2712 255 2742 cetera
281 2705 433 2740 offensio
464 2707 617 2737 maneat.

206 2788 293 2823 pars
318 2776 511 2809 Succorum
549 2776 581 2804 et
609 2769 696 2804 Isidi
726 2768 844 2802 saeri-

131 2827 236 2870 fieut:
261 2823 345 2858 lsidi
371 2821 466 2867 apud
493 2821 670 2855 Romanos
690 2816 749 2851 111.
775 2826 844 2849 no-

135 2884 199 2908 nas
227 2873 395 2914 martin,
423 2880 501 2904 curn
527 2867 645 2902 soluta
673 2869 728 2900 est
752 2864 844 2898 acris

136 2922 264 2964 hiems,
290 2920 475 2966 navigium
501 2915 743 2955 offerebatur,
775 2913 846 2946 ritu

135 2970 384 3018 Aegyptiaco,
424 2971 461 3001 ut
500 2963 647 3000 credere
682 2961 770 2996 licet
808 2961 845 2994 in

1416 851 1617 887 coelestium

898 1031 1044 1064 numine
1079 1030 1299 1075 peregrino,
1342 1033 1379 1062 et
1421 1027 1499 1062 dies
1530 1022 1618 1073 'ipse

898 1080 1078 1125 navigium
1123 1079 1239 1112 Isidis
1280 1078 1404 1111 vocari
1453 1076 1617 1121 solebat;

898 1128 1105 1162 Lactantius
1130 1126 1246 1160 Instit.
1273 1125 1289 1159 l
1315 1126 1374 1161 27.
1427 1124 1617 1160 Kalendar.

898 1178 1008 1222 antiq.
1047 1186 1103 1220 ap.
1131 1174 1306 1210 Orellium
1341 1173 1507 1217 Inscript.
1534 1174 1615 1208 Lat.

899 1230 924 1259 t.
941 1225 972 1259 11
1000 1224 1132 1268 p.380.
1160 1223 1350 1258 Grimmius
1376 1222 1401 1256 Ι.
1429 1233 1460 1256 c.
1488 1227 1573 1257 tom.
1599 1222 1617 1256 1

899 1284 935 1318 p.
961 1272 1033 1308 236
1059 1271 1115 1306 ed.
1139 1273 1172 1307 2.
1211 1270 1398 1304 Eiusmodi
1426 1272 1614 1317 navigium

900 1333 979 1356 cum
1008 1321 1116 1355 etiam
1141 1319 1235 1364 apud
1257 1319 1451 1353 Germanos
1478 1320 1617 1353 numini

899 1371 1088 1404 offerretur
1114 1372 1165 1415 (c.
1185 1369 1264 1413 40),
1293 1367 1376 1400 hinc
1401 1366 1533 1401 Isidem
1560 1367 1614 1400 ibi

901 1418 972 1452 coli
1009 1417 1159 1452 Romani
1194 1414 1437 1450 crediderunt.
1496 1415 1615 1449 Theo-

900 1467 1038 1501 discum
1079 1465 1169 1499 deae
1201 1474 1333 1497 nomen
1360 1463 1477 1515 KQ
1502 1463 1615 1497 fuisse

901 1516 1089 1550 Grimmius
1126 1514 1329 1557 suspicatus
1371 1516 1451 1554 est,
1494 1511 1556 1546 sed
1593 1522 1615 1545 a

900 1573 989 1598 vero
1014 1563 1205 1597 aberravit.
1254 1559 1343 1594 Nam
1365 1571 1454 1604 pars
1478 1560 1611 1593 Suevo-

902 1624 980 1646 rum
996 1638 1006 1654 ‚
1042 1610 1086 1644 de
1113 1620 1182 1654 qua
1207 1619 1302 1642 nunc
1328 1607 1468 1641 Tacitus
1495 1607 1619 1653 loqui-

902 1666 971 1703 tur,
1000 1663 1083 1693 sunt
1110 1657 1311 1701 Reudinqi‚
1338 1655 1512 1698 Aviones,
1538 1655 1619 1690 An-

901 1709 976 1755 qli,
1014 1707 1156 1748 Varini,
1193 1705 1376 1747 Eudoses,
1403 1704 1619 1746 Saardones,

912 1757 1088 1797 muliones,
1114 1755 1174 1799 qui
1200 1755 1239 1787 in
1263 1763 1442 1786 commune
1454 1752 1618 1795 Erebum,

903 1806 941 1839 id
971 1810 1020 1839 est
1048 1804 1192 1837 Terram
1219 1807 1388 1842 matrem,
1418 1800 1537 1834 colunt
1567 1806 1617 1846 (c.

903 1854 985 1900 40).
1036 1853 1103 1886 Pro
1129 1850 1277 1896 navigio
1307 1861 1338 1883 c.
1366 1847 1415 1884 40
1441 1858 1620 1882 memora-

906 1907 962 1935 tur
993 1899 1214 1941 vehiculum,
1251 1897 1315 1932 sed
1352 1901 1406 1931 est
1435 1898 1620 1942 navigium

906 1950 993 1984 rotis
1018 1950 1244 1982 instructum.
1269 1945 1389 1980 Ertha
1412 1946 1522 1990 igitur
1550 1956 1620 1979 ve-

905 2010 983 2032 rum
1024 2007 1157 2031 nomen
1194 1994 1292 2031 ⁴deae
1308 1990 1432 2038 &pud
1482 1993 1621 2028 Suevos

906 2046 1012 2081 modo
1030 2048 1269 2085 enumeratos,
1298 2046 1334 2075 et
1358 2041 1449 2075 haec
1472 2041 1621 2086 perinde

908 2101 1015 2141 atque
1039 2094 1105 2128 Isis
1125 2092 1353 2138 Aegyptiaca
1375 2089 1483 2124 Terra
1507 2094 1623 2124 mater

908 2146 987 2178 sive
1007 2142 1079 2187 Ops
1108 2146 1145 2176 et
1160 2140 1281 2175 Tellus
1306 2138 1514 2172 Latinorum
1538 2138 1621 2172 fuit.

981 2249 1047 2271 nec
1088 2237 1249 2271 cohibere
1286 2255 1333 2260 ——
1371 2234 1621 2267 arbitrantur:

911 2287 957 2320 cf.
986 2286 1025 2319 Η;
1064 2284 1094 2318 11
1122 2283 1168 2318 78
1190 2295 1201 2316 .·
1239 2288 1289 2316 est
1324 2281 1494 2315 Iudaeam
1528 2282 1623 2314 inter

910 2335 1118 2378 Syriamque
1144 2329 1353 2365 Carmelus:
1397 2330 1449 2362 ita
1491 2334 1620 2362 vocant

910 2387 1060 2415 montem
1086 2380 1262 2423 deumque.
1300 2377 1375 2411 Nec
1397 2376 1624 2411 simulacrum

912 2430 974 2463 deo
1023 2435 1084 2463 aut
1125 2426 1309 2472 templium
1357 2426 1410 2460 sic
1444 2424 1623 2461 tradidere

911 2479 1084 2520 maiores,
1109 2487 1213 2510 aram
1240 2480 1374 2508 tantum
1398 2478 1430 2507 et
1455 2484 1624 2507 reveren-

912 2528 1022 2569 tiam‚·
1060 2525 1101 2560 Η.
1134 2525 1163 2558 V
1189 2525 1234 2558 5:
1263 2522 1389 2557 Iudaei
1411 2527 1523 2555 mente
1548 2520 1625 2555 sola

911 2585 1083 2619 anumque
1110 2583 1238 2607 numen
1262 2570 1478 2616 intellequnt.

985 2671 1082 2705 lucos
1118 2681 1162 2703 ac
1194 2678 1340 2702 nemora
1382 2665 1515 2712 (Haine
1553 2663 1627 2696 and

916 2719 1098 2763 Geho'lze).·
1144 2718 1217 2751 luci
1244 2719 1326 2749 sunt
1360 2722 1506 2746 nemora
1548 2710 1625 2744 deis

915 2770 1136 2802 consecrata.
1195 2763 1351 2806 Utraque
1377 2760 1493 2793 iunxit
1519 2759 1625 2792 etiam

915 2816 955 2850 Ο.
982 2815 1005 2850 9
1031 2819 1066 2847 et
1094 2814 1147 2847 12.
1200 2808 1384 2845 Eiusmodi
1417 2807 1519 2841 lucus
1557 2805 1626 2840 suit

920 2863 1110 2905 Tamfanae
1146 2858 1306 2903 templum
1351 2855 1444 2901 apud
1486 2854 1620 2889 Marsos

914 2910 945 2956 (1
972 2911 1061 2954 51),
1099 2907 1337 2942 Baduhennae
1370 2901 1464 2948 apud
1488 2902 1624 2938 Frisios
