<?xml version="1.0" encoding="UTF-8"?>
<!DOCTYPE html PUBLIC "-//W3C//DTD XHTML 1.0 Transitional//EN"
    "http://www.w3.org/TR/xhtml1/DTD/xhtml1-transitional.dtd">
<html xmlns="http://www.w3.org/1999/xhtml" xml:lang="en" lang="en">
 <head>
  <title>
</title>
<meta http-equiv="Content-Type" content="text/html;charset=utf-8" />
  <meta name='ocr-system' content='tesseract 3.04.00' />
  <meta name='ocr-capabilities' content='ocr_page ocr_carea ocr_par ocr_line ocrx_word'/>
</head>
<body>
  <div class='ocr_page' id='page_1' title='image "./operaadcodicesan03taciuoft/operaadcodicesan03taciuoft_0548.png"; bbox 0 0 1768 3216; ppageno 0'>
   <div class='ocr_carea' id='block_1_1' title="bbox 171 220 241 256">
    <p class='ocr_par' dir='ltr' id='par_1_1' title="bbox 171 220 241 256">
     <span class='ocr_line' id='line_1_1' title="bbox 171 220 241 256; baseline 0 0"><span class='ocrx_word' id='word_1_1' title='bbox 171 220 241 256; x_wconf 82' lang='lat'>106</span> 
     </span>
    </p>
   </div>
   <div class='ocr_carea' id='block_1_2' title="bbox 781 213 1042 266">
    <p class='ocr_par' dir='ltr' id='par_1_2' title="bbox 781 213 1042 266">
     <span class='ocr_line' id='line_1_2' title="bbox 781 213 1042 266; baseline -0.011 -15"><span class='ocrx_word' id='word_1_2' title='bbox 781 213 1042 266; x_wconf 58' lang='lat' dir='ltr'><strong>AGRIQOLAE</strong></span> 
     </span>
    </p>
   </div>
   <div class='ocr_carea' id='block_1_3' title="bbox 162 332 1659 617">
    <p class='ocr_par' dir='ltr' id='par_1_3' title="bbox 162 332 1659 617">
     <span class='ocr_line' id='line_1_3' title="bbox 164 332 1659 394; baseline -0.002 -14"><span class='ocrx_word' id='word_1_3' title='bbox 164 338 305 394; x_wconf 88' lang='lat' dir='ltr'>Gignit</span> <span class='ocrx_word' id='word_1_4' title='bbox 334 342 374 379; x_wconf 86' lang='lat' dir='ltr'>ct</span> <span class='ocrx_word' id='word_1_5' title='bbox 402 336 592 378; x_wconf 84' lang='lat' dir='ltr'>Oceanus</span> <span class='ocrx_word' id='word_1_6' title='bbox 626 334 849 390; x_wconf 85' lang='lat' dir='ltr'>margarita</span> <span class='ocrx_word' id='word_1_7' title='bbox 881 334 955 376; x_wconf 88' lang='lat' dir='ltr'>sed</span> <span class='ocrx_word' id='word_1_8' title='bbox 975 332 1158 376; x_wconf 83' lang='lat' dir='ltr'>suffusca</span> <span class='ocrx_word' id='word_1_9' title='bbox 1180 346 1229 376; x_wconf 90' lang='lat' dir='ltr'>ac</span> <span class='ocrx_word' id='word_1_10' title='bbox 1254 333 1438 379; x_wconf 79' lang='lat' dir='ltr'>Hventia.</span> <span class='ocrx_word' id='word_1_11' title='bbox 1484 333 1659 385; x_wconf 77' lang='lat' dir='ltr'><strong>Quidam</strong></span> 
     </span>
     <span class='ocr_line' id='line_1_4' title="bbox 163 410 1658 465; baseline -0.001 -10"><span class='ocrx_word' id='word_1_12' title='bbox 163 418 291 456; x_wconf 87' lang='lat' dir='ltr'>artem</span> <span class='ocrx_word' id='word_1_13' title='bbox 323 413 470 453; x_wconf 86' lang='lat' dir='ltr'>abesse</span> <span class='ocrx_word' id='word_1_14' title='bbox 494 411 729 465; x_wconf 87' lang='lat' dir='ltr'>legentibus</span> <span class='ocrx_word' id='word_1_15' title='bbox 761 411 1033 452; x_wconf 71' lang='lat' dir='ltr'>arbitrantur:</span> <span class='ocrx_word' id='word_1_16' title='bbox 1066 423 1162 453; x_wconf 85' lang='lat' dir='ltr'>nam</span> <span class='ocrx_word' id='word_1_17' title='bbox 1194 411 1237 451; x_wconf 90' lang='lat' dir='ltr'>in</span> <span class='ocrx_word' id='word_1_18' title='bbox 1266 410 1393 452; x_wconf 88' lang='lat' dir='ltr'>rubro</span> <span class='ocrx_word' id='word_1_19' title='bbox 1429 411 1534 452; x_wconf 86' lang='lat' dir='ltr'>mari</span> <span class='ocrx_word' id='word_1_20' title='bbox 1563 410 1658 453; x_wconf 65' lang='lat' dir='ltr'>vira</span> 
     </span>
     <span class='ocr_line' id='line_1_5' title="bbox 162 484 1656 541; baseline -0.003 -11"><span class='ocrx_word' id='word_1_21' title='bbox 162 501 211 530; x_wconf 88' lang='lat' dir='ltr'>ae</span> <span class='ocrx_word' id='word_1_22' title='bbox 245 486 443 541; x_wconf 75' lang='lat' dir='ltr'>spirantia</span> <span class='ocrx_word' id='word_1_23' title='bbox 486 486 599 528; x_wconf 84' lang='lat' dir='ltr'>saxis</span> <span class='ocrx_word' id='word_1_24' title='bbox 643 485 789 538; x_wconf 88' lang='lat' dir='ltr'>avelli,</span> <span class='ocrx_word' id='word_1_25' title='bbox 834 486 875 526; x_wconf 90' lang='lat' dir='ltr'>in</span> <span class='ocrx_word' id='word_1_26' title='bbox 914 485 1151 538; x_wconf 70' lang='lat' dir='ltr'>Britannia,</span> <span class='ocrx_word' id='word_1_27' title='bbox 1193 489 1315 539; x_wconf 88' lang='lat' dir='ltr'>prout</span> <span class='ocrx_word' id='word_1_28' title='bbox 1353 484 1523 540; x_wconf 87' lang='lat' dir='ltr'>expulsa</span> <span class='ocrx_word' id='word_1_29' title='bbox 1561 484 1656 538; x_wconf 86' lang='lat' dir='ltr'>sint,</span> 
     </span>
     <span class='ocr_line' id='line_1_6' title="bbox 162 558 1659 617; baseline 0 -15"><span class='ocrx_word' id='word_1_30' title='bbox 162 561 317 617; x_wconf 82' lang='lat' dir='ltr'>colligi.</span> <span class='ocrx_word' id='word_1_31' title='bbox 379 562 468 616; x_wconf 84' lang='lat' dir='ltr'>Ego</span> <span class='ocrx_word' id='word_1_32' title='bbox 501 561 664 603; x_wconf 81' lang='lat' dir='ltr'>facilius</span> <span class='ocrx_word' id='word_1_33' title='bbox 706 561 958 603; x_wconf 78' lang='lat' dir='ltr'>crediderim</span> <span class='ocrx_word' id='word_1_34' title='bbox 1001 564 1190 602; x_wconf 89' lang='lat' dir='ltr'>naturam</span> <span class='ocrx_word' id='word_1_35' title='bbox 1232 559 1470 615; x_wconf 80' lang='lat' dir='ltr'>margaritis</span> <span class='ocrx_word' id='word_1_36' title='bbox 1506 558 1659 602; x_wconf 83' lang='lat' dir='ltr'>deesse</span> 
     </span>
    </p>
   </div>
   <div class='ocr_carea' id='block_1_4' title="bbox 125 636 696 691">
    <p class='ocr_par' dir='ltr' id='par_1_4' title="bbox 125 636 696 691">
     <span class='ocr_line' id='line_1_7' title="bbox 125 636 696 691; baseline -0.009 -9"><span class='ocrx_word' id='word_1_37' title='bbox 125 653 147 683; x_wconf 63' lang='lat' dir='ltr'>⁴a</span> <span class='ocrx_word' id='word_1_38' title='bbox 164 649 283 691; x_wconf 84' lang='lat' dir='ltr'>quam</span> <span class='ocrx_word' id='word_1_39' title='bbox 314 637 435 678; x_wconf 89' lang='lat' dir='ltr'>nobis</span> <span class='ocrx_word' id='word_1_40' title='bbox 468 636 696 678; x_wconf 87' lang='lat' dir='ltr'>avaritiam.</span> 
     </span>
    </p>
   </div>
   <div class='ocr_carea' id='block_1_5' title="bbox 296 708 1728 767">
    <p class='ocr_par' dir='ltr' id='par_1_5' title="bbox 296 708 1728 767">
     <span class='ocr_line' id='line_1_8' title="bbox 296 708 1728 767; baseline -0.002 -14"><span class='ocrx_word' id='word_1_41' title='bbox 296 712 376 767; x_wconf 87' lang='lat' dir='ltr'>Ipsi</span> <span class='ocrx_word' id='word_1_42' title='bbox 425 711 609 752; x_wconf 85' lang='lat' dir='ltr'>Britanni</span> <span class='ocrx_word' id='word_1_43' title='bbox 651 710 855 754; x_wconf 82' lang='lat' dir='ltr'>delectum</span> <span class='ocrx_word' id='word_1_44' title='bbox 898 723 948 752; x_wconf 88' lang='lat' dir='ltr'>ac</span> <span class='ocrx_word' id='word_1_45' title='bbox 987 711 1139 752; x_wconf 84' lang='lat' dir='ltr'>tributa</span> <span class='ocrx_word' id='word_1_46' title='bbox 1180 714 1219 752; x_wconf 85' lang='lat' dir='ltr'>et</span> <span class='ocrx_word' id='word_1_47' title='bbox 1265 709 1448 751; x_wconf 89' lang='lat' dir='ltr'>iniuncta</span> <span class='ocrx_word' id='word_1_48' title='bbox 1497 708 1728 763; x_wconf 81' lang='lat' dir='ltr'>imperii13</span> 
     </span>
    </p>
   </div>
   <div class='ocr_carea' id='block_1_6' title="bbox 160 783 1656 847">
    <p class='ocr_par' dir='ltr' id='par_1_6' title="bbox 160 783 1656 847">
     <span class='ocr_line' id='line_1_9' title="bbox 160 783 1656 847; baseline -0.001 -20"><span class='ocrx_word' id='word_1_49' title='bbox 160 798 331 828; x_wconf 88' lang='lat' dir='ltr'>munera</span> <span class='ocrx_word' id='word_1_50' title='bbox 362 787 536 841; x_wconf 84' lang='lat' dir='ltr'>impigre</span> <span class='ocrx_word' id='word_1_51' title='bbox 570 786 737 839; x_wconf 85' lang='lat' dir='ltr'>obeunt,</span> <span class='ocrx_word' id='word_1_52' title='bbox 769 787 805 827; x_wconf 90' lang='lat' dir='ltr'>si</span> <span class='ocrx_word' id='word_1_53' title='bbox 835 785 1012 827; x_wconf 85' lang='lat' dir='ltr'>iniuriae</span> <span class='ocrx_word' id='word_1_54' title='bbox 1033 785 1188 827; x_wconf 89' lang='lat' dir='ltr'>absint:</span> <span class='ocrx_word' id='word_1_55' title='bbox 1219 784 1294 826; x_wconf 90' lang='lat' dir='ltr'>has</span> <span class='ocrx_word' id='word_1_56' title='bbox 1315 796 1445 839; x_wconf 81' lang='lat' dir='ltr'>aegre</span> <span class='ocrx_word' id='word_1_57' title='bbox 1464 783 1656 847; x_wconf 80' lang='lat' dir='ltr'>tolerant,</span> 
     </span>
    </p>
   </div>
   <div class='ocr_carea' id='block_1_7' title="bbox 162 860 1264 914">
    <p class='ocr_par' dir='ltr' id='par_1_7' title="bbox 162 860 1264 914">
     <span class='ocr_line' id='line_1_10' title="bbox 162 860 1264 914; baseline -0.002 -11"><span class='ocrx_word' id='word_1_58' title='bbox 162 862 243 903; x_wconf 84' lang='lat' dir='ltr'>iam</span> <span class='ocrx_word' id='word_1_59' title='bbox 276 861 419 902; x_wconf 91' lang='lat' dir='ltr'>domiti</span> <span class='ocrx_word' id='word_1_60' title='bbox 450 865 493 902; x_wconf 88' lang='lat' dir='ltr'>ut</span> <span class='ocrx_word' id='word_1_61' title='bbox 519 865 715 914; x_wconf 86' lang='lat' dir='ltr'>pareant,</span> <span class='ocrx_word' id='word_1_62' title='bbox 761 861 943 902; x_wconf 91' lang='lat' dir='ltr'>nondum</span> <span class='ocrx_word' id='word_1_63' title='bbox 985 865 1028 902; x_wconf 90' lang='lat' dir='ltr'>ut</span> <span class='ocrx_word' id='word_1_64' title='bbox 1067 860 1264 902; x_wconf 83' lang='lat' dir='ltr'>serviant.</span> 
     </span>
    </p>
   </div>
   <div class='ocr_carea' id='block_1_8' title="bbox 1336 858 1658 915">
    <p class='ocr_par' dir='ltr' id='par_1_8' title="bbox 1336 858 1658 915">
     <span class='ocr_line' id='line_1_11' title="bbox 1336 858 1658 915; baseline -0.006 -14"><span class='ocrx_word' id='word_1_65' title='bbox 1336 860 1466 915; x_wconf 86' lang='lat' dir='ltr'>Igitur</span> <span class='ocrx_word' id='word_1_66' title='bbox 1503 858 1658 913; x_wconf 89' lang='lat' dir='ltr'>primus</span> 
     </span>
    </p>
   </div>
   <div class='ocr_carea' id='block_1_9' title="bbox 112 933 1660 1142">
    <p class='ocr_par' dir='ltr' id='par_1_9' title="bbox 112 933 1660 1142">
     <span class='ocr_line' id='line_1_12' title="bbox 163 933 1659 978; baseline -0.002 -1"><span class='ocrx_word' id='word_1_67' title='bbox 163 936 342 977; x_wconf 89' lang='lat' dir='ltr'>omnium</span> <span class='ocrx_word' id='word_1_68' title='bbox 382 937 661 978; x_wconf 89' lang='lat' dir='ltr'>Romanorum</span> <span class='ocrx_word' id='word_1_69' title='bbox 710 935 829 977; x_wconf 90' lang='lat' dir='ltr'>divus</span> <span class='ocrx_word' id='word_1_70' title='bbox 872 935 996 977; x_wconf 89' lang='lat' dir='ltr'>lulius</span> <span class='ocrx_word' id='word_1_71' title='bbox 1041 948 1133 977; x_wconf 90' lang='lat' dir='ltr'>cum</span> <span class='ocrx_word' id='word_1_72' title='bbox 1174 934 1361 976; x_wconf 89' lang='lat' dir='ltr'>exercitu</span> <span class='ocrx_word' id='word_1_73' title='bbox 1404 933 1659 975; x_wconf 82' lang='lat' dir='ltr'>Britanniam</span> 
     </span>
     <span class='ocr_line' id='line_1_13' title="bbox 112 1007 1659 1067; baseline -0.005 -12"><span class='ocrx_word' id='word_1_74' title='bbox 112 1014 151 1046; x_wconf 85' lang='lat'>¹⁰</span> <span class='ocrx_word' id='word_1_75' title='bbox 164 1011 394 1067; x_wconf 86' lang='lat' dir='ltr'>ingressus,</span> <span class='ocrx_word' id='word_1_76' title='bbox 428 1023 673 1065; x_wconf 87' lang='lat' dir='ltr'>quamquam</span> <span class='ocrx_word' id='word_1_77' title='bbox 704 1022 904 1065; x_wconf 83' lang='lat' dir='ltr'>prospera</span> <span class='ocrx_word' id='word_1_78' title='bbox 935 1023 1072 1066; x_wconf 84' lang='lat' dir='ltr'>pugna</span> <span class='ocrx_word' id='word_1_79' title='bbox 1099 1009 1294 1052; x_wconf 86' lang='lat' dir='ltr'>terruerit</span> <span class='ocrx_word' id='word_1_80' title='bbox 1324 1008 1483 1051; x_wconf 89' lang='lat' dir='ltr'>incolas</span> <span class='ocrx_word' id='word_1_81' title='bbox 1516 1020 1565 1050; x_wconf 84' lang='lat' dir='ltr'>ac</span> <span class='ocrx_word' id='word_1_82' title='bbox 1605 1007 1659 1049; x_wconf 90' lang='lat' dir='ltr'>li-</span> 
     </span>
     <span class='ocr_line' id='line_1_14' title="bbox 161 1082 1660 1142; baseline -0.001 -14"><span class='ocrx_word' id='word_1_83' title='bbox 161 1090 261 1140; x_wconf 48' lang='lat' dir='ltr'>tore,</span> <span class='ocrx_word' id='word_1_84' title='bbox 278 1087 430 1142; x_wconf 86' lang='lat' dir='ltr'>potitus</span> <span class='ocrx_word' id='word_1_85' title='bbox 462 1088 538 1139; x_wconf 88' lang='lat' dir='ltr'>sit,</span> <span class='ocrx_word' id='word_1_86' title='bbox 581 1090 717 1140; x_wconf 86' lang='lat' dir='ltr'>potest</span> <span class='ocrx_word' id='word_1_87' title='bbox 745 1085 881 1127; x_wconf 89' lang='lat' dir='ltr'>videri</span> <span class='ocrx_word' id='word_1_88' title='bbox 914 1085 1152 1128; x_wconf 88' lang='lat' dir='ltr'>ostendisse</span> <span class='ocrx_word' id='word_1_89' title='bbox 1182 1084 1378 1139; x_wconf 86' lang='lat' dir='ltr'>posteris,</span> <span class='ocrx_word' id='word_1_90' title='bbox 1411 1095 1496 1126; x_wconf 90' lang='lat' dir='ltr'>non</span> <span class='ocrx_word' id='word_1_91' title='bbox 1525 1082 1660 1126; x_wconf 87' lang='lat' dir='ltr'>tradi-</span> 
     </span>
    </p>
   </div>
   <div class='ocr_carea' id='block_1_10' title="bbox 261 1236 683 1282">
    <p class='ocr_par' dir='ltr' id='par_1_10' title="bbox 261 1236 683 1282">
     <span class='ocr_line' id='line_1_15' title="bbox 261 1236 683 1282; baseline 0.002 -13"><span class='ocrx_word' id='word_1_92' title='bbox 261 1236 290 1269; x_wconf 92' lang='lat'>1.</span> <span class='ocrx_word' id='word_1_93' title='bbox 318 1236 450 1282; x_wconf 81' lang='lat' dir='ltr'>suffusa</span> <span class='ocrx_word' id='word_1_94' title='bbox 477 1237 519 1277; x_wconf 73' lang='lat' dir='ltr'>A,</span> <span class='ocrx_word' id='word_1_95' title='bbox 548 1244 616 1268; x_wconf 91' lang='lat' dir='ltr'>non</span> <span class='ocrx_word' id='word_1_96' title='bbox 646 1237 683 1272; x_wconf 87' lang='grc' dir='ltr'>Γ,</span> 
     </span>
    </p>
   </div>
   <div class='ocr_carea' id='block_1_11' title="bbox 158 1363 877 1945">
    <p class='ocr_par' dir='ltr' id='par_1_11' title="bbox 158 1363 877 1945">
     <span class='ocr_line' id='line_1_16' title="bbox 158 1363 875 1409; baseline 0.001 -12"><span class='ocrx_word' id='word_1_97' title='bbox 158 1363 195 1397; x_wconf 89' lang='lat' dir='ltr'>in</span> <span class='ocrx_word' id='word_1_98' title='bbox 229 1363 412 1397; x_wconf 85' lang='lat' dir='ltr'>Britannia</span> <span class='ocrx_word' id='word_1_99' title='bbox 450 1364 643 1409; x_wconf 85' lang='lat' dir='ltr'>cognovit,</span> <span class='ocrx_word' id='word_1_100' title='bbox 680 1373 803 1397; x_wconf 85' lang='lat' dir='ltr'>aurum</span> <span class='ocrx_word' id='word_1_101' title='bbox 840 1368 875 1398; x_wconf 86' lang='lat' dir='ltr'>et</span> 
     </span>
     <span class='ocr_line' id='line_1_17' title="bbox 159 1411 873 1458; baseline -0.001 -11"><span class='ocrx_word' id='word_1_102' title='bbox 159 1416 346 1458; x_wconf 83' lang='lat' dir='ltr'>argentum</span> <span class='ocrx_word' id='word_1_103' title='bbox 373 1411 497 1447; x_wconf 87' lang='lat' dir='ltr'>Strabo</span> <span class='ocrx_word' id='word_1_104' title='bbox 525 1411 573 1446; x_wconf 91' lang='lat' dir='ltr'>1v</span> <span class='ocrx_word' id='word_1_105' title='bbox 601 1413 622 1447; x_wconf 87' lang='grc'><em>5</em></span> <span class='ocrx_word' id='word_1_106' title='bbox 651 1414 686 1448; x_wconf 85' lang='lat'>2.</span> <span class='ocrx_word' id='word_1_107' title='bbox 730 1411 873 1446; x_wconf 84' lang='lat' dir='ltr'>Famam</span> 
     </span>
     <span class='ocr_line' id='line_1_18' title="bbox 158 1460 874 1496; baseline -0.001 0"><span class='ocrx_word' id='word_1_108' title='bbox 158 1472 179 1496; x_wconf 89' lang='lat' dir='ltr'>a</span> <span class='ocrx_word' id='word_1_109' title='bbox 204 1460 366 1495; x_wconf 79' lang='lat' dir='ltr'>Caesaris</span> <span class='ocrx_word' id='word_1_110' title='bbox 395 1462 555 1495; x_wconf 82' lang='lat' dir='ltr'>exercitu</span> <span class='ocrx_word' id='word_1_111' title='bbox 587 1462 624 1494; x_wconf 88' lang='lat' dir='ltr'>in</span> <span class='ocrx_word' id='word_1_112' title='bbox 661 1460 784 1495; x_wconf 89' lang='lat' dir='ltr'>urbem</span> <span class='ocrx_word' id='word_1_113' title='bbox 818 1461 874 1495; x_wconf 88' lang='lat' dir='ltr'>la-</span> 
     </span>
     <span class='ocr_line' id='line_1_19' title="bbox 159 1514 872 1556; baseline 0.001 -13"><span class='ocrx_word' id='word_1_114' title='bbox 159 1514 230 1544; x_wconf 85' lang='lat' dir='ltr'>tam</span> <span class='ocrx_word' id='word_1_115' title='bbox 263 1514 408 1544; x_wconf 87' lang='lat' dir='ltr'>secutus</span> <span class='ocrx_word' id='word_1_116' title='bbox 453 1521 575 1544; x_wconf 85' lang='lat' dir='ltr'>aurum</span> <span class='ocrx_word' id='word_1_117' title='bbox 613 1514 649 1544; x_wconf 86' lang='lat' dir='ltr'>et</span> <span class='ocrx_word' id='word_1_118' title='bbox 683 1515 872 1556; x_wconf 85' lang='lat' dir='ltr'>argentum</span> 
     </span>
     <span class='ocr_line' id='line_1_20' title="bbox 158 1557 874 1605; baseline 0 -12"><span class='ocrx_word' id='word_1_119' title='bbox 158 1559 339 1593; x_wconf 87' lang='lat' dir='ltr'>Britannis</span> <span class='ocrx_word' id='word_1_120' title='bbox 366 1558 560 1605; x_wconf 83' lang='lat' dir='ltr'>denegavit</span> <span class='ocrx_word' id='word_1_121' title='bbox 587 1557 714 1593; x_wconf 90' lang='lat' dir='ltr'>Cicero</span> <span class='ocrx_word' id='word_1_122' title='bbox 742 1559 785 1592; x_wconf 91' lang='lat' dir='ltr'>ad</span> <span class='ocrx_word' id='word_1_123' title='bbox 803 1559 874 1593; x_wconf 87' lang='lat' dir='ltr'>Fa-</span> 
     </span>
     <span class='ocr_line' id='line_1_21' title="bbox 160 1607 875 1642; baseline 0.001 -1"><span class='ocrx_word' id='word_1_124' title='bbox 160 1608 233 1642; x_wconf 88' lang='lat' dir='ltr'>mil.</span> <span class='ocrx_word' id='word_1_125' title='bbox 250 1607 314 1641; x_wconf 84' lang='lat' dir='ltr'>vu</span> <span class='ocrx_word' id='word_1_126' title='bbox 341 1608 359 1642; x_wconf 96' lang='lat'><strong>7</strong></span> <span class='ocrx_word' id='word_1_127' title='bbox 379 1618 387 1640; x_wconf 89' lang='lat'>:</span> <span class='ocrx_word' id='word_1_128' title='bbox 414 1608 453 1641; x_wconf 86' lang='lat' dir='ltr'>in</span> <span class='ocrx_word' id='word_1_129' title='bbox 472 1608 663 1642; x_wconf 77' lang='lat' dir='ltr'>Britannia</span> <span class='ocrx_word' id='word_1_130' title='bbox 687 1607 778 1641; x_wconf 76' lang='lat' dir='ltr'>nihil</span> <span class='ocrx_word' id='word_1_131' title='bbox 803 1619 875 1642; x_wconf 87' lang='lat' dir='ltr'>esse</span> 
     </span>
     <span class='ocr_line' id='line_1_22' title="bbox 160 1657 875 1701; baseline -0.001 -11"><span class='ocrx_word' id='word_1_132' title='bbox 160 1657 264 1690; x_wconf 86' lang='lat' dir='ltr'>audio</span> <span class='ocrx_word' id='word_1_133' title='bbox 302 1666 411 1700; x_wconf 84' lang='lat' dir='ltr'>neque</span> <span class='ocrx_word' id='word_1_134' title='bbox 447 1657 529 1690; x_wconf 86' lang='lat' dir='ltr'>auri</span> <span class='ocrx_word' id='word_1_135' title='bbox 565 1667 675 1700; x_wconf 85' lang='lat' dir='ltr'>neque</span> <span class='ocrx_word' id='word_1_136' title='bbox 709 1657 875 1701; x_wconf 67' lang='lat' dir='ltr'>argenti,-</span> 
     </span>
     <span class='ocr_line' id='line_1_23' title="bbox 161 1704 876 1747; baseline -0.001 -8"><span class='ocrx_word' id='word_1_137' title='bbox 161 1704 205 1739; x_wconf 86' lang='lat' dir='ltr'>ad</span> <span class='ocrx_word' id='word_1_138' title='bbox 229 1706 300 1739; x_wconf 87' lang='lat' dir='ltr'>Att.</span> <span class='ocrx_word' id='word_1_139' title='bbox 328 1705 377 1738; x_wconf 92' lang='lat' dir='ltr'>1v</span> <span class='ocrx_word' id='word_1_140' title='bbox 408 1705 449 1740; x_wconf 83' lang='lat'>16</span> <span class='ocrx_word' id='word_1_141' title='bbox 489 1706 526 1747; x_wconf 60' lang='grc' dir='ltr'>δ.</span> <span class='ocrx_word' id='word_1_142' title='bbox 558 1706 619 1740; x_wconf 85' lang='lat'>13:</span> <span class='ocrx_word' id='word_1_143' title='bbox 659 1705 763 1738; x_wconf 87' lang='lat' dir='ltr'>etiam</span> <span class='ocrx_word' id='word_1_144' title='bbox 788 1704 876 1738; x_wconf 82' lang='lat' dir='ltr'>illud</span> 
     </span>
     <span class='ocr_line' id='line_1_24' title="bbox 159 1754 877 1809; baseline 0 -22"><span class='ocrx_word' id='word_1_145' title='bbox 159 1754 231 1787; x_wconf 79' lang='lat' dir='ltr'>iam</span> <span class='ocrx_word' id='word_1_146' title='bbox 265 1754 440 1798; x_wconf 65' lang='lat' dir='ltr'>cognitum</span> <span class='ocrx_word' id='word_1_147' title='bbox 474 1759 547 1795; x_wconf 84' lang='lat' dir='ltr'>est,</span> <span class='ocrx_word' id='word_1_148' title='bbox 584 1765 694 1797; x_wconf 80' lang='lat' dir='ltr'>neque</span> <span class='ocrx_word' id='word_1_149' title='bbox 736 1754 877 1809; x_wconf 57' lang='lat' dir='ltr'>argenti</span> 
     </span>
     <span class='ocr_line' id='line_1_25' title="bbox 159 1801 876 1848; baseline -0.001 -12"><span class='ocrx_word' id='word_1_150' title='bbox 159 1802 350 1848; x_wconf 77' lang='lat' dir='ltr'>scripulum</span> <span class='ocrx_word' id='word_1_151' title='bbox 371 1813 443 1836; x_wconf 83' lang='lat' dir='ltr'>csse</span> <span class='ocrx_word' id='word_1_152' title='bbox 467 1801 576 1835; x_wconf 81' lang='lat' dir='ltr'>ullum</span> <span class='ocrx_word' id='word_1_153' title='bbox 607 1803 645 1835; x_wconf 82' lang='lat' dir='ltr'>in</span> <span class='ocrx_word' id='word_1_154' title='bbox 670 1801 735 1836; x_wconf 87' lang='lat' dir='ltr'>illa</span> <span class='ocrx_word' id='word_1_155' title='bbox 760 1801 876 1836; x_wconf 82' lang='lat' dir='ltr'>insula</span> 
     </span>
     <span class='ocr_line' id='line_1_26' title="bbox 158 1849 877 1897; baseline -0.001 -12"><span class='ocrx_word' id='word_1_156' title='bbox 158 1862 268 1895; x_wconf 81' lang='lat' dir='ltr'>neque</span> <span class='ocrx_word' id='word_1_157' title='bbox 294 1849 403 1885; x_wconf 86' lang='lat' dir='ltr'>ullam</span> <span class='ocrx_word' id='word_1_158' title='bbox 439 1861 532 1897; x_wconf 82' lang='lat' dir='ltr'>spem</span> <span class='ocrx_word' id='word_1_159' title='bbox 556 1851 716 1896; x_wconf 81' lang='lat' dir='ltr'>praedae</span> <span class='ocrx_word' id='word_1_160' title='bbox 741 1852 811 1885; x_wconf 87' lang='lat' dir='ltr'>nisi</span> <span class='ocrx_word' id='word_1_161' title='bbox 834 1862 877 1884; x_wconf 75' lang='lat' dir='ltr'>eJ:</span> 
     </span>
     <span class='ocr_line' id='line_1_27' title="bbox 160 1899 359 1945; baseline 0 -11"><span class='ocrx_word' id='word_1_162' title='bbox 160 1899 359 1945; x_wconf 76' lang='lat' dir='ltr'>mancipiis.</span> 
     </span>
    </p>
   </div>
   <div class='ocr_carea' id='block_1_12' title="bbox 162 1969 880 2440">
    <p class='ocr_par' dir='ltr' id='par_1_12' title="bbox 162 1969 880 2440">
     <span class='ocr_line' id='line_1_28' title="bbox 207 1969 877 2015; baseline 0 -13"><span class='ocrx_word' id='word_1_163' title='bbox 207 1970 357 2015; x_wconf 80' lang='lat' dir='ltr'>pretium</span> <span class='ocrx_word' id='word_1_164' title='bbox 382 1970 551 2003; x_wconf 84' lang='lat' dir='ltr'>victoriae</span> <span class='ocrx_word' id='word_1_165' title='bbox 564 1981 575 2002; x_wconf 81' lang='grc'>.-</span> <span class='ocrx_word' id='word_1_166' title='bbox 603 1969 686 2003; x_wconf 89' lang='lat' dir='ltr'>hinc</span> <span class='ocrx_word' id='word_1_167' title='bbox 702 1969 877 2015; x_wconf 83' lang='lat' dir='ltr'>colligere</span> 
     </span>
     <span class='ocr_line' id='line_1_29' title="bbox 162 2017 877 2061; baseline -0.003 -9"><span class='ocrx_word' id='word_1_168' title='bbox 162 2017 249 2052; x_wconf 82' lang='lat' dir='ltr'>licet</span> <span class='ocrx_word' id='word_1_169' title='bbox 275 2017 492 2051; x_wconf 84' lang='lat' dir='ltr'>Britanniam</span> <span class='ocrx_word' id='word_1_170' title='bbox 531 2017 643 2051; x_wconf 83' lang='lat' dir='ltr'>fuisse</span> <span class='ocrx_word' id='word_1_171' title='bbox 677 2017 877 2061; x_wconf 85' lang='lat' dir='ltr'>stipendia-</span> 
     </span>
     <span class='ocr_line' id='line_1_30' title="bbox 162 2066 877 2110; baseline -0.003 -10"><span class='ocrx_word' id='word_1_172' title='bbox 162 2067 249 2100; x_wconf 81' lang='lat' dir='ltr'>riam</span> <span class='ocrx_word' id='word_1_173' title='bbox 279 2066 526 2110; x_wconf 84' lang='lat' dir='ltr'>provinciam,</span> <span class='ocrx_word' id='word_1_174' title='bbox 568 2076 640 2098; x_wconf 89' lang='lat' dir='ltr'>non</span> <span class='ocrx_word' id='word_1_175' title='bbox 678 2066 877 2099; x_wconf 86' lang='lat' dir='ltr'>frumenta-</span> 
     </span>
     <span class='ocr_line' id='line_1_31' title="bbox 162 2113 879 2158; baseline -0.003 -10"><span class='ocrx_word' id='word_1_176' title='bbox 162 2115 262 2157; x_wconf 79' lang='lat' dir='ltr'>riam,</span> <span class='ocrx_word' id='word_1_177' title='bbox 292 2114 324 2147; x_wconf 92' lang='lat' dir='ltr'>h.</span> <span class='ocrx_word' id='word_1_178' title='bbox 349 2125 379 2147; x_wconf 90' lang='lat' dir='ltr'>e.</span> <span class='ocrx_word' id='word_1_179' title='bbox 397 2113 679 2158; x_wconf 89' lang='lat' dir='ltr'>provincialibus</span> <span class='ocrx_word' id='word_1_180' title='bbox 706 2124 750 2147; x_wconf 86' lang='lat' dir='ltr'>ex</span> <span class='ocrx_word' id='word_1_181' title='bbox 769 2124 879 2147; x_wconf 86' lang='lat' dir='ltr'>censu</span> 
     </span>
     <span class='ocr_line' id='line_1_32' title="bbox 163 2161 878 2204; baseline -0.003 -8"><span class='ocrx_word' id='word_1_182' title='bbox 163 2163 330 2197; x_wconf 86' lang='lat' dir='ltr'>tributum</span> <span class='ocrx_word' id='word_1_183' title='bbox 357 2163 573 2204; x_wconf 88' lang='lat' dir='ltr'>iniunctum,</span> <span class='ocrx_word' id='word_1_184' title='bbox 611 2172 683 2195; x_wconf 89' lang='lat' dir='ltr'>non</span> <span class='ocrx_word' id='word_1_185' title='bbox 710 2161 878 2196; x_wconf 84' lang='lat' dir='ltr'>decumas</span> 
     </span>
     <span class='ocr_line' id='line_1_33' title="bbox 163 2210 880 2256; baseline -0.004 -10"><span class='ocrx_word' id='word_1_186' title='bbox 163 2211 348 2256; x_wconf 88' lang='lat' dir='ltr'>impositas</span> <span class='ocrx_word' id='word_1_187' title='bbox 378 2210 502 2244; x_wconf 81' lang='lat' dir='ltr'>fuisse.</span> <span class='ocrx_word' id='word_1_188' title='bbox 533 2210 623 2244; x_wconf 89' lang='lat' dir='ltr'>Hinc</span> <span class='ocrx_word' id='word_1_189' title='bbox 658 2222 688 2244; x_wconf 87' lang='lat' dir='ltr'>c.</span> <span class='ocrx_word' id='word_1_190' title='bbox 721 2211 784 2245; x_wconf 80' lang='lat'>13:</span> <span class='ocrx_word' id='word_1_191' title='bbox 812 2211 880 2255; x_wconf 83' lang='lat' dir='ltr'>ipsi</span> 
     </span>
     <span class='ocr_line' id='line_1_34' title="bbox 164 2258 880 2295; baseline -0.004 -1"><span class='ocrx_word' id='word_1_192' title='bbox 164 2260 331 2295; x_wconf 78' lang='lat' dir='ltr'>Britanni</span> <span class='ocrx_word' id='word_1_193' title='bbox 370 2259 538 2293; x_wconf 85' lang='lat' dir='ltr'>delectum</span> <span class='ocrx_word' id='word_1_194' title='bbox 587 2270 631 2293; x_wconf 87' lang='lat' dir='ltr'>ac</span> <span class='ocrx_word' id='word_1_195' title='bbox 670 2258 800 2293; x_wconf 83' lang='lat' dir='ltr'>tributa</span> <span class='ocrx_word' id='word_1_196' title='bbox 847 2265 880 2292; x_wconf 85' lang='lat' dir='ltr'>et</span> 
     </span>
     <span class='ocr_line' id='line_1_35' title="bbox 163 2307 879 2353; baseline -0.001 -11"><span class='ocrx_word' id='word_1_197' title='bbox 163 2309 325 2342; x_wconf 80' lang='lat' dir='ltr'>iniuncta</span> <span class='ocrx_word' id='word_1_198' title='bbox 360 2308 518 2352; x_wconf 68' lang='lat' dir='ltr'>⁴imperii&#39;</span> <span class='ocrx_word' id='word_1_199' title='bbox 542 2318 692 2341; x_wconf 87' lang='lat' dir='ltr'>munera</span> <span class='ocrx_word' id='word_1_200' title='bbox 732 2307 879 2353; x_wconf 74' lang='lat' dir='ltr'>impiyre</span> 
     </span>
     <span class='ocr_line' id='line_1_36' title="bbox 165 2356 877 2392; baseline -0.004 -1"><span class='ocrx_word' id='word_1_201' title='bbox 165 2358 301 2392; x_wconf 83' lang='lat' dir='ltr'>obeunt.</span> <span class='ocrx_word' id='word_1_202' title='bbox 361 2356 461 2390; x_wconf 89' lang='lat' dir='ltr'>Adde</span> <span class='ocrx_word' id='word_1_203' title='bbox 490 2367 519 2391; x_wconf 92' lang='lat' dir='ltr'>c.</span> <span class='ocrx_word' id='word_1_204' title='bbox 548 2356 593 2391; x_wconf 83' lang='lat'>31</span> <span class='ocrx_word' id='word_1_205' title='bbox 624 2367 703 2390; x_wconf 89' lang='lat' dir='ltr'>cum</span> <span class='ocrx_word' id='word_1_206' title='bbox 729 2360 877 2390; x_wconf 89' lang='lat' dir='ltr'>annota-</span> 
     </span>
     <span class='ocr_line' id='line_1_37' title="bbox 165 2406 276 2440; baseline -0.009 0"><span class='ocrx_word' id='word_1_207' title='bbox 165 2406 276 2440; x_wconf 85' lang='lat' dir='ltr'>tione.</span> 
     </span>
    </p>
   </div>
   <div class='ocr_carea' id='block_1_13' title="bbox 166 2476 886 3007">
    <p class='ocr_par' dir='ltr' id='par_1_13' title="bbox 166 2476 886 3007">
     <span class='ocr_line' id='line_1_38' title="bbox 224 2476 881 2522; baseline 0.003 -13"><span class='ocrx_word' id='word_1_208' title='bbox 224 2476 363 2522; x_wconf 76' lang='lat' dir='ltr'>.9i9nit</span> <span class='ocrx_word' id='word_1_209' title='bbox 403 2481 434 2509; x_wconf 93' lang='lat' dir='ltr'>et</span> <span class='ocrx_word' id='word_1_210' title='bbox 470 2476 629 2510; x_wconf 83' lang='lat' dir='ltr'>Oceanus</span> <span class='ocrx_word' id='word_1_211' title='bbox 661 2476 881 2521; x_wconf 70' lang='lat' dir='ltr'>maryarita:</span> 
     </span>
     <span class='ocr_line' id='line_1_39' title="bbox 166 2523 882 2569; baseline -0.006 -9"><span class='ocrx_word' id='word_1_212' title='bbox 166 2525 280 2560; x_wconf 77' lang='lat' dir='ltr'>forma</span> <span class='ocrx_word' id='word_1_213' title='bbox 305 2525 504 2569; x_wconf 74' lang='lat' dir='ltr'>marqarita</span> <span class='ocrx_word' id='word_1_214' title='bbox 543 2534 627 2557; x_wconf 86' lang='lat' dir='ltr'>usus</span> <span class='ocrx_word' id='word_1_215' title='bbox 654 2529 708 2558; x_wconf 89' lang='lat' dir='ltr'>est</span> <span class='ocrx_word' id='word_1_216' title='bbox 731 2523 773 2557; x_wconf 91' lang='lat' dir='ltr'>ad</span> <span class='ocrx_word' id='word_1_217' title='bbox 801 2524 882 2557; x_wconf 86' lang='lat' dir='ltr'>evi-</span> 
     </span>
     <span class='ocr_line' id='line_1_40' title="bbox 166 2572 882 2618; baseline -0.006 -10"><span class='ocrx_word' id='word_1_218' title='bbox 166 2573 311 2608; x_wconf 84' lang='lat' dir='ltr'>tandum</span> <span class='ocrx_word' id='word_1_219' title='bbox 338 2574 515 2618; x_wconf 86' lang='lat' dir='ltr'>ingratum</span> <span class='ocrx_word' id='word_1_220' title='bbox 547 2572 712 2614; x_wconf 84' lang='lat' dir='ltr'>sibilum,</span> <span class='ocrx_word' id='word_1_221' title='bbox 750 2583 793 2605; x_wconf 81' lang='lat' dir='ltr'>ex</span> <span class='ocrx_word' id='word_1_222' title='bbox 819 2582 882 2605; x_wconf 90' lang='lat' dir='ltr'>ac-</span> 
     </span>
     <span class='ocr_line' id='line_1_41' title="bbox 169 2620 882 2667; baseline -0.007 -10"><span class='ocrx_word' id='word_1_223' title='bbox 169 2623 330 2657; x_wconf 88' lang='lat' dir='ltr'>cusativo</span> <span class='ocrx_word' id='word_1_224' title='bbox 359 2621 493 2667; x_wconf 85' lang='lat' dir='ltr'>alioqui</span> <span class='ocrx_word' id='word_1_225' title='bbox 519 2622 634 2666; x_wconf 82' lang='lat' dir='ltr'>magis</span> <span class='ocrx_word' id='word_1_226' title='bbox 655 2620 762 2654; x_wconf 85' lang='lat' dir='ltr'>solito</span> <span class='ocrx_word' id='word_1_227' title='bbox 782 2631 882 2653; x_wconf 85' lang='lat' dir='ltr'>mar-</span> 
     </span>
     <span class='ocr_line' id='line_1_42' title="bbox 167 2666 884 2717; baseline -0.008 -11"><span class='ocrx_word' id='word_1_228' title='bbox 167 2671 304 2717; x_wconf 83' lang='lat' dir='ltr'>9aritas</span> <span class='ocrx_word' id='word_1_229' title='bbox 330 2674 616 2705; x_wconf 84' lang='lat' dir='ltr'>consecuturum.</span> <span class='ocrx_word' id='word_1_230' title='bbox 657 2668 711 2702; x_wconf 84' lang='lat' dir='ltr'>Cf.</span> <span class='ocrx_word' id='word_1_231' title='bbox 729 2667 821 2702; x_wconf 86' lang='lat' dir='ltr'>Mela</span> <span class='ocrx_word' id='word_1_232' title='bbox 837 2666 884 2700; x_wconf 84' lang='lat'>111</span> 
     </span>
     <span class='ocr_line' id='line_1_43' title="bbox 169 2717 883 2764; baseline -0.008 -10"><span class='ocrx_word' id='word_1_233' title='bbox 169 2721 210 2754; x_wconf 84' lang='lat'>6:</span> <span class='ocrx_word' id='word_1_234' title='bbox 236 2721 306 2764; x_wconf 82' lang='lat' dir='ltr'>fert</span> <span class='ocrx_word' id='word_1_235' title='bbox 330 2720 492 2764; x_wconf 60' lang='lat' dir='ltr'>munina,</span> <span class='ocrx_word' id='word_1_236' title='bbox 519 2738 564 2744; x_wconf 88' lang='lat'>—</span> <span class='ocrx_word' id='word_1_237' title='bbox 592 2717 763 2762; x_wconf 81' lang='lat' dir='ltr'>quaedam</span> <span class='ocrx_word' id='word_1_238' title='bbox 786 2727 883 2762; x_wconf 72' lang='lat' dir='ltr'>qem-</span> 
     </span>
     <span class='ocr_line' id='line_1_44' title="bbox 168 2764 884 2812; baseline -0.006 -11"><span class='ocrx_word' id='word_1_239' title='bbox 168 2779 243 2801; x_wconf 87' lang='lat' dir='ltr'>mas</span> <span class='ocrx_word' id='word_1_240' title='bbox 267 2769 548 2812; x_wconf 75' lang='lat' dir='ltr'>marqaritasque</span> <span class='ocrx_word' id='word_1_241' title='bbox 564 2767 787 2812; x_wconf 69' lang='lat' dir='ltr'>generantia.</span> <span class='ocrx_word' id='word_1_242' title='bbox 807 2764 884 2798; x_wconf 89' lang='lat' dir='ltr'>Pli-</span> 
     </span>
     <span class='ocr_line' id='line_1_45' title="bbox 169 2815 884 2861; baseline -0.004 -12"><span class='ocrx_word' id='word_1_243' title='bbox 169 2817 249 2849; x_wconf 87' lang='lat' dir='ltr'>nius</span> <span class='ocrx_word' id='word_1_244' title='bbox 269 2816 315 2850; x_wconf 82' lang='lat' dir='ltr'>lx</span> <span class='ocrx_word' id='word_1_245' title='bbox 341 2817 385 2851; x_wconf 88' lang='grc'>57</span> <span class='ocrx_word' id='word_1_246' title='bbox 400 2817 484 2861; x_wconf 85' lang='grc'>(35)</span> <span class='ocrx_word' id='word_1_247' title='bbox 502 2827 510 2849; x_wconf 92' lang='lat'><strong>:</strong></span> <span class='ocrx_word' id='word_1_248' title='bbox 536 2818 574 2849; x_wconf 83' lang='lat' dir='ltr'>in</span> <span class='ocrx_word' id='word_1_249' title='bbox 588 2815 777 2849; x_wconf 78' lang='lat' dir='ltr'>Britannia</span> <span class='ocrx_word' id='word_1_250' title='bbox 793 2824 884 2859; x_wconf 84' lang='lat' dir='ltr'>par-</span> 
     </span>
     <span class='ocr_line' id='line_1_46' title="bbox 170 2862 886 2911; baseline -0.006 -13"><span class='ocrx_word' id='word_1_251' title='bbox 170 2875 230 2898; x_wconf 83' lang='lat' dir='ltr'>vos</span> <span class='ocrx_word' id='word_1_252' title='bbox 245 2865 433 2911; x_wconf 83' lang='lat' dir='ltr'>(uniones)</span> <span class='ocrx_word' id='word_1_253' title='bbox 463 2870 563 2909; x_wconf 83' lang='lat' dir='ltr'>atque</span> <span class='ocrx_word' id='word_1_254' title='bbox 580 2863 758 2897; x_wconf 80' lang='lat' dir='ltr'>decolores</span> <span class='ocrx_word' id='word_1_255' title='bbox 783 2862 886 2895; x_wconf 84' lang='lat' dir='ltr'>nasci</span> 
     </span>
     <span class='ocr_line' id='line_1_47' title="bbox 173 2909 885 2948; baseline -0.004 -2"><span class='ocrx_word' id='word_1_256' title='bbox 173 2918 303 2946; x_wconf 86' lang='lat' dir='ltr'>certum</span> <span class='ocrx_word' id='word_1_257' title='bbox 327 2918 389 2948; x_wconf 87' lang='lat' dir='ltr'>est.</span> <span class='ocrx_word' id='word_1_258' title='bbox 422 2913 628 2946; x_wconf 84' lang='lat' dir='ltr'>Ammianus</span> <span class='ocrx_word' id='word_1_259' title='bbox 639 2912 746 2946; x_wconf 83' lang='lat' dir='ltr'>Marc.</span> <span class='ocrx_word' id='word_1_260' title='bbox 774 2909 885 2944; x_wconf 82' lang='lat' dir='ltr'>XXIII</span> 
     </span>
     <span class='ocr_line' id='line_1_48' title="bbox 172 2960 885 3007; baseline -0.006 -11"><span class='ocrx_word' id='word_1_261' title='bbox 172 2960 195 2996; x_wconf 83' lang='lat'>6</span> <span class='ocrx_word' id='word_1_262' title='bbox 220 2965 327 2996; x_wconf 81' lang='lat' dir='ltr'>ext1·.:</span> <span class='ocrx_word' id='word_1_263' title='bbox 356 2961 445 3007; x_wconf 79' lang='lat' dir='ltr'>quod</span> <span class='ocrx_word' id='word_1_264' title='bbox 470 2971 578 3007; x_wconf 63' lang='lat' dir='ltr'>genus</span> <span class='ocrx_word' id='word_1_265' title='bbox 607 2971 762 3006; x_wconf 65' lang='lat' dir='ltr'>gemmae</span> <span class='ocrx_word' id='word_1_266' title='bbox 782 2960 885 2995; x_wconf 84' lang='lat' dir='ltr'>etiam</span> 
     </span>
    </p>
   </div>
   <div class='ocr_carea' id='block_1_14' title="bbox 942 1360 1658 1508">
    <p class='ocr_par' dir='ltr' id='par_1_14' title="bbox 942 1360 1658 1508">
     <span class='ocr_line' id='line_1_49' title="bbox 943 1360 1658 1406; baseline -0.007 -7"><span class='ocrx_word' id='word_1_267' title='bbox 943 1365 981 1399; x_wconf 87' lang='lat' dir='ltr'>in</span> <span class='ocrx_word' id='word_1_268' title='bbox 1009 1364 1210 1399; x_wconf 81' lang='lat' dir='ltr'>Britannici</span> <span class='ocrx_word' id='word_1_269' title='bbox 1242 1362 1431 1397; x_wconf 82' lang='lat' dir='ltr'>secessibus</span> <span class='ocrx_word' id='word_1_270' title='bbox 1465 1361 1575 1396; x_wconf 68' lang='lat' dir='ltr'>’naris</span> <span class='ocrx_word' id='word_1_271' title='bbox 1601 1360 1658 1406; x_wconf 82' lang='lat'>91⁰-</span> 
     </span>
     <span class='ocr_line' id='line_1_50' title="bbox 942 1410 1657 1460; baseline -0.006 -13"><span class='ocrx_word' id='word_1_272' title='bbox 942 1414 1004 1460; x_wconf 75' lang='lat' dir='ltr'>9ni</span> <span class='ocrx_word' id='word_1_273' title='bbox 1030 1413 1163 1459; x_wconf 76' lang='lat' dir='ltr'>leyique</span> <span class='ocrx_word' id='word_1_274' title='bbox 1178 1439 1187 1456; x_wconf 93' lang='lat'>,</span> <span class='ocrx_word' id='word_1_275' title='bbox 1215 1412 1296 1447; x_wconf 85' lang='lat' dir='ltr'>licet</span> <span class='ocrx_word' id='word_1_276' title='bbox 1316 1411 1486 1458; x_wconf 66' lang='lat' dir='ltr'>dignitate</span> <span class='ocrx_word' id='word_1_277' title='bbox 1510 1410 1657 1457; x_wconf 79' lang='lat' dir='ltr'>dispari,</span> 
     </span>
     <span class='ocr_line' id='line_1_51' title="bbox 943 1463 1253 1508; baseline -0.003 -11"><span class='ocrx_word' id='word_1_278' title='bbox 943 1473 1013 1497; x_wconf 84' lang='lat' dir='ltr'>non</span> <span class='ocrx_word' id='word_1_279' title='bbox 1038 1463 1253 1508; x_wconf 72' lang='lat' dir='ltr'>iynoramus.</span> 
     </span>
    </p>
   </div>
   <div class='ocr_carea' id='block_1_15' title="bbox 942 1531 1662 1860">
    <p class='ocr_par' dir='ltr' id='par_1_15' title="bbox 942 1531 1662 1860">
     <span class='ocr_line' id='line_1_52' title="bbox 1003 1531 1660 1579; baseline -0.005 -10"><span class='ocrx_word' id='word_1_280' title='bbox 1003 1536 1041 1569; x_wconf 82' lang='lat' dir='ltr'>in</span> <span class='ocrx_word' id='word_1_281' title='bbox 1066 1534 1172 1569; x_wconf 83' lang='lat' dir='ltr'>rubro</span> <span class='ocrx_word' id='word_1_282' title='bbox 1198 1532 1314 1567; x_wconf 82' lang='lat' dir='ltr'>mari:</span> <span class='ocrx_word' id='word_1_283' title='bbox 1345 1531 1559 1579; x_wconf 80' lang='lat' dir='ltr'>intelligitur</span> <span class='ocrx_word' id='word_1_284' title='bbox 1580 1541 1660 1566; x_wconf 81' lang='lat' dir='ltr'>ma-</span> 
     </span>
     <span class='ocr_line' id='line_1_53' title="bbox 943 1580 1659 1623; baseline -0.004 -6"><span class='ocrx_word' id='word_1_285' title='bbox 943 1583 994 1617; x_wconf 82' lang='lat' dir='ltr'>ris</span> <span class='ocrx_word' id='word_1_286' title='bbox 1019 1583 1119 1617; x_wconf 81' lang='lat' dir='ltr'>rubri</span> <span class='ocrx_word' id='word_1_287' title='bbox 1151 1583 1247 1616; x_wconf 82' lang='lat' dir='ltr'>sinus</span> <span class='ocrx_word' id='word_1_288' title='bbox 1283 1581 1466 1623; x_wconf 45' lang='lat' dir='ltr'>Persica„</span> <span class='ocrx_word' id='word_1_289' title='bbox 1509 1580 1555 1615; x_wconf 79' lang='lat' dir='ltr'>cf.</span> <span class='ocrx_word' id='word_1_290' title='bbox 1592 1591 1659 1615; x_wconf 85' lang='lat' dir='ltr'>an-</span> 
     </span>
     <span class='ocr_line' id='line_1_54' title="bbox 942 1629 1660 1666; baseline -0.004 -1"><span class='ocrx_word' id='word_1_291' title='bbox 942 1636 1017 1665; x_wconf 90' lang='lat' dir='ltr'>not.</span> <span class='ocrx_word' id='word_1_292' title='bbox 1044 1631 1088 1666; x_wconf 88' lang='lat' dir='ltr'>ad</span> <span class='ocrx_word' id='word_1_293' title='bbox 1113 1631 1145 1665; x_wconf 91' lang='lat'>11</span> <span class='ocrx_word' id='word_1_294' title='bbox 1169 1631 1230 1666; x_wconf 86' lang='lat'>61.</span> <span class='ocrx_word' id='word_1_295' title='bbox 1270 1630 1406 1664; x_wconf 84' lang='lat' dir='ltr'>Plinius</span> <span class='ocrx_word' id='word_1_296' title='bbox 1433 1629 1479 1663; x_wconf 80' lang='lat' dir='ltr'>lx</span> <span class='ocrx_word' id='word_1_297' title='bbox 1498 1629 1660 1664; x_wconf 64' lang='lat'>54:111-</span> 
     </span>
     <span class='ocr_line' id='line_1_55' title="bbox 944 1678 1661 1724; baseline -0.006 -10"><span class='ocrx_word' id='word_1_298' title='bbox 944 1681 1040 1714; x_wconf 84' lang='lat' dir='ltr'>dicus</span> <span class='ocrx_word' id='word_1_299' title='bbox 1055 1681 1206 1714; x_wconf 75' lang='lat' dir='ltr'>maxime</span> <span class='ocrx_word' id='word_1_300' title='bbox 1232 1679 1296 1713; x_wconf 80' lang='lat' dir='ltr'>has</span> <span class='ocrx_word' id='word_1_301' title='bbox 1315 1678 1562 1724; x_wconf 74' lang='lat' dir='ltr'>(inargaritas)</span> <span class='ocrx_word' id='word_1_302' title='bbox 1578 1678 1661 1711; x_wconf 78' lang='lat' dir='ltr'>mit-</span> 
     </span>
     <span class='ocr_line' id='line_1_56' title="bbox 945 1726 1662 1772; baseline -0.004 -10"><span class='ocrx_word' id='word_1_303' title='bbox 945 1730 984 1762; x_wconf 81' lang='lat' dir='ltr'>tit</span> <span class='ocrx_word' id='word_1_304' title='bbox 1011 1730 1171 1762; x_wconf 83' lang='lat' dir='ltr'>Oceanus</span> <span class='ocrx_word' id='word_1_305' title='bbox 1207 1748 1264 1762; x_wconf 89' lang='lat'>—-.</span> <span class='ocrx_word' id='word_1_306' title='bbox 1315 1726 1508 1772; x_wconf 75' lang='lat' dir='ltr'>Praecipue</span> <span class='ocrx_word' id='word_1_307' title='bbox 1546 1731 1662 1760; x_wconf 70' lang='lat' dir='ltr'>atatem</span> 
     </span>
     <span class='ocr_line' id='line_1_57' title="bbox 943 1773 1660 1811; baseline -0.006 0"><span class='ocrx_word' id='word_1_308' title='bbox 943 1778 1135 1811; x_wconf 82' lang='lat' dir='ltr'>laudantur</span> <span class='ocrx_word' id='word_1_309' title='bbox 1171 1778 1270 1810; x_wconf 84' lang='lat' dir='ltr'>circa</span> <span class='ocrx_word' id='word_1_310' title='bbox 1296 1775 1468 1809; x_wconf 80' lang='lat' dir='ltr'>Arabiam</span> <span class='ocrx_word' id='word_1_311' title='bbox 1504 1776 1542 1810; x_wconf 81' lang='lat' dir='ltr'>in</span> <span class='ocrx_word' id='word_1_312' title='bbox 1572 1773 1660 1808; x_wconf 90' lang='lat' dir='ltr'>Per-</span> 
     </span>
     <span class='ocr_line' id='line_1_58' title="bbox 943 1824 1396 1860; baseline -0.007 0"><span class='ocrx_word' id='word_1_313' title='bbox 943 1828 1015 1860; x_wconf 86' lang='lat' dir='ltr'>sico</span> <span class='ocrx_word' id='word_1_314' title='bbox 1041 1827 1122 1860; x_wconf 84' lang='lat' dir='ltr'>sinu</span> <span class='ocrx_word' id='word_1_315' title='bbox 1149 1826 1258 1860; x_wconf 85' lang='lat' dir='ltr'>maris</span> <span class='ocrx_word' id='word_1_316' title='bbox 1285 1824 1396 1858; x_wconf 75' lang='lat' dir='ltr'>rubri.</span> 
     </span>
    </p>
   </div>
   <div class='ocr_carea' id='block_1_16' title="bbox 943 1895 1664 2133">
    <p class='ocr_par' dir='ltr' id='par_1_16' title="bbox 943 1895 1664 2133">
     <span class='ocr_line' id='line_1_59' title="bbox 1021 1895 1661 1942; baseline -0.006 -11"><span class='ocrx_word' id='word_1_317' title='bbox 1021 1897 1106 1942; x_wconf 86' lang='lat' dir='ltr'>Cap.</span> <span class='ocrx_word' id='word_1_318' title='bbox 1138 1897 1192 1931; x_wconf 84' lang='lat'>13.</span> <span class='ocrx_word' id='word_1_319' title='bbox 1233 1897 1395 1930; x_wconf 84' lang='lat' dir='ltr'>iniuncta</span> <span class='ocrx_word' id='word_1_320' title='bbox 1419 1895 1559 1940; x_wconf 83' lang='lat' dir='ltr'>imperii</span> <span class='ocrx_word' id='word_1_321' title='bbox 1582 1905 1661 1927; x_wconf 87' lang='lat' dir='ltr'>mu-</span> 
     </span>
     <span class='ocr_line' id='line_1_60' title="bbox 943 1942 1662 1983; baseline -0.004 -4"><span class='ocrx_word' id='word_1_322' title='bbox 943 1957 1034 1979; x_wconf 83' lang='lat' dir='ltr'>nera</span> <span class='ocrx_word' id='word_1_323' title='bbox 1050 1962 1062 1983; x_wconf 80' lang='lat'>,·</span> <span class='ocrx_word' id='word_1_324' title='bbox 1088 1949 1170 1979; x_wconf 89' lang='lat' dir='ltr'>sunt</span> <span class='ocrx_word' id='word_1_325' title='bbox 1195 1944 1410 1978; x_wconf 83' lang='lat' dir='ltr'>collationes</span> <span class='ocrx_word' id='word_1_326' title='bbox 1437 1947 1537 1978; x_wconf 81' lang='lat' dir='ltr'>extra</span> <span class='ocrx_word' id='word_1_327' title='bbox 1562 1942 1662 1976; x_wconf 87' lang='lat' dir='ltr'>ordi·</span> 
     </span>
     <span class='ocr_line' id='line_1_61' title="bbox 945 1992 1664 2028; baseline -0.003 -1"><span class='ocrx_word' id='word_1_328' title='bbox 945 2005 1026 2028; x_wconf 86' lang='lat' dir='ltr'>nem</span> <span class='ocrx_word' id='word_1_329' title='bbox 1060 1994 1212 2027; x_wconf 88' lang='lat' dir='ltr'>indictas</span> <span class='ocrx_word' id='word_1_330' title='bbox 1247 1992 1291 2026; x_wconf 85' lang='lat' dir='ltr'>ad</span> <span class='ocrx_word' id='word_1_331' title='bbox 1320 1992 1565 2026; x_wconf 87' lang='lat' dir='ltr'>sustinendum</span> <span class='ocrx_word' id='word_1_332' title='bbox 1591 1992 1664 2026; x_wconf 90' lang='lat' dir='ltr'>im-</span> 
     </span>
     <span class='ocr_line' id='line_1_62' title="bbox 946 2038 1663 2086; baseline -0.003 -11"><span class='ocrx_word' id='word_1_333' title='bbox 946 2042 1094 2086; x_wconf 88' lang='lat' dir='ltr'>perium.</span> <span class='ocrx_word' id='word_1_334' title='bbox 1137 2042 1290 2075; x_wconf 89' lang='lat' dir='ltr'>Munera</span> <span class='ocrx_word' id='word_1_335' title='bbox 1316 2041 1359 2074; x_wconf 89' lang='lat' dir='ltr'>de</span> <span class='ocrx_word' id='word_1_336' title='bbox 1386 2040 1517 2074; x_wconf 79' lang='lat' dir='ltr'>officiis</span> <span class='ocrx_word' id='word_1_337' title='bbox 1545 2044 1581 2073; x_wconf 85' lang='lat' dir='ltr'>et</span> <span class='ocrx_word' id='word_1_338' title='bbox 1605 2038 1663 2073; x_wconf 84' lang='lat' dir='ltr'>la-</span> 
     </span>
     <span class='ocr_line' id='line_1_63' title="bbox 946 2087 1663 2133; baseline -0.004 -10"><span class='ocrx_word' id='word_1_339' title='bbox 946 2089 1090 2124; x_wconf 86' lang='lat' dir='ltr'>boribus</span> <span class='ocrx_word' id='word_1_340' title='bbox 1124 2090 1199 2123; x_wconf 89' lang='lat' dir='ltr'>noli</span> <span class='ocrx_word' id='word_1_341' title='bbox 1229 2090 1421 2133; x_wconf 86' lang='lat' dir='ltr'>accipere:</span> <span class='ocrx_word' id='word_1_342' title='bbox 1464 2093 1537 2121; x_wconf 87' lang='lat' dir='ltr'>turn</span> <span class='ocrx_word' id='word_1_343' title='bbox 1568 2087 1663 2121; x_wconf 87' lang='lat' dir='ltr'>enim</span> 
     </span>
    </p>
   </div>
   <div class='ocr_carea' id='block_1_17' title="bbox 945 2134 1664 2223">
    <p class='ocr_par' dir='ltr' id='par_1_17' title="bbox 945 2134 1664 2223">
     <span class='ocr_line' id='line_1_64' title="bbox 945 2134 1664 2172; baseline -0.004 0"><span class='ocrx_word' id='word_1_344' title='bbox 945 2140 1066 2172; x_wconf 82' lang='lat' dir='ltr'>munia</span> <span class='ocrx_word' id='word_1_345' title='bbox 1094 2137 1218 2172; x_wconf 87' lang='lat' dir='ltr'>debuit</span> <span class='ocrx_word' id='word_1_346' title='bbox 1245 2147 1336 2171; x_wconf 89' lang='lat' dir='ltr'>esse.</span> <span class='ocrx_word' id='word_1_347' title='bbox 1386 2135 1440 2171; x_wconf 84' lang='lat' dir='ltr'>Cf.</span> <span class='ocrx_word' id='word_1_348' title='bbox 1471 2140 1591 2170; x_wconf 85' lang='lat' dir='ltr'>annot.</span> <span class='ocrx_word' id='word_1_349' title='bbox 1619 2134 1664 2170; x_wconf 85' lang='lat' dir='ltr'>ad</span> 
     </span>
     <span class='ocr_line' id='line_1_65' title="bbox 946 2185 1340 2223; baseline -0.003 -2"><span class='ocrx_word' id='word_1_350' title='bbox 946 2186 996 2221; x_wconf 89' lang='lat'>111</span> <span class='ocrx_word' id='word_1_351' title='bbox 1023 2189 1046 2223; x_wconf 88' lang='lat'><strong>2</strong></span> <span class='ocrx_word' id='word_1_352' title='bbox 1074 2191 1110 2221; x_wconf 89' lang='lat' dir='ltr'>et</span> <span class='ocrx_word' id='word_1_353' title='bbox 1135 2187 1177 2221; x_wconf 82' lang='lat' dir='ltr'>H.</span> <span class='ocrx_word' id='word_1_354' title='bbox 1208 2185 1256 2220; x_wconf 83' lang='grc' dir='ltr'>ΙΙΙ</span> <span class='ocrx_word' id='word_1_355' title='bbox 1284 2186 1340 2220; x_wconf 85' lang='grc'>13.</span> 
     </span>
    </p>
   </div>
   <div class='ocr_carea' id='block_1_18' title="bbox 947 2254 1667 2735">
    <p class='ocr_par' dir='ltr' id='par_1_18' title="bbox 947 2254 1667 2735">
     <span class='ocr_line' id='line_1_66' title="bbox 1016 2254 1664 2303; baseline -0.003 -12"><span class='ocrx_word' id='word_1_356' title='bbox 1016 2258 1125 2303; x_wconf 68' lang='lat' dir='ltr'>igitur</span> <span class='ocrx_word' id='word_1_357' title='bbox 1146 2257 1279 2302; x_wconf 83' lang='lat' dir='ltr'>primus</span> <span class='ocrx_word' id='word_1_358' title='bbox 1319 2277 1362 2283; x_wconf 85' lang='lat'>-</span> <span class='ocrx_word' id='word_1_359' title='bbox 1397 2256 1493 2290; x_wconf 83' lang='lat' dir='ltr'>divus</span> <span class='ocrx_word' id='word_1_360' title='bbox 1533 2254 1664 2291; x_wconf 75' lang='lat' dir='ltr'>Iulius:</span> 
     </span>
     <span class='ocr_line' id='line_1_67' title="bbox 947 2304 1662 2352; baseline -0.003 -12"><span class='ocrx_word' id='word_1_361' title='bbox 947 2306 1122 2351; x_wconf 87' lang='lat' dir='ltr'>particula</span> <span class='ocrx_word' id='word_1_362' title='bbox 1147 2306 1256 2352; x_wconf 65' lang='lat' dir='ltr'>igitur</span> <span class='ocrx_word' id='word_1_363' title='bbox 1288 2304 1468 2351; x_wconf 83' lang='lat' dir='ltr'>significat</span> <span class='ocrx_word' id='word_1_364' title='bbox 1498 2304 1662 2340; x_wconf 71' lang='lat' dir='ltr'>narrato-</span> 
     </span>
     <span class='ocr_line' id='line_1_68' title="bbox 947 2352 1664 2398; baseline -0.001 -10"><span class='ocrx_word' id='word_1_365' title='bbox 947 2366 1020 2389; x_wconf 89' lang='lat' dir='ltr'>rem</span> <span class='ocrx_word' id='word_1_366' title='bbox 1058 2356 1128 2388; x_wconf 85' lang='lat' dir='ltr'>iam</span> <span class='ocrx_word' id='word_1_367' title='bbox 1165 2355 1408 2398; x_wconf 86' lang='lat' dir='ltr'>expositurum</span> <span class='ocrx_word' id='word_1_368' title='bbox 1449 2352 1519 2388; x_wconf 88' lang='lat' dir='ltr'>hoc</span> <span class='ocrx_word' id='word_1_369' title='bbox 1563 2362 1664 2396; x_wconf 84' lang='lat' dir='ltr'>esse,</span> 
     </span>
     <span class='ocr_line' id='line_1_69' title="bbox 949 2401 1665 2449; baseline -0.001 -12"><span class='ocrx_word' id='word_1_370' title='bbox 949 2408 1123 2449; x_wconf 87' lang='lat' dir='ltr'>quatenus</span> <span class='ocrx_word' id='word_1_371' title='bbox 1150 2402 1309 2437; x_wconf 85' lang='lat' dir='ltr'>Britanni</span> <span class='ocrx_word' id='word_1_372' title='bbox 1337 2402 1460 2436; x_wconf 88' lang='lat' dir='ltr'>domiti</span> <span class='ocrx_word' id='word_1_373' title='bbox 1487 2402 1569 2436; x_wconf 88' lang='lat' dir='ltr'>sint.</span> <span class='ocrx_word' id='word_1_374' title='bbox 1610 2401 1665 2436; x_wconf 86' lang='lat' dir='ltr'>De</span> 
     </span>
     <span class='ocr_line' id='line_1_70' title="bbox 951 2450 1665 2496; baseline -0.003 -11"><span class='ocrx_word' id='word_1_375' title='bbox 951 2451 1043 2485; x_wconf 87' lang='lat' dir='ltr'>lulio</span> <span class='ocrx_word' id='word_1_376' title='bbox 1072 2451 1225 2485; x_wconf 79' lang='lat' dir='ltr'>Caesare</span> <span class='ocrx_word' id='word_1_377' title='bbox 1252 2451 1471 2484; x_wconf 85' lang='lat' dir='ltr'>Britanniam</span> <span class='ocrx_word' id='word_1_378' title='bbox 1501 2450 1665 2496; x_wconf 87' lang='lat' dir='ltr'>ingresso</span> 
     </span>
     <span class='ocr_line' id='line_1_71' title="bbox 951 2497 1667 2544; baseline -0.003 -11"><span class='ocrx_word' id='word_1_379' title='bbox 951 2500 1029 2544; x_wconf 88' lang='lat' dir='ltr'>ipse</span> <span class='ocrx_word' id='word_1_380' title='bbox 1063 2499 1206 2533; x_wconf 86' lang='lat' dir='ltr'>tradidit</span> <span class='ocrx_word' id='word_1_381' title='bbox 1243 2499 1280 2532; x_wconf 89' lang='lat' dir='ltr'>in</span> <span class='ocrx_word' id='word_1_382' title='bbox 1314 2498 1408 2532; x_wconf 85' lang='lat' dir='ltr'>Bello</span> <span class='ocrx_word' id='word_1_383' title='bbox 1444 2497 1580 2532; x_wconf 83' lang='lat' dir='ltr'>Gallico</span> <span class='ocrx_word' id='word_1_384' title='bbox 1617 2497 1667 2531; x_wconf 78' lang='lat' dir='ltr'>IV</span> 
     </span>
     <span class='ocr_line' id='line_1_72' title="bbox 952 2544 1666 2589; baseline -0.004 -6"><span class='ocrx_word' id='word_1_385' title='bbox 952 2548 1109 2589; x_wconf 78' lang='lat'>24—38‚</span> <span class='ocrx_word' id='word_1_386' title='bbox 1142 2547 1171 2580; x_wconf 89' lang='lat' dir='ltr'>V</span> <span class='ocrx_word' id='word_1_387' title='bbox 1192 2547 1324 2588; x_wconf 84' lang='lat'>8—23‚</span> <span class='ocrx_word' id='word_1_388' title='bbox 1352 2545 1510 2579; x_wconf 82' lang='lat' dir='ltr'>breviter</span> <span class='ocrx_word' id='word_1_389' title='bbox 1540 2544 1666 2580; x_wconf 81' lang='lat' dir='ltr'>velte-</span> 
     </span>
     <span class='ocr_line' id='line_1_73' title="bbox 953 2591 1665 2640; baseline 0.001 -12"><span class='ocrx_word' id='word_1_390' title='bbox 953 2596 1007 2630; x_wconf 87' lang='lat' dir='ltr'>ius</span> <span class='ocrx_word' id='word_1_391' title='bbox 1035 2595 1065 2629; x_wconf 92' lang='grc' dir='ltr'>ΙΙ</span> <span class='ocrx_word' id='word_1_392' title='bbox 1090 2595 1137 2631; x_wconf 77' lang='grc'>46</span> <span class='ocrx_word' id='word_1_393' title='bbox 1162 2605 1239 2640; x_wconf 90' lang='lat' dir='ltr'>sq.,</span> <span class='ocrx_word' id='word_1_394' title='bbox 1275 2594 1469 2629; x_wconf 87' lang='lat' dir='ltr'>Suetonius</span> <span class='ocrx_word' id='word_1_395' title='bbox 1499 2591 1601 2628; x_wconf 82' lang='lat' dir='ltr'>Caes.</span> <span class='ocrx_word' id='word_1_396' title='bbox 1633 2606 1665 2630; x_wconf 88' lang='lat' dir='ltr'>c.</span> 
     </span>
     <span class='ocr_line' id='line_1_74' title="bbox 954 2642 1666 2686; baseline -0.003 -6"><span class='ocrx_word' id='word_1_397' title='bbox 954 2646 999 2680; x_wconf 82' lang='lat'>25</span> <span class='ocrx_word' id='word_1_398' title='bbox 1028 2650 1062 2678; x_wconf 87' lang='lat' dir='ltr'>et</span> <span class='ocrx_word' id='word_1_399' title='bbox 1088 2644 1133 2679; x_wconf 77' lang='lat'>47</span> <span class='ocrx_word' id='word_1_400' title='bbox 1173 2648 1208 2677; x_wconf 86' lang='lat' dir='ltr'>et</span> <span class='ocrx_word' id='word_1_401' title='bbox 1234 2643 1299 2686; x_wconf 82' lang='lat'>58,</span> <span class='ocrx_word' id='word_1_402' title='bbox 1338 2642 1518 2677; x_wconf 87' lang='lat' dir='ltr'>Diodorus</span> <span class='ocrx_word' id='word_1_403' title='bbox 1550 2642 1580 2676; x_wconf 91' lang='lat' dir='ltr'>V</span> <span class='ocrx_word' id='word_1_404' title='bbox 1607 2644 1666 2686; x_wconf 81' lang='lat'>21,</span> 
     </span>
     <span class='ocr_line' id='line_1_75' title="bbox 954 2690 1666 2735; baseline -0.003 -7"><span class='ocrx_word' id='word_1_405' title='bbox 954 2693 1079 2728; x_wconf 87' lang='lat' dir='ltr'>Strabo</span> <span class='ocrx_word' id='word_1_406' title='bbox 1107 2692 1155 2726; x_wconf 90' lang='lat' dir='ltr'>lV</span> <span class='ocrx_word' id='word_1_407' title='bbox 1183 2693 1204 2727; x_wconf 88' lang='lat'>5</span> <span class='ocrx_word' id='word_1_408' title='bbox 1231 2692 1267 2734; x_wconf 64' lang='grc' dir='ltr'>δ.</span> <span class='ocrx_word' id='word_1_409' title='bbox 1296 2692 1330 2734; x_wconf 85' lang='grc'>3,</span> <span class='ocrx_word' id='word_1_410' title='bbox 1359 2690 1425 2724; x_wconf 89' lang='lat' dir='ltr'>Dio</span> <span class='ocrx_word' id='word_1_411' title='bbox 1445 2690 1585 2726; x_wconf 74' lang='lat' dir='ltr'>xxxix</span> <span class='ocrx_word' id='word_1_412' title='bbox 1607 2691 1666 2735; x_wconf 83' lang='lat'>53,</span> 
     </span>
    </p>
   </div>
   <div class='ocr_carea' id='block_1_19' title="bbox 955 2803 1670 3004">
    <p class='ocr_par' dir='ltr' id='par_1_19' title="bbox 955 2803 1670 3004">
     <span class='ocr_line' id='line_1_76' title="bbox 1028 2803 1667 2856; baseline 0 -10"><span class='ocrx_word' id='word_1_413' title='bbox 1028 2811 1210 2846; x_wconf 85' lang='lat' dir='ltr'>consilium</span> <span class='ocrx_word' id='word_1_414' title='bbox 1236 2831 1281 2838; x_wconf 85' lang='lat'>—-</span> <span class='ocrx_word' id='word_1_415' title='bbox 1299 2816 1546 2856; x_wconf 79' lang='lat' dir='ltr'>praeceptum:</span> <span class='ocrx_word' id='word_1_416' title='bbox 1573 2803 1667 2846; x_wconf 81' lang='lat' dir='ltr'>con&#39;f.</span> 
     </span>
     <span class='ocr_line' id='line_1_77' title="bbox 955 2858 1669 2906; baseline 0 -13"><span class='ocrx_word' id='word_1_417' title='bbox 955 2859 968 2893; x_wconf 91' lang='lat' dir='ltr'>l</span> <span class='ocrx_word' id='word_1_418' title='bbox 999 2862 1061 2895; x_wconf 87' lang='lat'>11:</span> <span class='ocrx_word' id='word_1_419' title='bbox 1106 2861 1307 2906; x_wconf 87' lang='lat' dir='ltr'>(Augustus</span> <span class='ocrx_word' id='word_1_420' title='bbox 1351 2860 1386 2892; x_wconf 90' lang='lat' dir='ltr'>in</span> <span class='ocrx_word' id='word_1_421' title='bbox 1416 2858 1544 2893; x_wconf 86' lang='lat' dir='ltr'>libello</span> <span class='ocrx_word' id='word_1_422' title='bbox 1585 2869 1606 2892; x_wconf 84' lang='lat' dir='ltr'>a</span> <span class='ocrx_word' id='word_1_423' title='bbox 1630 2869 1669 2893; x_wconf 86' lang='lat' dir='ltr'>se</span> 
     </span>
     <span class='ocr_line' id='line_1_78' title="bbox 956 2907 1670 2954; baseline -0.001 -12"><span class='ocrx_word' id='word_1_424' title='bbox 956 2910 1107 2954; x_wconf 88' lang='lat' dir='ltr'>scripto)</span> <span class='ocrx_word' id='word_1_425' title='bbox 1147 2908 1332 2942; x_wconf 82' lang='lat' dir='ltr'>addiderat</span> <span class='ocrx_word' id='word_1_426' title='bbox 1360 2907 1542 2942; x_wconf 85' lang='lat' dir='ltr'>consilium</span> <span class='ocrx_word' id='word_1_427' title='bbox 1566 2911 1670 2942; x_wconf 73' lang='lat' dir='ltr'>coer-</span> 
     </span>
     <span class='ocr_line' id='line_1_79' title="bbox 957 2955 1670 3004; baseline -0.007 -11"><span class='ocrx_word' id='word_1_428' title='bbox 957 2958 1058 2993; x_wconf 85' lang='lat' dir='ltr'>cendi</span> <span class='ocrx_word' id='word_1_429' title='bbox 1081 2959 1178 2993; x_wconf 86' lang='lat' dir='ltr'>intra</span> <span class='ocrx_word' id='word_1_430' title='bbox 1217 2956 1381 2994; x_wconf 84' lang='lat' dir='ltr'>terminos</span> <span class='ocrx_word' id='word_1_431' title='bbox 1415 2956 1574 3004; x_wconf 78' lang='lat' dir='ltr'>imperii,</span> <span class='ocrx_word' id='word_1_432' title='bbox 1609 2955 1670 2990; x_wconf 74' lang='lat' dir='ltr'>in..</span> 
     </span>
    </p>
   </div>
  </div>
 </body>
</html>
