1768 3216
774 251 861 289 Cn.
886 254 1018 291 8-9..
1561 252 1635 290 '1⁷¹7

131 378 209 424 pro
241 381 294 412 eo
324 381 473 412 versus
506 370 663 412 facias:
692 370 734 411 hi
769 370 877 411 enim
907 369 1039 411 Basso
1063 368 1178 410 domi
1195 370 1437 420 nascuntur,
1467 367 1630 422 pulchri

135 444 303 498 quidem
334 448 375 487 et
405 444 589 497 iucundi,
621 455 795 498 quorum
826 447 964 486 tamen
990 443 1058 485 bic
1090 437 1224 485 exitus
1256 446 1320 484 est
1347 446 1407 494 ut,
1439 452 1531 484 cum
1547 445 1635 483 toto

138 531 274 572 anno,
314 531 390 573 per
419 531 565 560 omnes
596 518 712 571 dies,
752 530 904 573 magna
945 518 1127 559 noctium
1167 521 1286 571 parte
1325 528 1449 558 uuum
1487 515 1638 557 librum

135 592 305 636 excudit
320 596 363 634 et
389 592 664 645 elucubravit,
696 604 852 647 rogare
872 591 981 633 ultro
1008 596 1049 634 et
1078 591 1236 633 ambire
1267 594 1455 645 cogatur,
1484 593 1530 630 ut
1558 589 1640 630 sint

137 666 208 721 qui
237 666 463 721 dignentur
494 665 656 718 audire,
688 669 730 706 et
758 678 812 707 ne
844 666 887 707 id
915 665 1080 719 quidem
1111 665 1264 720 gratis:
1295 676 1391 705 nam
1415 667 1456 704 et
1472 663 1670 706 domums

139 744 347 785 mutuatur
379 744 420 782 et
450 740 701 782 auditorium
734 740 886 782 extruit
915 743 956 780 et
984 739 1181 781 subsellia
1213 738 1412 780 conducit
1442 741 1483 778 et
1511 735 1638 777 libel-

135 814 202 857 los
243 814 461 869 dispergit.
531 814 583 855 Et
620 818 665 856 ut
704 814 969 856 beatissimus
1008 813 1297 855 recitationem
1337 812 1425 853 eius
1466 814 1638 852 eventus

135 891 435 942 prosequatur,
481 887 617 928 omnis
660 887 729 928 illa
769 887 860 928 laus
899 888 1005 928 intra
1047 899 1172 928 unum
1211 890 1281 927 aut
1310 885 1482 927 alterum
1513 884 1638 936 diem,

138 961 253 1004 velut
282 961 325 1002 in
354 960 485 1002 herba
515 960 583 1002 vel
610 960 715 1002 flore
742 965 980 1014 praecepta,
1012 960 1063 1002 ad
1094 959 1245 1001 nullam
1279 963 1434 1001 certam
1465 963 1506 999 et
1533 957 1641 1000 soli-

137 1034 234 1077 dum
263 1034 457 1088 pervenit
486 1034 670 1088 srugem3
702 1046 780 1075 nec
812 1038 882 1075 aut
905 1033 1127 1074 amicitiam
1153 1033 1251 1074 inde
1266 1033 1398 1074 refert
1417 1035 1486 1073 aut
1502 1031 1638 1072 clien-
1652 1041 1692 1076 ιο

139 1107 266 1150 telam
310 1111 379 1150 aut
418 1119 656 1150 mansurum
699 1108 742 1148 in
789 1108 926 1149 animo
974 1107 1216 1160 cuiusquam
1254 1103 1638 1157 beneficium‚1sed

142 1181 368 1224 clamorem
398 1193 549 1236 vagum
584 1186 624 1222 et
653 1194 783 1223 voces
815 1182 963 1223 inanes
992 1185 1032 1222 et
1062 1180 1259 1235 gaudium
1284 1179 1469 1220 volucre.
1528 1178 1641 1219 Lau-

141 1256 331 1298 davimus
360 1267 493 1309 nuper
522 1260 566 1296 ut
593 1256 738 1297 miram
770 1260 810 1297 et
841 1255 1033 1298 eximiam
1063 1253 1310 1308 Vespasiani
1335 1252 1639 1302 liberalitatem,

141 1331 254 1385 quod
284 1331 511 1385 quingenta
541 1330 734 1371 sestertia
751 1329 881 1371 Basso
914 1329 1125 1370 donasset.
1156 1326 1370 1368 Pulchrum
1399 1326 1440 1366 id
1462 1325 1641 1378 quidem,

142 1404 440 1460 indulgentiam
464 1404 663 1458 principis
683 1403 856 1458 ingenio
876 1403 1052 1444 mereri:
1085 1406 1237 1455 quanto
1260 1405 1396 1441 tamen
1414 1398 1640 1453 pulchrius,
1658 1417 1694 1446 1⁵

142 1480 180 1521 si
207 1480 267 1521 ita
294 1491 364 1521 res
396 1478 611 1520 familiaris
645 1478 809 1533 exigat,
854 1491 900 1519 se
941 1478 1074 1531 ipsum
1106 1476 1272 1527 colere,
1323 1487 1440 1516 suum
1474 1473 1642 1528 genium

143 1553 396 1607 propitiare,
434 1565 550 1594 suam
581 1553 764 1606 experiri
795 1551 1116 1594 liberalitatem?

242 1689 278 1723 8.
306 1689 374 1722 ista
399 1688 436 1721 P.

152 1785 282 1820 ceteris
308 1784 356 1818 P:
383 1786 540 1818 correxit
567 1784 722 1828 Lipsius.

151 1833 259 1868 idem.
332 1833 447 1867 adiice
472 1832 509 1875 P,
536 1837 574 1866 ut
598 1832 703 1867 solet.

149 1967 285 2014 legitur
305 1969 329 2001 ἱ
355 1969 422 2012 (=
447 1970 533 2012 est).
564 1965 651 2000 Inde
671 1966 865 2012 cognosci-

152 2026 230 2050 mus
254 2016 292 2048 in
309 2014 504 2058 exemplari
526 2013 736 2048 Germanico
753 2014 864 2048 ruisse

157 2062 406 2108 compendium
441 2062 645 2108 ambiguum
686 2063 779 2096 inter
812 2072 864 2106 eu)

154 2114 220 2156 (=
247 2112 345 2158 eius)
374 2115 410 2145 et
436 2112 454 2144 ἑ
486 2113 544 2155 (=
578 2114 666 2156 est).
710 2110 866 2145 Orellius

154 2161 229 2194 cius
251 2169 323 2193 non
348 2159 441 2194 bene
466 2159 598 2192 omisit.

231 2229 269 2263 ln·
292 2230 383 2262 em'm
413 2229 519 2263 Basso
544 2229 637 2262 domi
651 2235 865 2262 nascuntur:

156 2281 211 2311 est
236 2276 371 2310 locutio
389 2276 638 2320 proverbialis,
669 2277 765 2310 dere
784 2278 867 2320 poni

156 2324 264 2358 solita
300 2335 404 2369 quam
448 2326 527 2369 quis
563 2324 661 2357 solus
700 2329 735 2357 et
789 2326 868 2356 sine

158 2372 334 2406 molestiis
359 2372 533 2416 perficere
559 2376 677 2414 potest
704 2371 798 2414 (Cic.
825 2370 869 2403 ad

157 2419 254 2455 Fam.
282 2420 328 2454 lx
355 2421 391 2461 3,
418 2419 526 2453 Acad.
558 2418 588 2452 ΙΙ
616 2419 695 2464 25).
724 2417 778 2451 cf.
802 2428 869 2451 an-

158 2473 232 2502 not.
258 2467 302 2501 ad
329 2467 409 2502 xtlt
436 2468 481 2502 42
510 2471 598 2501 extr.
852 2483 855 2485 Δ

230 2538 363 2572 libellos
383 2538 570 2583 disperyit:
598 2535 730 2569 libellos
747 2535 871 2578 accipe

159 2588 410 2621 invitationum
447 2588 481 2619 in
517 2584 645 2630 qulbus
684 2583 728 2616 de
761 2593 872 2627 argu-

160 2640 280 2669 mento
307 2633 480 2667 nonnulla
500 2633 662 2676 exposita
680 2630 739 2663 vel
756 2631 872 2675 signi-

161 2682 263 2716 ficata
287 2686 419 2715 essent.
455 2679 618 2714 Codicilli
643 2677 874 2718 vocabantur,

161 2732 191 2765 si
218 2731 382 2764 invitatio
410 2728 577 2762 brevibus
606 2725 769 2770 epistolis
790 2734 872 2769 per-

162 2778 347 2824 agebatur.
416 2776 551 2809 Plinius
587 2774 699 2818 Epist.
731 2772 776 2806 111
805 2773 874 2807 18:

164 2827 240 2872 cepi
265 2831 379 2859 aulem
405 2835 476 2857 non
490 2823 697 2856 mediocrem
712 2820 874 2866 volupta-

163 2881 231 2909 tem
256 2874 355 2918 quod,
383 2873 475 2906 hunc
501 2871 626 2904 librum
653 2869 873 2915 (Panegyri-

166 2933 243 2957 cum
270 2921 428 2966 Traiani)
468 2932 543 2954 cum
573 2918 695 2952 amicis
720 2919 875 2951 recitare

164 2971 365 3013 voluissem,
391 2979 463 3002 non
487 2979 551 3014 per
579 2965 770 3009 codicillos,
804 2975 875 2999 non

275 3054 400 3084 Tacitus
425 3051 480 3083 IV.

534 1688 568 1723 9.
594 1694 763 1734 percepta
788 1687 841 1721 P:
875 1687 902 1721 F
927 1692 1133 1733 praecepta.

152 1738 247 1772 erius
274 1737 311 1779 P,
338 1735 432 1770 idem
458 1740 541 1769 ante
562 1737 598 1769 in
623 1737 692 1770 hoc
719 1738 836 1780 capite
861 1735 1012 1781 pulchri.

1175 1549 1310 1591 Adice
1343 1548 1453 1602 quod
1490 1546 1639 1600 poetis,

1224 1686 1278 1719 14.
1302 1683 1464 1729 pulcrum
1493 1704 1536 1709 —-
1559 1681 1644 1727 pul-

1155 1734 1210 1768 16.
1236 1744 1334 1766 suum
1358 1731 1538 1776 ingenium
1565 1739 1646 1764 cum

826 1785 880 1819 17.
911 1783 1106 1818 libertatem
1134 1793 1212 1816 cum
1241 1781 1372 1815 ceteris
1402 1780 1449 1813 P:
1490 1778 1646 1813 correxit

930 1976 996 2010 per
1022 1963 1174 2005 libellos,
1200 1963 1260 1996 sed
1280 1961 1325 1995 ‘si
1352 1960 1564 1994 commodum
1589 1971 1647 1994 es-

934 2013 996 2046 set’
1026 2018 1057 2046 et
1081 2012 1124 2045 ‘si
1147 2010 1249 2044 valde
1273 2008 1450 2051 vacat-eff,
1479 2008 1648 2042 admoniti

935 2081 980 2087 —
1004 2072 1069 2106 per
1097 2060 1234 2093 biduum
1260 2062 1507 2091 convenerunt.
1538 2054 1647 2090 Cete-

935 2119 1010 2141 rum
1051 2107 1162 2141 Taciti
1201 2106 1310 2140 verba
1347 2105 1648 2138 absolutissimam

935 2157 1185 2190 recitationum
1227 2154 1419 2199 imaginem
1463 2152 1645 2196 praebent.

937 2205 1040 2238 Conf.
1058 2203 1237 2238 luvenalis
1256 2200 1486 2235 vt135—97.
1513 2199 1647 2233 Plinius

936 2253 1048 2296 Epist.
1078 2252 1089 2284 ι
1120 2253 1173 2293 13,
1200 2250 1231 2283 ιι
1261 2251 1315 2283 14.

995 2321 1085 2354 velut
1099 2321 1135 2352 in
1152 2319 1262 2351 herba
1276 2318 1330 2351 tel
1341 2319 1425 2361 flore
1436 2321 1648 2361 praecepta.-

941 2368 973 2401 b.
994 2379 1026 2401 e.
1043 2368 1225 2399 immatura
1251 2370 1332 2398 ante
1362 2365 1491 2397 iustum
1510 2369 1647 2406 tempus

938 2419 1140 2459 praecepta.
1205 2412 1320 2446 Herba
1348 2417 1383 2445 et
1409 2411 1472 2444 flos
1500 2410 1648 2455 perinde

939 2464 1134 2507 iunguntur
1147 2462 1187 2495 Η.
1207 2463 1234 2494 V
1252 2461 1285 2494 7.
1312 2459 1509 2493 Theodisce
1533 2460 1649 2492 inter-

940 2516 1080 2554 pretare
1099 2521 1156 2542 am
1171 2509 1284 2543 Krane
1298 2509 1383 2541 oder
1396 2518 1444 2540 an
1460 2507 1522 2540 der
1536 2506 1647 2540 Reme.

941 2559 994 2592 De
1021 2559 1219 2601 composito
1254 2555 1366 2589 verbo
1399 2561 1590 2600 praecepta
1613 2565 1646 2587 v.

942 2611 1062 2640 annot.
1087 2605 1130 2639 ad
1157 2606 1198 2639 Η.
1223 2604 1351 2649 111165.

1013 2688 1048 2710 se
1072 2677 1182 2721 ipsum
1209 2674 1340 2715 colere,
1379 2682 1475 2705 suum
1512 2671 1651 2715 genium

938 2725 1159 2770 propitiare:
1188 2723 1332 2768 genium
1355 2720 1585 2762 propinamus
1598 2717 1651 2750 si-

943 2783 989 2806 ve
1016 2772 1206 2816 propitium
1238 2769 1397 2807 facimus,
1428 2776 1505 2799 cum
1533 2765 1565 2799 ei
1593 2765 1651 2797 in-

945 2819 1132 2865 dulgemus
1169 2827 1321 2860 eumque
1358 2823 1541 2854 curamus;
1589 2811 1652 2845 sed

945 2868 1003 2912 qui
1031 2867 1174 2911 genium
1202 2874 1302 2896 suum
1327 2866 1446 2903 curat,
1471 2871 1510 2894 se
1537 2861 1653 2903 ipsum

945 2919 1044 2948 curat
1090 2917 1125 2946 et
1162 2911 1259 2945 colit.
1306 2910 1435 2943 Verum
1473 2919 1508 2941 sc
1542 2909 1655 2952 ipsum

943 2962 1057 2997 colere
1073 2969 1284 3007 quamquam
1299 2958 1654 3002 interpretamentum

1404 3032 1456 3075 12
