1768 3216
655 199 1000 245 amour-touls,

54 326 69 332 ·’
136 327 216 353 cum
247 317 365 354 Plinio
399 317 491 354 falsa
531 323 651 354 narrat
688 319 735 354 de
767 318 806 354 L.

135 378 268 416 Pisone
286 378 472 423 praefecto
491 379 589 414 urbis
603 379 626 414 6
649 380 703 414 11.
728 379 814 413 item

135 443 231 473 emt
255 439 301 473 de
337 439 493 483 epistola
528 439 712 485 legionum
746 449 816 473 no-

136 499 234 532 mine
258 497 303 533 nd
330 497 518 532 Claudium
547 500 655 536 missa
684 500 722 533 11
753 499 810 534 20.

131 557 227 592 idem
253 556 445 595 dicendum
471 558 517 593 de
540 563 683 601 aetate,
710 569 812 604 quam

133 617 276 658 Heroni*
309 617 455 661 tribuit,
490 629 569 653 cum
611 629 632 653 a
664 618 814 653 Claudio

132 676 366 723 adoptaretur
394 679 437 712 12
454 678 512 712 25.
544 683 637 712 errat
653 677 698 713 de
713 682 807 712 tem-

136 747 225 782 pore
253 749 324 784 quo
351 738 607 778 Germanorum
637 737 749 784 legati
775 739 811 771 in

134 797 275 832 theatro
302 798 397 832 inter
424 803 542 842 patres
576 797 807 837 considerunt

127 858 184 893 ’13
208 859 268 894 54.
294 858 481 904 impugnat
509 869 602 904 quae
615 857 756 894 Tacitus
770 858 815 892 de

134 918 329 954 carminum
355 918 483 955 studiis
505 917 658 957 Neronis
692 923 811 952 narrat

137 978 183 1015 14
213 977 268 1013 16.
331 977 377 1012 de
408 978 614 1012 Neroniano
648 977 814 1012 incendio

138 1039 256 1074 minus
284 1042 389 1071 caute
420 1037 527 1071 tradit
557 1038 598 1072 15
622 1037 671 1077 38
695 1041 732 1071 et
752 1036 813 1071 39.

13 1119 18 1123 «
135 1098 172 1132 in
211 1097 354 1132 levibus
391 1097 616 1143 diligentiam
656 1097 814 1137 ostendit

12 1182 14 1185 f
61 1202 63 1206 Χ
138 1151 168 1192 'u
198 1157 216 1191 l
243 1157 303 1199 27,
332 1157 355 1191 3
379 1155 429 1191 84
456 1160 492 1190 et
521 1156 581 1191 85.
633 1156 678 1190 de
705 1155 816 1198 Galba

131 1217 170 1253 in
214 1214 368 1250 Othonis
405 1215 586 1250 seditione
626 1226 647 1249 a
686 1214 808 1249 Tacito

133 1275 312 1319 discrepat
336 1274 366 1309 ll
394 1275 413 1309 1
438 1274 498 1310 34.
526 1274 595 1309 sibi
625 1275 703 1319 ipse
729 1283 801 1307 non

137 1339 278 1369 constat
320 1334 349 1368 ll
378 1334 396 1368 1
423 1333 496 1376 49,
538 1334 559 1367 2
588 1334 648 1368 49.
710 1338 813 1368 atrox

133 1395 172 1430 in
207 1395 414 1429 memoriam
457 1393 598 1428 Vitellii
635 1393 665 1427 ll
698 1395 720 1428 2
749 1394 806 1428 70.

134 1455 231 1498 circa
257 1454 446 1500 praesagia
474 1458 510 1487 et
534 1452 706 1487 miracula
724 1452 810 1486 dili-

135 1514 366 1561 gentissimus
380 1513 406 1547 Η
426 1514 448 1547 2
467 1513 526 1548 78.
545 1512 589 1546 de
601 1513 809 1557 vespasiani

132 1573 391 1619 proconsulatu
414 1573 559 1608 Africae
587 1583 666 1607 cum
689 1571 810 1607 Tacito

133 1638 271 1681 pugnat
294 1633 326 1668 11
354 1635 374 1668 2
400 1633 459 1668 97.
486 1633 530 1667 de
546 1632 713 1667 Helvidio
729 1633 807 1667 l’ri-

137 1705 200 1729 sco
227 1695 351 1740 iniqua
377 1694 483 1727 tradit
502 1693 616 1728 1146.
646 1703 716 1726 uon
732 1692 808 1727 dis-

136 1759 259 1800 crepat
285 1766 305 1789 a
330 1754 451 1796 Tacito
486 1755 522 1787 in
556 1754 602 1789 iis
637 1763 728 1799 quae
762 1753 807 1787 de

136 1815 355 1860 Vespasiano
391 1813 655 1847 restitutionem
698 1813 807 1857 Capi-

134 1875 214 1909 tolii
242 1883 415 1920 aggresso
441 1877 559 1907 narrat
584 1872 613 1906 ll
638 1871 661 1906 4
687 1873 745 1907 53.

87 1938 288 1978 Suevorum
324 1938 453 1980 gentes
489 1934 581 1966 intra
615 1932 748 1966 Marum
777 1936 813 1966 et

136 1994 268 2039 Cusum
295 1998 443 2033 coortae
468 1993 504 2026 in
529 1993 708 2027 Romanos
732 1991 762 2025 fl
791 1993 805 2025 1

137 2055 172 2098 2,
197 2055 221 2089 3
243 2055 279 2089 5.
309 2054 509 2088 Suevorum
537 2051 642 2087 sedes
671 2050 699 2085 G
724 2051 785 2086 38.

82 2118 259 2161 suggestu
289 2113 388 2159 loqui
413 2123 485 2147 non
510 2111 661 2155 dicitur,
699 2110 762 2145 sed
791 2121 811 2145 e

132 2178 310 2221 suggestu
339 2173 367 2209 ll
398 2174 414 2206 1
446 2173 504 2207 55.

80 2234 270 2280 Sugambri
296 2243 317 2267 a
341 2232 483 2271 Tiberio
511 2233 546 2266 in
565 2231 714 2265 Galliam
738 2235 812 2264 tra-

127 2294 225 2329 ducti
252 2295 276 2329 2
305 2293 364 2328 26.

82 2354 263 2400 Sulpicius
290 2353 447 2388 Severus
472 2352 630 2387 Tacitum
653 2350 810 2384 imitatur

133 2415 177 2457 15
202 2415 249 2457 ,37
278 2419 315 2448 et
337 2411 398 2459 44.

80 2485 253 2521 summam
286 2485 360 2511 rem
398 2472 578 2518 publicam
606 2473 664 2517 agi
701 2473 741 2505 12
769 2473 802 2508 5.

134 2534 178 2575 15
203 2534 250 2580 37
277 2539 313 2571 et
337 2533 396 2579 44.

87 2594 310 2639 Sunucorum
340 2593 444 2627 sedes
475 2593 500 2626 Η
530 2593 553 2628 4
578 2591 636 2626 66.

81 2654 248 2698 superbia
275 2653 453 2688 invidiose
480 2652 572 2685 dicta
604 2662 667 2695 pro
690 2651 797 2685 animi

139 2714 384 2760 magnitudine
415 2714 440 2747 Η
470 2714 490 2746 3
520 2712 577 2747 66.

82 2784 274 2819 superesse
303 2775 326 2808 i.
350 2785 381 2808 c.
400 2772 530 2810 multos
548 2771 674 2807 adesse
693 2770 736 2806 16
752 2770 810 2805 26.

134 2833 226 2870 idem
256 2833 351 2880 quod
375 2832 602 2877 superstitem
631 2840 711 2865 esse
738 2830 766 2864 lt
788 2830 811 2864 4

140 2895 195 2935 lt.

1506 209 1580 250 311

858 329 967 363 super
990 318 1060 361 hac
1084 321 1244 368 imagine
1258 323 1515 369 cognitionisa
1530 325 1587 360 17.

911 389 1019 424 super
1043 380 1067 413 i.
1095 392 1129 425 q.
1155 381 1303 426 insuper
1328 382 1357 416 Η
1383 383 1406 418 2
1430 383 1491 425 34.

865 440 1090 483 superiactus
1117 440 1146 474 ll
1172 442 1196 483 3
1220 442 1280 477 29.

863 500 1156 544 superstitionum
1183 503 1417 545 persuasione
1453 503 1585 547 depre-

913 558 1071 594 hendere
1097 570 1199 597 sacra
1225 561 1408 597 Gallorum
1432 562 1464 596 A
1496 564 1550 604 11.

865 619 1001 654 Surena
1019 630 1179 656 summae
1211 626 1292 666 post
1313 632 1438 668 regem
1462 622 1586 669 digui-

905 679 987 712 tatis
1011 679 1239 724 apudl‘ersas
1262 681 1510 724 vocabulumti
1525 682 1584 723 42.

861 748 1056 782 suscenseo
1081 739 1104 777 3,
1134 740 1189 781 12.

856 799 1041 843 suscipere
1069 810 1144 839 rem
1171 799 1352 844 publicam
1378 801 1407 835 Η
1434 802 1458 842 2
1490 803 1520 836 i.

862 863 1071 903 suspectare
1098 864 1134 894 et
1158 860 1331 904 suspicari
1361 862 1377 894 1
1405 861 1439 896 5.

858 918 1022 962 syllabae
1048 919 1108 953 vel
1133 919 1311 955 vocabula
1329 930 1394 964 per
1411 921 1586 962 incuriam

914 977 1138 1013 librariorum
1164 980 1201 1020 in
1224 978 1333 1016 alium
1361 990 1502 1022 versum
1519 979 1585 1017 de-

914 1036 987 1071 lata
1018 1038 1061 1071 13
1087 1038 1147 1080 26,
1177 1038 1221 1072 14
1245 1039 1304 1081 20,
1336 1040 1379 1074 ¹5
1406 1040 1453 1077 28
1478 1044 1548 1081 cet.

862 1106 1142 1141 synonymorum
1186 1097 1349 1135 cumulus
1392 1098 1429 1138 in
1465 1098 1586 1138 verbis

914 1156 1001 1200 Apri
1030 1155 1058 1190 0
1083 1155 1117 1190 8.

860 1214 962 1258 Syria
988 1214 1160 1249 militibus
1188 1225 1208 1248 a
1239 1215 1461 1260 Vespasiano
1488 1217 1579 1252 reli-

900 1274 966 1307 ctis
982 1278 1106 1307 contra
1117 1274 1265 1311 Parthos
1289 1274 1438 1316 defensa
1451 1275 1477 1319 ῌ
1487 1276 1511 1310 2
1521 1276 1583 1313 82.

859 1403 924 1437 per
950 1392 1116 1435 tabellam
1143 1393 1228 1427 dare
1255 1394 1461 1440 testimonia
1477 1393 1579 1437 036.

860 1452 1036 1488 tabularia
1061 1452 1345 1500 (Rreeeerbuden)
1371 1453 1399 1488 Ο
1425 1452 1486 1488 39.

861 1512 981 1558 talium
1009 1517 1045 1547 et
1069 1512 1170 1551 tabes
1194 1514 1217 1547 2
1242 1512 1301 1552 69.

861 1571 971 1607 Taciti
1006 1571 1100 1616 vita,
1152 1572 1289 1615 studia,
1338 1573 1579 1619 magistratuS,

905 1642 1014 1678 opera
1048 1643 1083 1666 v.
1114 1632 1349 1677 Prooemium.
1390 1632 1581 1679 diligentia

905 1693 941 1726 iu
968 1692 1196 1738 depingendo
1214 1692 1355 1730 Tiberio
1372 1693 1395 1727 3
1416 1693 1473 1727 73.
1503 1694 1580 1728 eius

904 1763 989 1788 usus
1016 1754 1053 1787 iu
1077 1752 1281 1795 nominibus
1306 1753 1460 1797 propriis
1475 1753 1499 1787 3
1519 1753 1579 1797 49,

905 1813 1020 1854 614,
1062 1814 1100 1847 11
1135 1813 1214 1849 let
1238 1811 1261 1846 6
1290 1816 1325 1845 et
1354 1811 1412 1854 18,
1451 1812 1492 1847 12
1518 1812 1579 1855 41,

915 1872 1030 1907 1312
1057 1876 1093 1906 et
1116 1872 1184 1914 30,
1219 1870 1263 1906 14
1288 1871 1357 1913 29,
1405 1871 1446 1905 15
1472 1871 1519 1906 25
1546 1875 1583 1905 et

911 1932 956 1967 70
985 1936 1021 1965 et
1048 1932 1089 1965 71
1119 1935 1153 1965 et
1184 1931 1241 1973 72,
1272 1929 1315 1970 16
1344 1931 1400 1965 14.
1432 1932 1459 1965 Η
1481 1933 1496 1963 1
1523 1931 1581 1975 70,

907 1992 929 2025 2
961 1991 1020 2033 65,
1058 1991 1081 2024 3
1106 1989 1154 2025 34
1178 1995 1214 2024 et
1240 1990 1305 2033 77,
1345 1988 1370 2027 4
1395 1991 1429 2024 5.
1467 1989 1496 2035 (ᾗ
1520 1991 1580 2035 37.

910 2051 941 2084 A
957 2050 1003 2083 44
1021 2054 1055 2083 et
1069 2049 1128 2084 45.
1156 2048 1250 2084 040.
1275 2048 1461 2090 Ciceronis
1476 2049 1520 2084 de
1530 2049 1582 2083 Re

911 2110 1055 2154 publica
1074 2108 1185 2144 libros
1201 2110 1347 2155 respicit
1365 2110 1389 2142 4
1413 2109 1471 2143 33.
1498 2111 1582 2154 item

912 2170 1069 2204 Platonis
1097 2169 1287 2204 Civitatem
1313 2170 1334 2202 6
1361 2169 1394 2204 6.
1424 2170 1501 2202 eius
1526 2179 1582 2203 ars

911 2235 947 2265 et
965 2231 1080 2264 ironia
1096 2231 1130 2263 in
1143 2229 1313 2263 narranda
1325 2228 1459 2263 Valerii
1473 2229 1582 2272 Asia-

902 2290 963 2323 tici
991 2300 1098 2323 causa
1124 2289 1256 2334 insigni
1286 2288 1368 2322 dolo
1398 2299 1419 2326 a
1444 2288 1579 2323 Messa-

908 2350 981 2384 lina
1018 2354 1054 2383 et
1086 2348 1230 2393 Vitellio
1266 2349 1498 2393 circumventi
1537 2350 1578 2391 11

906 2411 940 2445 3.
986 2410 1122 2455 duabus
1148 2409 1369 2447 orationibus
1395 2409 1581 2453 praeclare

902 2471 1019 2516 pingit
1045 2470 1191 2515 ingenia
1217 2469 1378 2504 Senecae
1406 2474 1442 2503 et
1464 2468 1580 2512 Nero-

905 2531 960 2567 nis
978 2530 1021 2569 14
1046 2529 1103 2566 53.
1140 2533 1219 2575 post
1245 2527 1495 2573 memorabiles
1522 2539 1578 2569 res

905 2593 1063 2623 narratas
1115 2588 1312 2633 adiungere
1358 2586 1451 2624 solet
1487 2597 1579 2631 quae

907 2660 1021 2683 rernm
1065 2648 1132 2682 fide
1168 2647 1254 2680 tradi
1303 2651 1485 2691 nequeunt
1535 2646 1576 2687 14

910 2710 967 2743 64.
998 2710 1073 2743 nius
1101 2707 1257 2741 Annales
1283 2706 1347 2740 sub
1366 2707 1498 2749 exitum
1518 2716 1578 2743 sc-

910 2769 980 2802 culi
1011 2769 1125 2813 quarti
1166 2771 1201 2800 et·
1236 2766 1375 2799 initium
1402 2765 1516 2810 quipti
1543 2765 1577 2798 in

911 2826 1074 2874 inanibus
1096 2825 1279 2871 doctorum
1296 2825 1476 2859 homiuum
1495 2834 1579 2868 yer-

906 2888 972 2920 sati
1002 2891 1081 2920 sunt
1113 2887 1154 2920 15
1181 2885 1237 2919 37.
1268 2884 1310 2918 cf.
1343 2895 1373 2918 c.
1400 2882 1458 2929 44.
1501 2884 1579 2925 βίης
