1768 3216
151 225 228 264 248
762 219 822 256 DE
848 220 1052 257 MATERM

155 344 185 385 t⁴
218 343 284 385 111.
318 356 353 396 p.
393 339 513 383 1464.
577 339 658 383 Sed
701 352 854 382 nomen
898 339 1049 394 duplex
1088 340 1275 382 eiusdem
1318 340 1482 384 fabulae
1518 342 1651 384 minus

153 423 285 469 recte,
317 417 353 458 si
385 415 481 469 quid
513 415 653 468 video,
687 415 822 457 adhuc
856 415 1103 470 explicatum
1136 420 1210 457 est.
1257 415 1360 457 Nam
1381 415 1490 470 quod
1515 417 1655 459 statuit

153 491 432 534 NeukIrchius
469 503 629 544 suoque
669 502 846 532 assensu
887 491 1130 544 comprobat
1167 489 1442 544 Eckstenius‚
1488 490 1657 545 plenum

154 565 335 607 indicem
371 565 500 607 fuisse
531 565 755 606 Domitium
798 566 1032 618 Neronem,
1082 566 1124 607 id
1164 565 1277 608 nullo
1319 565 1445 608 modo
1485 566 1657 621 probari

153 644 302 694 potest,
338 653 428 682 cum
461 640 511 692 is,
544 640 611 694 qui
644 640 808 682 fabulae
839 653 993 682 nomen
1028 641 1154 693 dedit,
1187 640 1297 683 Nero
1329 642 1540 684 Romanus
1572 642 1654 684 im-

153 720 346 770 perator,
391 719 486 757 ante
517 727 632 757 suam
666 715 932 769 adoptionem
964 728 1094 770 usquc
1127 716 1178 758 ad
1208 728 1359 758 annum
1389 717 1655 760 aetatis'ter-

154 790 252 831 tium
279 789 476 831 decimum
507 791 583 842 (cf.
617 790 744 832 Tacit.
778 790 853 832 XII
882 791 935 832 25
969 795 1009 832 et
1043 791 1124 842 58,
1173 791 1268 833 XIII
1297 792 1345 843 6)
1386 792 1477 834 sive
1507 805 1530 834 a
1559 791 1654 834 Chr.

154 869 251 906 natu
284 864 671 920 quinquagesimum
703 864 907 906 Domitius
940 863 1242 918 Aenobarbus,
1294 878 1391 907 mox
1425 879 1448 907 a
1483 865 1656 908 Claudio

153 939 340 994 principe
371 940 412 980 in
446 939 639 980 familiam
675 943 715 981 et
745 952 898 981 nomen
932 939 1198 981 Claudiorum
1219 940 1438 994 adoptatus
1457 941 1653 983 continuo

155 1012 268 1056 Nero
303 1014 502 1055 Claudius
534 1027 670 1068 neque
697 1027 876 1067 unquam
898 1014 1099 1056 DomitIus
1122 1014 1400 1056 Aenobarhus
1421 1019 1656 1058 vocaretur.

155 1089 219 1131 Ex
250 1088 429 1130 diversis
460 1093 595 1129 autem
629 1088 882 1142 temporibus
914 1100 1066 1129 nomen
1097 1088 1257 1143 gentile
1282 1088 1505 1130 Domin'um
1537 1094 1577 1132 et
1598 1090 1658 1132 sa-

158 1163 297 1205 miliae
342 1163 588 1204 vocabulum
621 1161 880 1204 Neronema
905 1163 1094 1204 Materno
1139 1163 1406 1204 commixtum
1451 1175 1571 1217 esse,
1616 1164 1658 1205 id

159 1250 294 1292 neque
327 1238 441 1300 credi
470 1250 605 1291 neque
637 1238 743 1278 iuste
775 1237 975 1291 explicari
1006 1241 1155 1290 potest.
1231 1237 1344 1279 Bene
1385 1237 1514 1292 igitur
1561 1238 1662 1280 fecit

159 1313 433 1364 Welckerus,
476 1312 586 1365 quod
617 1312 696 1353 hac
724 1312 791 1353 via
824 1323 908 1353 non
940 1315 1158 1353 contentus
1204 1311 1327 1354 aliam
1367 1312 1661 1367 circumspexit

161 1395 221 1439 (v.
255 1387 460 1442 Tragoed.
497 1387 565 1428 Gr.
598 1390 624 1427 t.
657 1386 723 1428 111.
756 1399 795 1440 p.
834 1385 994 1438 1464),
1038 1387 1250 1440 quamvis,
1282 1391 1326 1428 ut
1355 1387 1452 1429 mihi
1481 1387 1659 1440 videtur,

162 1467 202 1504 et
233 1462 320 1516 ipse
353 1474 374 1502 a
407 1475 507 1503 vera
539 1461 811 1504 aberraverit.
856 1461 1014 1516 Quippe
1046 1462 1324 1504 contumeliae
1356 1474 1482 1504 causa
1514 1462 1662 1504 Domi-

163 1537 261 1578 tium
290 1537 385 1578 huic
419 1537 582 1579 fabulae
616 1537 798 1578 indicem
831 1537 983 1578 sactum
1019 1549 1115 1578 esse
1142 1541 1278 1591 putat,
1328 1550 1411 1579 non
1448 1537 1664 1580 Claudium

163 1611 379 1655 Neronem.
442 1612 521 1654 Sed
564 1623 670 1665 quae
710 1611 897 1665 opinioni
939 1611 1167 1653 firmandae
1213 1612 1404 1666 protulit,
1452 1626 1502 1655 ea
1541 1612 1662 1655 nimis

163 1687 323 1728 infirma
356 1690 463 1728 sunt.
524 1686 687 1727 Etenim
719 1686 755 1727 si
789 1690 921 1728 mater
951 1687 1134 1728 Neronis
1164 1686 1395 1742 Agrippina
1425 1687 1666 1729 succensuit

164 1766 239 1812 (eo
272 1762 519 1815 provocavit
548 1761 833 1816 Welckerus),
871 1762 981 1816 quod
1013 1762 1136 1804 fillum
1169 1774 1286 1804 suurn
1318 1776 1341 1804 a
1374 1762 1546 1804 Claudio
1583 1762 1665 1804 iam

165 1836 401 1891 adoptatum
432 1836 535 1877 alter
576 1841 616 1879 et
642 1849 766 1878 verus
799 1836 958 1878 Claudii
989 1837 1094 1878 filius
1128 1837 1389 1879 Britannicus
1422 1837 1546 1879 etiam
1582 1841 1665 1878 tum

165 1911 386 1952 Domitium
431 1911 651 1964 salutavit,
702 1924 786 1953 non
814 1910 1018 1952 Neronem
1055 1916 1115 1962 (v.
1149 1912 1276 1954 Tacit.
1308 1912 1383 1954 XII
1413 1911 1517 1965 41),
1562 1912 1665 1954 haec

165 1985 344 2027 Neronis
390 1985 654 2038 adoptionem
685 1998 707 2026 a
745 1985 986 2027 Britannico
1018 1986 1237 2040 reprobari
1278 1990 1318 2027 et
1366 1998 1448 2028 non
1491 1986 1667 2042 agnosci

167 2059 323 2111 putavit
353 2059 442 2099 sive
470 2071 517 2099 se
546 2063 691 2111 putare
722 2059 930 2100 simulavit
962 2060 1085 2113 idque
1115 2060 1288 2115 indigne
1322 2061 1461 2101 tulit³¹z
1502 2061 1544 2102 in
1574 2061 1665 2114 ipso

167 2136 307 2174 tamen
333 2132 501 2173 Domitii
532 2133 700 2174 nomine
723 2133 824 2174 nihil
847 2145 1019 2187 prorsus
1043 2134 1318 2175 contumeliae
1341 2134 1487 2175 inerat.
1533 2134 1666 2176 Etiam

170 2207 279 2260 quod
310 2207 421 2248 Nero
454 2206 530 2248 sub
562 2206 682 2247 finem
712 2207 967 2261 principatus
991 2207 1230 2261 indignatus
1263 2211 1339 2259 est,
1371 2220 1467 2249 sese
1505 2208 1665 2250 crebris

170 2281 319 2322 edictis
350 2294 373 2322 a
404 2280 580 2322 Vindice
609 2281 759 2321 malum
791 2281 1070 2322 citharoedum
1101 2286 1139 2322 et
1161 2281 1451 2322 Aenobarbum
1474 2282 1664 2333 (Sueton.

169 2355 266 2396 Ner.
299 2354 376 2407 41)
419 2355 640 2408 appellari,
689 2355 790 2396 nihil
833 2356 1016 2397 ostendit
1055 2356 1232 2410 aliquem
1271 2356 1442 2398 Domitii
1486 2356 1669 2401 nominis.

172 2433 460 2482 contemptum.
552 2430 634 2470 lani
681 2442 782 2471 vero
828 2430 863 2471 si
906 2430 1109 2471 Domitius
1150 2434 1243 2483 post
1286 2431 1442 2472 obitum
1486 2430 1666 2473 Neronis

171 2502 324 2555 scripta
357 2507 419 2543 est
450 2507 489 2544 et
520 2504 707 2555 recitata,
736 2508 778 2544 ut
805 2505 945 2545 statuit
962 2503 1224 2557 Welckerus‚
1257 2504 1354 2558 quid
1375 2505 1542 2547 tandem
1561 2517 1668 2547 con-

171 2575 367 2618 tumeliae
398 2576 493 2617 huic
525 2578 683 2618 nomini
715 2578 1020 2620 adhaerescere
1049 2579 1180 2631 potuit
1205 2579 1247 2619 in
1281 2590 1355 2631 ec,
1395 2580 1464 2632 qui
1497 2579 1667 2620 nomine

171 2649 352 2691 Neronis
394 2650 553 2691 Claudii
593 2651 698 2703 apud
742 2663 886 2693 omnes
925 2652 1117 2695 homines
1159 2653 1351 2706 cognitus
1394 2657 1481 2696 erat
1516 2657 1557 2694 et
1598 2653 1668 2694 in-

173 2723 332 2765 fflmss?

241 2814 276 2849 4.
304 2814 495 2850 Suetonius
528 2815 672 2860 paulum
707 2827 726 2850 a
758 2816 879 2851 Tacito
952 2818 1027 2851 bum
1055 2831 1096 2852 ea:
1124 2819 1370 2853 consuetudine
1398 2819 1602 2862 salutasset,
1631 2826 1669 2854 ut

172 2863 377 2908 discrepans
411 2864 559 2898 eandem
591 2875 665 2899 rem
691 2866 744 2900 sic
769 2870 884 2900 rettu-
954 2867 1159 2901 subditiuum
1201 2868 1295 2913 apud
1333 2874 1471 2913 patrem
1517 2878 1668 2914 arguere

147 2911 215 2945 ·lit
239 2911 321 2947 Ner.
352 2913 392 2947 7:
437 2912 682 2948 Britannicum
723 2916 884 2958 fratrem,
956 2921 1101 2951 conatus
1130 2921 1179 2951 est
1205 2915 1350 2962 (Nero).

172 2959 261 3004 quod
283 2971 320 2995 se
346 2965 425 3007 post
452 2961 672 3009 adoptionem
696 2962 884 2999 Aenobar-
