1768 3216
1123 23 1147 49 „b
1215 18 1347 43 num
1412 0 1469 63 07

711 208 1021 246 HISTORIARVM
1417 219 1449 243 a.
1477 216 1514 244 u.
1539 206 1625 245 822.

136 220 208 254 184

134 335 253 386 bant,
299 313 445 374 abditis
473 328 658 383 pecuniis
689 339 763 381 per
795 325 982 390 occultos
1025 328 1094 367 aut
1125 324 1553 391 amb511059§-,52n1¹8÷
1587 327 1629 367 et

137 408 299 462 quidam
330 407 370 446 in
402 405 565 445 domum
597 379 1098 455 Caesffls'transgressi,
1143 393 1264 453 atque
1302 394 1404 454 ipsis
1446 399 1627 442 dominis

135 480 400 536 potentiores.
1570 477 1584 484 -

115 545 117 548 ’
268 551 348 594 Sed
381 550 680 604 miles,.plenis
713 550 862 609 castris
895 553 935 590 et
964 548 1225 590 redundante
1258 547 1544 602 multitudine,
1585 547 1699 594 in93

102 626 356 681 sporticibus
400 629 469 666 aut
519 624 701 665 delubris
729 603 813 666 κεῖ
840 624 943 665 urbe
981 627 1064 665 tota
1102 635 1258 678 vagus,
1299 635 1383 664 non
1424 622 1629 687 principia

130 712 322 755 noscere,
357 711 441 740 non
472 711 642 740 servare
672 698 854 752 vigilias,
887 709 1023 751 neque
1054 697 1199 739 labore
1230 697 1406 739 firmari:
1447 710 1524 752 per
1558 697 1630 739 in-

129 775 317 817 lecebras
348 773 461 814 urbis
494 776 533 814 et
563 773 782 814 inhonesta
815 772 928 812 dictu
959 783 1111 826 corpus
1144 773 1244 824 otio,
1278 772 1459 814 animum
1478 771 1627 814 libidi-

130 849 250 890 nibus
281 847 588 888 imminuebant.
648 847 876 898 Postremo,
910 859 963 887 ne
994 846 1139 888 salutis
1165 846 1331 900 quidem
1364 859 1480 900 cura,
1512 847 1629 912 irffa-

133 922 264 964 mibus
295 921 483 977 Vaticani
512 921 617 962 locis
650 932 797 975 magna
836 933 932 974 pars
973 920 1169 972 tetendit3
1217 921 1328 963 unde
1370 921 1545 964 crebrae
1584 922 1629 964 iu

83 1006 120 1036 ιο
132 983 476 1051 vul‘g‘ffs”‘'1isortes.
530 995 579 1036 Et
601 995 816 1037 adiacente
833 995 988 1048 Tiberi,
1013 995 1315 1037 Germanorum
1333 996 1628 1051 Gallorumque

0 1034 110 1116 ἰ-’ίιῗ
134 1071 314 1129 obn-onia
344 1070 500 1111 morbis
531 1081 707 1123 corpora
738 1069 916 1111 fluminis
950 1070 1127 1112 aviditas
1151 1075 1191 1111 et
1207 1074 1347 1112 aestus
1371 1071 1628 1126 impatientia

0 1167 51 1184 a
75 1130 103 1173 ’ᾖ
131 1144 339 1187 labefecit.
385 1144 556 1198 Insuper
586 1143 784 1186 confusus
807 1145 1018 1198 'pravitate
1038 1145 1105 1187 vel
1126 1146 1281 1187 ambitu
1313 1145 1418 1187 ordo
1441 1145 1626 1188 militiae.

134 1219 321 1261 Sedecim
352 1218 608 1272 praetoriae,
653 1223 844 1272 quattuor
873 1219 1060 1261 urbanae
1091 1219 1287 1262 cohortes
1319 1220 1627 1274 scribebantur,

133 1293 222 1346 quis
253 1292 414 1348 singula
445 1293 555 1334 milia
588 1293 783 1335 inessent.
844 1293 935 1335 Plus
967 1294 1009 1334 in
1041 1306 1091 1336 eo
1125 1294 1289 1337 delectu
1309 1295 1462 1338 Valens
1494 1295 1629 1338 aude-

32 1396 41 1436 Ξ.
81 1366 221 1417 isbat,
273 1370 476 1422 tamquam
526 1367 658 1421 ipsum
704 1367 926 1409 Caecinam
975 1368 1164 1422 periculo
1219 1369 1457 1422 exemisset.
1518 1369 1629 1412 Sane

4 1425 81 1505 ᾖ
133 1439 310 1481 adventu
342 1441 429 1482 eius
460 1446 598 1494 partes
631 1442 953 1495 convaluerant,
1001 1447 1040 1485 et
1078 1444 1291 1485 sinistrum
1333 1444 1434 1486 lenti
1465 1443 1628 1487 itineris

3 1495 114 1563 gfff),
131 1526 337 1556 rumorem
393 1528 592 1570 prospero
645 1516 811 1570 'proelio
864 1522 1060 1569 verterat.
1134 1518 1362 1573 Omnisque
1412 1518 1627 1562 inferioris

263 1633 297 1668 6.
326 1633 377 1668 ill.
407 1633 464 1669 Or.
562 1637 617 1671 10.
651 1636 739 1683 volq.
769 1636 826 1673 Or.

129 1679 212 1715 GMa
232 1692 240 1715 :
267 1682 419 1717 auiditas
444 1683 671 1718 Puteolanus.

130 1802 250 1827 eorum
279 1805 369 1839 quae
396 1805 480 1829 vera
509 1797 583 1830 iura
613 1796 732 1831 liberti
762 1809 840 1831 ma-

128 1842 346 1876 numissione
387 1846 570 1878 consecuti
606 1850 698 1880 sunt.
750 1847 840 1881 Hinc

130 1900 257 1924 nomen
295 1892 377 1925 iura
416 1891 616 1927 libertorum
652 1894 839 1939 explican-

131 1937 211 1971 dum
237 1948 328 1972 reor.
376 1939 503 1974 Exiliis
536 1947 762 1986 patronorum
797 1955 839 1978 ea

131 1986 208 2019 iura
236 1986 437 2022 oblitterata
479 1995 515 2023 et
549 1992 679 2025 omissa
714 1997 837 2026 erant:

134 2033 298 2068 Vitellius
315 2037 481 2072 restituit.
510 2038 607 2081 Quae
624 2041 711 2074 iuris
725 2051 839 2086 quae-

131 2083 198 2116 stio
226 2093 318 2118 nunc
332 2086 492 2130 primum,
516 2093 554 2121 ut
580 2088 732 2132 videtur,
756 2091 839 2135 agi-

132 2136 203 2165 tata
231 2137 283 2165 est
310 2138 344 2166 et
371 2136 601 2179 sequentibus
627 2137 760 2172 seculis
779 2139 840 2172 via

131 2184 334 2215 monstrata.
362 2180 416 2215 Cf.
436 2183 459 2217 l.
490 2185 510 2218 5
538 2186 573 2227 ἕ.
598 2185 738 2221 18--26
753 2185 837 2232 Dig.

132 2227 173 2261 de
199 2230 428 2273 agnoscendis
440 2237 471 2265 et
495 2233 628 2267 alendis
648 2234 764 2278 (XXV
786 2235 839 2277 3),

132 2276 155 2309 l.
186 2277 203 2310 1
231 2282 266 2310 et
298 2280 341 2312 21
370 2278 412 2313 D.
448 2280 488 2313 cle
520 2282 597 2316 iure
628 2288 839 2327 patronatus

132 2323 311 2368 (xxxvn
331 2325 403 2371 14).
444 2328 543 2363 Adde
570 2330 657 2365 eod.
685 2331 770 2366 lust.
798 2331 840 2364 de

131 2371 227 2405 bonis
245 2372 445 2408 libertorum
471 2383 503 2410 et
529 2379 840 2424 iure-patronatus

132 2419 191 2464 (Vl
218 2422 271 2465 4).
320 2421 487 2456 Martialis
514 2425 544 2458 X
569 2427 617 2460 34
649 2427 691 2460 ad
718 2427 840 2461 Traia-

131 2476 234 2499 num:
262 2469 319 2511 qui
341 2480 405 2502 sua
430 2473 581 2506 restituis
596 2473 742 2517 spoliato
759 2476 842 2508 iura

127 2520 300 2559 patron05
327 2515 458 2551 libertis
484 2521 564 2554 est-ul
592 2531 663 2554 ηοη
689 2523 755 2556 erit
779 2523 839 2556 ille

131 2574 212 2596 suis.

203 2622 267 2656 per
293 2612 444 2646 occultos
482 2620 542 2648 aut
567 2617 763 2651 ambitiosos
789 2619 841 2651 si-

131 2669 217 2692 nus.-
244 2661 340 2694 sinus
367 2662 516 2696 artificia
541 2669 622 2697 sunt
649 2670 685 2699 et
714 2677 841 2700 causa-

131 2707 246 2740 tiones
273 2708 401 2753 quibus
415 2712 549 2745 veritas
564 2713 757 2759 obtegitur,
783 2716 841 2748 ni-

132 2753 182 2787 hil
202 2756 373 2800 amplius3
402 2757 437 2792 hi
454 2761 580 2803 partim
599 2762 726 2796 occulti
739 2762 841 2797 fuere

132 2803 256 2845 partim
284 2806 467 2849 ambitiosi,
495 2807 530 2842 h.
560 2820 591 2842 e.
621 2810 739 2844 liberti
766 2822 840 2845 rem

131 2858 228 2884 suam
255 2857 314 2885 aut
346 2854 617 2891 occultaverunt
649 2863 709 2892 aut
739 2860 840 2903 prin-

131 2897 202 2976 glpi
234 2902 417 2980 ettamicis
453 2905 529 2939 eius
565 2917 605 2942 se
639 2906 838 2943 destinasse

156 2953 280 2981 lxerun
299 2974 306 2982 .

748 1686 820 1732 inp.
848 1687 912 1721 Ma.

929 1649 1167 1688 qaum-umque
1194 1638 1259 1673 Ma.
1364 1641 1418 1675 11.
1454 1639 1626 1675 meditate

1003 1687 1058 1722 14.
1088 1687 1149 1723 dil.
1178 1686 1245 1722 Ma.

980 1798 1066 1844 Cap.
1094 1800 1151 1835 93.
1186 1799 1300 1845 plenis
1328 1799 1481 1834 castris:
1509 1803 1627 1835 castra

908 1853 991 1881 sunt
1017 1847 1224 1882 cohortibus
1251 1849 1560 1892 praetorianorum
1588 1849 1627 1882 in

908 1896 996 1930 urbe
1020 1895 1228 1939 aedificata3
1270 1907 1304 1931 v.
1332 1896 1376 1930 1v
1403 1898 1437 1932 2.
1489 1895 1624 1932 Eadem

907 1955 991 1978 mox
1017 1955 1048 1979 c.
1069 1944 1117 1980 94
1136 1945 1374 1979 nominantur.
1473 1946 1514 1979 in
1534 1955 1624 1991 por-

907 1993 1031 2027 ticibus
1055 1999 1117 2028 aut
1143 1992 1320 2027 delubris.-
1346 2003 1380 2028 v.
1408 1992 1450 2026 H.
1478 1992 1494 2027 1
1519 1993 1580 2028 31.

979 2076 1051 2098 non
1070 2065 1252 2111 principia
1275 2075 1448 2098 noscere:
1476 2074 1511 2099 v.
1538 2074 1622 2100 ann.

908 2112 952 2147 ad
980 2113 1020 2147 H.
1050 2112 1063 2146 1
1092 2113 1150 2148 68.
1203 2112 1382 2157 Principia
1416 2113 1453 2146 in
1496 2114 1622 2148 castris

908 2167 990 2195 sunt
1026 2160 1088 2195 nbi
1124 2163 1279 2196 tentoria
1303 2161 1527 2196 tribunorum
1552 2163 1623 2197 mi-

908 2210 1009 2244 litum
1036 2220 1147 2255 prope
1177 2211 1408 2255 praetorium,

979 2281 1168 2326 infamibus
1211 2282 1376 2316 Vaticani
1407 2281 1515 2317 locis.-
1550 2281 1624 2317 Va-

907 2330 1046 2363 ticanus
1074 2329 1209 2364 Tiberis
1243 2331 1469 2365 inundationi
1505 2330 1623 2365 obno-

908 2379 987 2411 xius
1014 2378 1106 2412 male
1134 2378 1303 2414 audiebat
1332 2383 1479 2424 propter
1503 2381 1624 2414 aerem

908 2427 1023 2459 minus
1048 2427 1238 2463 salubrem.
1278 2426 1331 2463 Ob
1359 2427 1508 2461 eandem
1535 2437 1623 2462 cau-

908 2485 982 2507 sam
1009 2475 1120 2508 malus
1148 2476 1197 2509 ibi
1225 2487 1323 2522 ager,
1351 2477 1474 2509 vinum
1502 2476 1623 2520 pessi-

910 2532 1014 2554 mum.
1078 2523 1152 2558 Cic.
1198 2524 1242 2558 de
1274 2524 1359 2570 lege
1393 2524 1480 2570 Agr.
1508 2523 1622 2560 1135.

910 2569 1079 2604 Martialis
1106 2572 1118 2605 1
1150 2573 1205 2615 19,
1234 2573 1280 2606 Vl
1306 2572 1365 2615 92,
1393 2572 1422 2606 Χ
1446 2572 1506 2607 45.
1566 2569 1622 2607 Cf.

909 2617 1060 2653 Beckeri
1087 2619 1272 2656 Enchirid.
1305 2620 1389 2656 Ant.
1422 2621 1523 2656 Rom.
1554 2625 1580 2655 t.
1608 2620 1648 2655 1'

987 2716 1171 2751 adiacente
1212 2718 1351 2752 Tiberi:
1402 2728 1535 2753 novum
1569 2723 1624 2753 est

910 2762 1074 2798 adiacere
1101 2766 1171 2799 dici
1208 2766 1251 2800 de
1277 2765 1423 2801 flumine
1459 2770 1623 2811 praeter-

909 2810 1053 2846 fluente.
1081 2813 1230 2848 Scilicet
1256 2815 1411 2858 scriptor
1437 2825 1531 2848 nunc
1550 2824 1623 2848 non

910 2858 953 2892 ad
977 2861 1090 2895 undas
1114 2860 1252 2896 Tiberis
1281 2862 1342 2897 sed
1370 2863 1413 2896 ad
1440 2862 1626 2897 terminum

909 2906 1045 2943 Tiberis
1058 2909 1163 2944 alveo
1180 2911 1344 2947 effectum
1373 2911 1524 2946 attendit
1542 2911 1623 2946 ani-

911 2965 1017 2992 mum.
1078 2959 1138 2993 Sic
1160 2957 1297 2995 Tiberis
1320 2962 1501 3007 tamquam
1525 2963 1625 2995 motu
