1768 3216
125 222 148 247 a
173 209 214 246 c,
241 210 300 247 69.
595 210 731 246 LIBER
754 209 782 246 1.
835 209 924 246 cir.
950 209 1110 246 85—86.
1587 210 1636 245 98
1670 253 1678 260 ι

125 328 282 383 probra
311 327 470 380 iacere,
503 328 546 369 in
577 328 763 371 clamore
795 333 949 381 tamen,
982 332 1024 370 et
1053 328 1123 370 ubi
1160 327 1363 382 plurimae
1392 338 1540 380 voces,
1573 330 1643 369 aut

39 402 299 469 *setumultu
339 403 563 444 verborum
604 403 685 445 sibi
728 403 807 457 ipsi
857 403 1163 457 obstrepentes.
1226 401 1424 457 Prodigia
1472 402 1644 456 insuper

127 477 342 520 terrebant
373 477 553 519 diversis
602 477 843 519 auctoribus
884 477 1076 532 vulgata:
1119 477 1161 518 in
1200 476 1407 519 vestibulo
1450 475 1644 532 Capitolii
1734 523 1740 533 ,

129 552 309 614 ornis—sas
339 552 526 594 habenas
560 550 686 606 bigae
718 552 785 593 cui
816 553 1005 594 Victoria
1037 551 1246 594 institerat
1264 565 1275 602 3
1314 551 1504 606 erupisse
1537 551 1643 594 cella
1719 553 1756 604 ζ’»-

129 627 301 669 Iunonis
331 627 534 669 maiorem
565 625 745 669 humana
776 627 984 681 speciem3
1016 631 1192 669 statuam
1212 627 1298 669 divi
1326 627 1418 669 Iulii
1442 626 1484 668 in
1508 627 1675 670 insulas

128 701 316 744 Tiberini
347 702 479 744 amnis
511 714 664 744 sereno
698 707 740 743 et
770 702 942 744 immoto
975 702 1043 744 die
1083 702 1134 743 ab
1177 701 1412 744 Occidente
1459 702 1646 755 impri-

131 781 268 841 entem
309 774 579 828 conversam3
623 777 884 831 prolocutum
931 777 972 818 in
1014 777 1180 819 Etruria
1226 777 1403 830 bovem,
1452 777 1646 819 insolitos

131 850 369 894 animalium
399 856 558 906 partus,
593 856 634 893 et
662 852 781 906 plura
814 852 912 905 alia,
945 851 1118 893 rudibus
1150 852 1305 894 seculis
1333 852 1457 894 etiam
1479 852 1521 893 in
1541 864 1647 906 pace

132 926 378 979 observata,
411 939 519 980 quae
549 938 660 968 nunc
691 931 848 968 tantum
880 927 922 968 in
954 932 1066 969 metu
1097 927 1332 969 audiuntur.
1396 927 1477 969 Sed
1519 939 1649 981 prae-

133 1001 279 1056 cipuus
310 1006 352 1043 et
383 1014 476 1043 cum
505 1002 717 1056 praesenti
749 1002 877 1044 exitio
911 1002 1036 1044 etiarn
1054 1002 1181 1044 futuri
1202 1014 1335 1056 pavor
1360 1002 1496 1044 subita
1520 1001 1702 1045 inun-io

95 1076 303 1132 „datione
333 1076 495 1118 Tiberis
505 1090 517 1128 ;
549 1077 619 1130 qui
650 1077 855 1119 immenso
889 1081 1036 1130 auctu,
1078 1081 1252 1132 proruto
1283 1082 1411 1131 ponte
1451 1076 1647 1129 Sublicio,

134 1164 183 1193 ac
215 1155 358 1207 strage
389 1152 594 1194 obstantis
631 1151 753 1194 molis
794 1153 985 1205 refusus,
1028 1165 1114 1194 non
1162 1152 1291 1194 modo
1333 1152 1569 1194 adiacentia
1611 1155 1651 1193 et

1342 1207 1428 1217 K,-

133 1225 258 1279 plana
286 1226 404 1267 urbis
435 1226 529 1268 loca
561 1227 635 1268 sed
668 1239 819 1269 secura
851 1226 1059 1287 eiusmodi
1092 1239 1263 1285 casuum
1287 1226 1485 1281 implevit.
1531 1225 1652 1280 Rapti

829 1282 878 1286 -.-.

136 1314 159 1342 e
190 1300 358 1354 publico
390 1301 602 1355 plerique,
634 1301 775 1355 plures
807 1302 849 1343 in
884 1285 1070 1344 tabernis
1103 1306 1145 1344 et
1176 1301 1382 1343 cubilibus
1415 1300 1651 1354 intercepti.
1693 1296 1768 1354 ’ξι-ί

135 1376 283 1418 Fames
325 1376 368 1417 in
409 1376 585 1431 vulgus,
628 1377 771 1431 inopia
813 1381 1011 1434 quaestus
1052 1381 1092 1418 et
1129 1361 1305 1431 penuria
1346 1354 1768 1418 ειίἰηπιεῐιῑοιηυη.ιεΜ

272 1505 307 1539 3.
333 1503 424 1548 νοις.
453 1503 512 1539 Or.
567 1504 602 1539 4.
628 1504 734 1549 uiqae
760 1502 826 1538 Ma.
887 1504 920 1538 5.
943 1504 1057 1549 specie
1088 1502 1154 1547 Ma,
1184 1505 1291 1550 spetie
1319 1503 1367 1538 G:
1402 1503 1552 1548 speciem
1581 1501 1654 1535 Pu-

142 1551 322 1587 teolanus.
385 1553 418 1587 7.
446 1552 609 1587 insolitas
637 1554 693 1598 (in
720 1563 792 1599 mg.
827 1563 845 1585 o
873 1552 916 1586 ab
945 1552 1069 1586 eadem
1095 1556 1222 1599 manu)
1254 1551 1319 1586 Ma.
1400 1554 1454 1586 11.
1471 1553 1556 1586 inm.
1584 1550 1651 1585 Ma.

134 1608 306 1648 prorupta
333 1600 438 1635 Gna:
467 1603 623 1636 correxit
649 1601 674 1635 l.
702 1601 760 1635 Fr.
790 1600 1004 1635 Gronovius.
1087 1603 1141 1636 ¹2.
1173 1602 1380 1635 adiacentia
1413 1600 1555 1634 editor:
1589 1610 1654 1634 co-

144 1649 243 1684 dices
269 1651 440 1684 iacentia.
530 1650 584 1686 14.
613 1650 829 1684 excubitibus
856 1648 930 1684 Ma:
959 1656 991 1683 et
1019 1650 1188 1684 cubiculis
1214 1650 1254 1684 G.
1363 1650 1419 1684 15.
1445 1648 1566 1694 volgus
1593 1648 1652 1683 Or.

138 1699 262 1744 inopia
289 1720 332 1726 —-
359 1701 382 1735 2
408 1701 431 1734 2
461 1699 613 1745 Cyprum
639 1699 768 1733 desunt
789 1697 856 1741 Ma,
884 1699 985 1732 cuius
1013 1699 1048 1731 in
1073 1700 1262 1745 margine:
1285 1697 1360 1732 ‘hic
1390 1697 1512 1732 deficit
1544 1708 1653 1731 unum

141 1746 282 1790 folium,
310 1747 508 1782 dimittatur
533 1748 686 1792 spatium
715 1756 779 1792 pro
807 1747 904 1781 dicto
933 1746 1047 1780 rolio'.

194 1858 339 1900 proruto
365 1859 471 1899 ponte
496 1851 659 1896 sublicio,
686 1864 731 1886 ac
745 1858 864 1898 strage

145 1903 315 1936 obstantis
340 1901 441 1935 molis
476 1904 636 1946 refusus:
675 1901 766 1935 haec
793 1901 862 1934 duo

143 1962 284 1986 causam
312 1950 495 1995 explicant
522 1950 730 1985 curTiberis
755 1951 862 1984 etiam

933 1852 1074 1886 Tacitus
1101 1862 1220 1898 neque
1247 1851 1339 1885 alius
1374 1852 1529 1896 scriptor
1555 1850 1654 1885 Lati-

934 1912 1000 1934 nus
1047 1901 1139 1935 hanc
1174 1911 1301 1935 vocem
1335 1899 1508 1945 usurpare
1547 1911 1654 1934 ausus

934 1955 1000 1984 est.
1043 1950 1270 1995 Quapropter
1295 1950 1446 1983 restitue
1473 1949 1521 1983 ad
1548 1959 1654 1993 prae—

142 2000 186 2034 ad
212 2010 339 2034 secura
365 2000 542 2034 eiusmodi
582 2010 728 2033 casuum
765 1999 862 2032 urbis

143 2049 223 2083 loca
250 2050 464 2093 pervaserit.
521 2048 646 2094 Itaque
676 2058 766 2092 pons
793 2058 862 2081 un-

82 2112 86 2115 ’
142 2098 265 2132 dan-um
288 2099 329 2137 ¹vi
356 2106 429 2131 non
452 2103 656 2143 proruptus,
685 2096 720 2130 h.
739 2108 771 2131 e.
800 2107 863 2129 ru-

142 2152 223 2191 ptus
250 2151 285 2180 et
311 2146 511 2181 abstractus
554 2150 638 2189 est,
674 2150 712 2178 ut
746 2146 863 2179 inter-

142 2200 302 2240 pretatur
324 2194 481 2229 Baebius
508 2194 754 2228 vindicaturus
780 2204 863 2228 cor-

145 2249 284 2289 ruptum
309 2250 479 2290 prompto
506 2254 527 2277 a
556 2243 738 2277 Gronovio
767 2243 862 2277 bene

144 2297 364 2334 correctum,
406 2292 470 2326 sed
495 2293 607 2325 iacuit
642 2293 678 2325 in
717 2291 863 2325 flumine

145 2347 181 2376 et
215 2341 310 2375 hunc
346 2342 382 2374 in
416 2345 554 2374 remota
593 2340 691 2373 urbis
728 2340 862 2385 adegit.

146 2390 184 2424 ln
213 2389 339 2424 eodem
372 2388 483 2423 verbo
511 2393 664 2422 erratum
692 2388 755 2422 XV
779 2390 837 2424 40.

217 2450 290 2472 non
313 2438 413 2472 modo
453 2438 658 2471 adiacentia
694 2443 727 2472 et
751 2437 865 2483 plana

144 2487 242 2521 urbis
266 2487 366 2522 loca:
393 2488 551 2520 iacentia
569 2486 662 2529 loca,
690 2492 728 2520 ut
753 2485 864 2532 vulgo

146 2536 316 2570 scribitur
333 2562 342 2578 ,
391 2534 540 2569 humilia
589 2534 748 2581 intelligi
792 2545 864 2568 non

146 2589 314 2628 possunt:
355 2585 478 2618 iacens
512 2585 607 2618 enim
642 2593 706 2628 pro
743 2582 865 2618 humili

146 2634 215 2667 dici
248 2637 366 2677 potest
403 2634 440 2666 in
470 2633 515 2666 iis
543 2632 651 2666 rebus
678 2642 770 2677 quae
796 2643 864 2666 na-

146 2686 223 2714 tura
251 2692 315 2715 sua
345 2685 380 2715 et
408 2681 500 2726 erigi
539 2686 689 2725 possunt
716 2685 752 2715 et
777 2691 864 2724 pro-

147 2732 258 2764 sterni
285 2730 456 2774 humique
487 2730 627 2772 iacere,
663 2734 701 2762 ut
740 2730 864 2763 domus

150 2779 243 2822 apud
279 2777 491 2812 Ciceronem
529 2776 587 2812 Or.
615 2778 685 2812 67:
721 2778 865 2824 depres-

149 2837 236 2869 sam,
263 2837 418 2869 caecam,
445 2827 617 2859 iacentem
635 2826 771 2860 domum
782 2826 865 2872 plu-

150 2876 202 2908 ris
227 2895 271 2901 —-
301 2875 503 2909 aestimasti.
562 2873 617 2908 De
642 2874 732 2908 locis
761 2885 865 2920 quae,

151 2924 230 2957 sive
257 2922 406 2958 humilia
431 2928 513 2957 sunt
546 2923 624 2956 sive
658 2922 773 2966 edita,
810 2924 867 2957 ia-

153 2977 235 3007 cent
259 2973 402 3018 omnia,
444 2982 488 3007 eo
516 2970 720 3018 significatu
746 2982 864 3019 neque

933 2000 1151 2043 positionem
1179 2004 1261 2043 post
1286 1998 1389 2032 modo
1416 1997 1593 2040 haustam,
1620 2002 1655 2031 et

934 2047 1084 2081 habebis
1114 2053 1184 2081 tarn
1212 2048 1425 2082 sententiam
1454 2057 1559 2092 quam
1585 2056 1654 2080 vo-

934 2096 1286 2131 cemCornelianam.
1317 2095 1372 2130 Cf.
1400 2096 1498 2131 179:
1530 2096 1655 2141 quippe

934 2146 972 2179 in
997 2146 1204 2179 adiacentia
1230 2151 1434 2190 erupturum
1461 2144 1652 2189 (Velinum

934 2193 1085 2240 lacum).
1116 2194 1184 2229 61:
1235 2193 1448 2227 adiacebant
1473 2194 1656 2238 fraymina

935 2242 1093 2276 telorum.
1147 2242 1283 2276 Tiberis
1319 2247 1405 2276 tunc
1437 2252 1508 2275 non
1547 2242 1653 2275 modo

934 2292 1095 2335 proxima
1122 2291 1219 2324 urbis
1246 2291 1326 2324 loca
1354 2296 1535 2335 (campum
1562 2290 1655 2324 Mar-

935 2341 1048 2382 tium,
1091 2341 1223 2373 circum
1255 2339 1497 2381 Flaminium,
1539 2338 1655 2372 forum

935 2388 1121 2430 Boarium,
1169 2388 1404 2434 Velabrum),
1444 2397 1514 2420 non
1549 2387 1654 2421 modo

935 2437 1041 2481 plana
1066 2438 1180 2482 (viam
1192 2437 1416 2478 Flaminiam,
1446 2436 1561 2470 rorum
1580 2436 1656 2470 Ro-

935 2496 1077 2519 manum
1118 2490 1235 2532 cet.),
1270 2485 1334 2519 sed
1377 2487 1484 2519 etiam
1519 2491 1656 2519 remota

937 2539 972 2568 et
998 2534 1094 2568 edita
1130 2538 1274 2580 (sec-vcra
1302 2534 1471 2568 eiusmodi
1497 2537 1655 2580 casuum)

935 2583 1182 2617 infestaverat.

1010 2634 1049 2666 in
1075 2633 1231 2666 tabernis
1266 2638 1297 2665 et
1337 2631 1506 2664 cubilibus
1539 2631 1655 2663 inte-r·-

936 2682 1047 2726 cepti:
1086 2682 1121 2714 in
1160 2680 1327 2714 cubilibus
1353 2679 1542 2722 intercepti
1573 2682 1656 2710 sunt

935 2734 1097 2773 tempore
1114 2735 1302 2770 nocturno,
1322 2729 1358 2760 in
1375 2728 1543 2768 tabernis,
1562 2726 1656 2771 quod

937 2788 1002 2812 eae
1029 2777 1105 2811 fere
1132 2779 1168 2811 in
1196 2776 1327 2810 infimis
1349 2775 1544 2808 insularum
1572 2785 1656 2819 par-

937 2826 1044 2859 tibus.

1010 2877 1122 2918 fames
1153 2895 1194 2900 -
1216 2872 1484 2906 alimentorum.-
1513 2871 1657 2906 Plutar-

939 2922 1027 2956 chus
1055 2921 1137 2955 Oth.
1161 2921 1207 2956 4:
1239 2921 1466 2969 διέφθειρεν
1493 2921 1656 2969 ὑπερχυ-

934 2975 1014 3010 θεὶς
1039 2974 1102 3006 καὶ
1130 2970 1370 3011 κατακλύσας
1403 2967 1501 3006 πολὺ
1538 2975 1659 3023 μέρος
