1768 3216
113 227 220 263 ·226

734 213 1039 251 HISTORIARVM

1420 211 1630 251 a.u.822.

146 342 371 386 Antonium
421 339 585 381 fortuna
629 334 821 388 famaque
870 332 1053 374 omnium
1101 329 1233 373 oculis
1275 333 1539 385 exposuerat.
1599 329 1638 372 Is

147 417 332 459 balineas
373 410 578 455 abluendo
621 410 761 450 cruori
808 420 988 463 propere
1030 406 1144 461 petit.

1203 406 1387 460 Excepta
1430 417 1517 447 vox
1559 408 1638 458 est,

150 503 243 532 cum
292 493 476 542 teporem
524 486 759 536 incusaret,
813 484 949 526 statim
1000 483 1181 524 futurum
1229 484 1275 522 ut
1321 480 1641 523 incalescerent.

147 562 314 606 Vernile
345 561 498 602 dictum
530 571 694 601 omnem
726 558 925 601 invidiam
957 559 998 599 in
1031 570 1123 599 eum
1149 556 1294 609 vertit,
1340 560 1548 609 tamquam
1577 553 1641 596 si-

112 648 269 692 sgnum
299 635 590 677 incendendae
622 635 855 676 Cremonae
895 633 1103 686 dedisset,
1151 644 1256 686 quae
1298 631 1381 672 iam
1423 628 1641 685 flagrabat.

143 710 426 765 Quadraginta
458 713 710 751 armatorum
742 708 854 750 milia
890 708 1109 762 inrupere,
1155 706 1348 749 calonum
1381 704 1711 758 lixarumque33

141 783 314 838 amplior
344 796 540 826 numerus
572 787 611 826 et
640 784 682 824 in
709 783 923 824 libidinem
955 795 1003 824 ac
1021 782 1239 825 saevitiam
1256 780 1507 835 corruptior.
1546 777 1642 820 Non

141 859 342 913 dignitas,
383 870 468 899 non
499 863 613 913 aetas
643 858 910 912 protegebat,
963 869 1043 911 quo
1088 857 1224 898 minus
1254 860 1394 910 stupra
1423 853 1640 907 caedibus,

142 932 296 975 caedes
333 933 484 986 stupris
513 918 803 974 miscerentur.
850 931 1123 974 Grandaevos
1154 943 1295 984 senes,
1327 933 1476 972 exacta
1496 932 1642 970 *aetate

91 1022 128 1052 ιο
142 1006 333 1059 feminaS,
366 1006 470 1049 viles
501 1006 553 1048 ad
582 996 796 1061 praedam,
831 1006 873 1047 in
889 1006 1113 1048 ludibrium
1138 1005 1371 1047 trahebant.
1404 1003 1483 1045 Ubi
1502 1001 1641 1045 adulta

140 1081 261 1136 virgo
310 1085 378 1122 aut
418 1081 508 1135 quis
537 1082 679 1137 'forma
726 1081 980 1135 conspicuus
1022 1080 1262 1132 incidisset,
1302 1079 1343 1121 vi
1369 1078 1643 1132 manibusque

138 1155 385 1209 rapientium
431 1156 616 1198 divulsus
661 1157 775 1210 ipsos
820 1160 1033 1210 postremo
1089 1155 1325 1210 direptores
1369 1155 1412 1196 in
1461 1157 1642 1197 mutuam

282 1295 316 1329 2.
346 1295 466 1328 cruori
491 1293 595 1328 GMaz
623 1306 748 1329 cruore
775 1295 953 1339 Spirensis
981 1299 1017 1328 et
1043 1293 1272 1328 Puteolanus.

138 1339 203 1383 Ma,
232 1341 325 1376 unde
351 1343 618 1377 inardescerent
647 1343 673 1377 G
699 1343 793 1377 Harl.
823 1343 916 1378 les.:
946 1348 1143 1378 correctum
1171 1344 1206 1377 in
1235 1342 1325 1387 Spir.

137 1388 172 1422 8.
202 1389 339 1424 cedibus
365 1390 429 1426 Ma.
506 1392 540 1427 9.
565 1392 764 1437 grandeuos
790 1391 854 1427 Ma.

136 1528 306 1562 praesens
339 1531 419 1554 mom
449 1521 643 1566 perniciem
681 1523 764 1568 ipsis
797 1524 855 1567 se-

140 1576 232 1599 cere.
287 1566 340 1602 De
377 1570 675 1604 tertiadecimanis
713 1571 855 1616 amphi-

139 1613 311 1649 theatrum
346 1617 540 1652 Cremonae
576 1620 785 1654 struentibus
821 1630 853 1654 v.

138 1661 180 1697 H.
206 1663 238 1697 11
267 1664 312 1699 67
342 1671 375 1699 et
403 1667 459 1702 70.

202 1713 318 1746 statim
342 1716 498 1758 suturam
519 1722 556 1750 ut
579 1717 854 1751 incalescerent:

135 1764 312 1799 Antonius
339 1767 500 1808 teporem
534 1764 778 1809 balinearum,
819 1766 854 1799 h.

138 1825 170 1848 e.
204 1811 334 1847 caloris
361 1812 541 1847 defectum
581 1825 695 1859 aquae
730 1814 774 1848 ad
799 1814 856 1848 la-

137 1861 293 1895 vandum
320 1860 424 1894 datae
450 1863 639 1905 incusans,
677 1861 720 1895 ad
747 1863 856 1895 mini-

138 1915 229 1943 stros
241 1908 501 1943 Cremonenses
528 1910 639 1943 verba
665 1910 752 1943 fecit
781 1916 857 1944 sta-

139 1959 200 1991 tim
225 1959 379 2001 futurum
406 1963 442 1990 ut
470 1959 578 2003 (ipsi)
599 1958 856 1992 incalescerent

140 2005 310 2051 (soyleich
344 2005 458 2038 werde
499 2006 606 2038 ihnen
652 2007 856 2051 einyeheitz-t

137 2053 307 2099 werden).
365 2053 525 2086 Acumen
560 2054 646 2087 dicti
687 2055 783 2088 inest
821 2056 857 2088 in

141 2102 347 2144 contrariis,
382 2106 506 2146 tepore
534 2112 648 2146 aquae
677 2107 712 2136 et
738 2103 857 2136 calore

140 2149 455 2183 Cremonensium:
483 2149 546 2183 sed
570 2151 703 2184 vernile
731 2151 859 2185 dictum

143 2199 332 2243 (qemeines
367 2198 570 2244 Witz-wort),
598 2199 632 2235 h.
664 2210 695 2233 e.
727 2199 859 2233 dictum

138 2257 249 2280 verna
279 2245 437 2291 dignum,
467 2246 556 2280 illud
584 2252 670 2290 erat,
699 2248 793 2292 quod
821 2249 857 2281 in

138 2305 176 2328 re
204 2295 294 2328 tristi
323 2299 358 2328 et
384 2305 493 2328 saeva
521 2295 632 2329 iocari
657 2307 763 2329 ausus
790 2301 855 2331 est.

136 2342 234 2376 Idem
253 2353 393 2376 omnem
419 2343 588 2377 invidiam
613 2344 649 2377 in
667 2355 746 2378 euin
771 2354 857 2379 ver-

138 2392 182 2424 tit
224 2396 399 2435 tamquam
445 2391 602 2425 incendii
649 2398 856 2427 auctorem:

142 2449 222 2471 nam
250 2439 335 2472 talia
377 2439 447 2472 cito
480 2440 702 2485 vulgantur,
738 2452 857 2486 neque

141 2491 301 2530 tempora
339 2487 432 2520 iuste
475 2487 749 2532 discernuntur3
794 2490 857 2523 sed

136 2534 357 2568 hoc'l'acitus
385 2535 462 2578 ipse
488 2545 560 2568 non
584 2538 703 2571 omisit
730 2542 765 2571 et
792 2547 855 2581 pro

135 2593 199 2616 sua
225 2582 322 2617 virili
352 2588 451 2626 parte
478 2584 673 2619 Antonium
702 2595 856 2619 excusa-

134 2632 188 2665 vit
235 2630 365 2665 additis
410 2642 498 2676 quae
547 2633 620 2666 iam
667 2633 854 2679 flagrabat.

138 2679 281 2723 Quippe
308 2679 415 2727 haec&
429 2685 612 2724 exponunt
651 2692 721 2727 quo
748 2692 856 2715 sensu

134 2727 312 2761 Antonius
347 2728 490 2762 vernile
521 2728 654 2763 dictum
691 2729 856 2774 protule-

133 2777 192 2809 rit.
219 2776 305 2818 Alii,
332 2781 371 2809 ut
394 2776 622 2821 Burnoufius,
650 2778 854 2821 Dubnerus,

135 2822 313 2867 Orellius,
349 2825 484 2859 vernile
517 2826 646 2860 dictum
671 2828 856 2872 accipiunt

133 2881 196 2914 pro
222 2882 313 2906 voce
348 2873 494 2909 fortuita
526 2876 622 2909 servi
660 2875 852 2909 balneato-

133 2920 194 2974 ris,
221 2926 446 2966 repugnante
471 2933 538 2957 usu
566 2923 682 2958 Latini
709 2934 850 2959 sermo-

133 2977 188 3002 nis
215 2973 250 3002 et
278 2971 491 3005 narrationis
520 2977 703 3008 contextu.

1342 1294 1378 1328 3.
1404 1291 1642 1327 incalescerent

1393 1341 1426 1377 7.
1455 1341 1554 1376 seuit.
1573 1338 1639 1377 1⁴1⁸.

997 1521 1082 1566 Cap.
1110 1521 1170 1556 33.
1212 1520 1375 1554 calonum
1398 1518 1639 1564 lixarumque:

925 1569 971 1605 cf.
1004 1569 1048 1604 ad
1075 1570 1115 1604 H.
1143 1568 1174 1603 11
1197 1568 1256 1604 87.
1331 1579 1404 1602 non
1430 1573 1530 1602 aetas
1550 1578 1641 1614 pro-

924 1619 1083 1664 leyebat:
1121 1622 1220 1652 aetas
1257 1617 1428 1664 (Juqend)
1455 1616 1491 1652 h.
1520 1615 1565 1659 l.,
1605 1620 1644 1650 ut

923 1678 1031 1712 saepe
1059 1666 1151 1711 apud
1182 1671 1305 1710 poetas
1334 1667 1514 1709 comicos,
1540 1669 1643 1700 aeta-

922 1720 992 1750 tem
1020 1715 1217 1750 iuvenilem
1245 1720 1281 1749 et
1295 1715 1357 1748 vix
1381 1718 1553 1749 maturam
1576 1713 1642 1748 de-

922 1769 1035 1799 notat.
1063 1763 1299 1808 opponuntur
1312 1764 1430 1797 statim
1446 1762 1645 1810 grandaevo*

921 1825 1020 1848 senes
1047 1819 1078 1847 et
1105 1818 1232 1847 exacta
1257 1817 1373 1846 aelate
1396 1812 1564 1856 feminae.

995 1861 1329 1907 stupracaedibus:
1369 1860 1500 1895 caedes
1542 1859 1642 1894 acci-

922 1911 982 1954 pio
1011 1914 1132 1954 stupra
1159 1909 1448 1953 prohibentium:
1476 1919 1556 1943 nam
1581 1909 1642 1942 ni-

922 1960 989 1992 mis
1016 1958 1128 1991 dirum
1160 1963 1195 1991 et
1220 1958 1279 1991 vel
1308 1957 1351 1990 ab
1380 1956 1452 1991 illis
1481 1957 1641 1991 homini-

923 2006 988 2039 bus
1010 2006 1165 2039 alienum
1184 2006 1338 2047 videtur,
1368 2015 1429 2039 eos
1456 2010 1578 2050 stupra
1603 2007 1640 2039 in

925 2055 1038 2088 caesis
1054 2054 1288 2088 cadaveribus
1313 2058 1484 2097 tentasse,
1510 2054 1554 2088 de
1570 2063 1640 2099 quo

925 2104 1100 2148 cogitavit
1122 2102 1388 2136 Doederlinius.
1487 2101 1573 2136 viles
1594 2102 1642 2136 aa

919 2151 1092 2196 praedam
1118 2163 1129 2184 .·
1180 2151 1272 2185 viles
1326 2155 1427 2184 erant
1464 2150 1642 2185 militibus

923 2199 1206 2243 praedantibus,
1247 2198 1342 2244 quod
1378 2199 1413 2232 in
1452 2198 1508 2233 his
1541 2198 1642 2233 nulla

925 2248 1126 2292 explendae
1156 2247 1316 2281 libidinis
1344 2249 1460 2291 copia.

978 2299 1077 2342 faces
1091 2298 1128 2330 in
1145 2296 1329 2330 manibus.-
1357 2301 1395 2328 ut
1409 2307 1518 2342 saepe
1539 2295 1640 2339 alias,

923 2351 1027 2379 erant
1051 2344 1314 2389 supplendum,
1356 2354 1429 2378 non
1466 2350 1640 2390 premes,

925 2394 1024 2427 cuius
1057 2394 1238 2438 suppressi
1264 2392 1400 2427 nullum
1428 2393 1522 2438 apud
1535 2392 1641 2427 Taci-

924 2446 996 2474 tum
1024 2441 1242 2486 exemplum.

995 2490 1034 2523 in
1057 2491 1139 2535 igne
1165 2490 1410 2524 considerent.-
1436 2488 1639 2532 considunt,

924 2535 1005 2570 dum
1028 2538 1123 2583 ignis
1151 2540 1284 2571 circum
1313 2542 1504 2584 grassatur.
1531 2537 1640 2571 Aliud

925 2590 978 2618 est
1013 2586 1051 2618 in
1087 2587 1204 2631 iynem
1230 2587 1434 2629 considere,
1475 2589 1515 2620 ut
1547 2585 1640 2630 apud

924 2633 1111 2679 Virgilium
1145 2635 1236 2668 Aen.
1263 2633 1294 2668 11
1320 2634 1417 2670 624:
1451 2639 1523 2668 tum
1555 2645 1639 2668 vero

923 2693 1023 2718 omne
1042 2682 1129 2716 mihi
1153 2683 1261 2716 visum
1282 2683 1463 2717 considere
1483 2683 1523 2721 {n
1541 2682 1639 2727 ignes

925 2730 1041 2774 Ilium,
1070 2730 1104 2764 h.
1123 2742 1154 2765 e.
1182 2731 1232 2765 ita
1259 2731 1447 2766 considere
1465 2735 1504 2764 ut
1519 2732 1639 2765 omniu

923 2779 1026 2824 ignes
1054 2784 1186 2813 essent.
1231 2779 1308 2814 Non
1335 2779 1430 2814 bene
1453 2779 1495 2814 N.
1523 2779 1638 2814 Hein-

922 2829 995 2861 sius
1022 2828 1060 2861 in
1085 2829 1201 2873 ignem
1226 2827 1338 2862 Taciti
1363 2827 1486 2862 verbis
1512 2827 1638 2862 inferri

924 2875 1051 2911 voluit.

997 2925 1144 2969 Mefitis:
1173 2925 1217 2960 de
1242 2923 1309 2959 hac
1324 2925 1406 2959 tetri
1432 2924 1553 2960 odoris
1569 2923 1638 2959 dea

921 2972 1067 3010 Servius
1106 2973 1151 3010 ad
1177 2974 1270 3010 Aen.
1313 2973 1375 3009 Vll
1405 2973 1476 3010 84:
1514 2974 1638 3020 mefitis

1674 1548 1708 1802 l
