1768 3216
34 500 92 539 28

716 223 803 260 CAP.
830 225 986 262 26—28.

1544 227 1593 261 45

104 351 198 394 que,
231 344 434 395 quatenus
465 340 671 394 differant,
705 354 811 396 quae
841 343 1033 387 nationes
1065 356 1088 385 e
1121 343 1342 386 Germania
1370 343 1414 385 in
1445 342 1600 386 Gallias

105 416 489 470 commigraverint,
525 417 757 470 expediam.

239 489 475 534 Validiores
521 491 619 533 olim
666 492 877 534 Gallorum
922 506 991 534 res
1034 493 1164 536 fuisse
1223 506 1406 536 summus
1456 498 1604 536 auctor

106 563 225 606 divus
258 564 382 607 Iulius
413 565 561 618 tradit3
605 578 739 620 eoque
770 567 973 609 credibile
1003 572 1066 609 est
1096 568 1218 610 etiam
1245 569 1385 610 Gallos
1417 569 1459 610 in
1495 569 1604 611 Ger-

104 639 281 681 maniam
323 643 642 695 transgressos:
693 641 931 695 quantulum
968 642 1076 682 enim
1124 643 1255 684 amnis
1291 643 1484 685 obstabat
1522 655 1639 697 quos

105 713 270 766 minus,
314 718 356 756 ut
384 726 573 768 quaeque
603 727 710 769 gens
742 716 954 757 evaluerat
972 747 984 768 ,
1017 721 1243 770 occuparet
1271 721 1604 772 permutaretque

105 787 231 831 sedes
258 789 518 843 promiscuas
549 790 683 831 adhuc
715 794 756 831 et
786 790 895 832 nulla
927 803 1152 845 regnorum
1183 792 1368 845 potentia
1417 792 1605 834 divisas?

106 862 239 917 Igitur
267 863 377 906 inter
405 863 656 918 Hercyniam
687 865 833 907 silvam
864 866 1135 919 Rhenumque
1166 871 1208 907 et
1236 866 1429 908 Moenum
1461 880 1605 909 amnes

106 934 302 989 Helvetii,
329 937 527 978 ulteriora
559 937 667 990 Boii,
700 938 857 980 Gallica
889 943 1060 992 utraque
1091 951 1212 993 gens,
1247 944 1430 981 tenuere.
1471 940 1610 982 Manet

106 1009 469 1052 adhuc.Boihemi
506 1023 683 1064 nomen,
729 1013 952 1067 signatque
995 1013 1079 1054 loci
1120 1017 1306 1055 veterem
1345 1014 1659 1067 memoriam‚1o

106 1084 293 1141 quamvis
324 1086 487 1127 mutatis
530 1085 771 1127 cultoribus.

833 1086 916 1129 Sed
953 1090 1087 1127 utrum
1130 1087 1327 1129 Aravisci
1360 1088 1402 1128 in
1439 1087 1608 1129 Panno-

249 1250 284 1285 3.
313 1256 417 1284 autor
440 1249 477 1294 P,
505 1256 630 1284 auctor
658 1251 852 1285 Vaticanus
882 1250 996 1287 1862:
1021 1257 1203 1285 auctorum
1228 1252 1351 1286 ceteri.
1404 1253 1437 1287 7.
1466 1249 1606 1295 divisas,

106 1307 285 1341 superscr.
314 1299 357 1332 ab
385 1298 431 1333 al.
459 1310 505 1334 m.
530 1311 595 1332 aer
621 1304 658 1332 ut
684 1301 729 1333 sit
756 1301 922 1342 diversas,
952 1299 987 1333 P.
1061 1299 1097 1334 8.

107 1344 154 1378 al.
181 1356 227 1380 m.
260 1358 279 1381 e
306 1346 343 1381 P.

106 1451 176 1478 scr.
201 1442 246 1477 ab
273 1443 320 1478 al.
347 1455 394 1478 m.
420 1455 445 1477 n
470 1455 579 1490 super
602 1457 626 1479 u
649 1445 685 1479 P.

107 1577 191 1612 hine
214 1589 251 1612 se
275 1579 382 1624 flectit
416 1580 637 1614 sinistrorsus
673 1580 819 1613 diversis

107 1637 131 1659 a
149 1627 289 1672 flumine
319 1628 537 1673 regionibus,
566 1629 819 1673 multarumque

105 1677 259 1720 yentium
295 1677 384 1719 fines
419 1683 562 1722 propter
603 1677 819 1722 magnitudi-

107 1735 186 1757 nem
212 1725 364 1769 attinqit.
401 1724 504 1759 Conf.
534 1725 670 1758 Plinius
696 1725 744 1759 lV
773 1725 819 1759 25

109 1777 146 1806 et
170 1771 228 1807 28.
255 1772 482 1807 Ptolemaeus
508 1773 666 1818 appellat
690 1774 820 1821 Ὀρκύ-

108 1833 194 1856 νιον
221 1817 369 1867 δρυμὸν
394 1820 425 1855 11
455 1823 495 1856 11
536 1824 572 1864 §.
601 1822 620 1856 7
650 1827 685 1856 et
712 1823 756 1856 21
786 1826 821 1856 et

109 1869 169 1904 26.
217 1868 304 1902 Eius
332 1880 412 1914 pars
434 1872 546 1904 etiam
573 1872 671 1904 varia
698 1869 821 1904 Bohe-

106 1918 200 1951 miae
236 1918 343 1964 iuga,
378 1918 492 1952 veluti
527 1918 591 1953 illa
626 1930 718 1964 quae
751 1919 821 1952 iam

107 1970 283 2000 vocantur
308 1966 537 2013 Erzqebirqe.
590 1967 643 2001 De
670 1967 726 2001 his
752 1967 821 2001 Ta-

114 2015 206 2048 citus
231 2013 263 2048 11
285 2015 345 2050 45.

187 2085 362 2120 ulteriora
387 2086 488 2121 Boii.-
535 2087 621 2121 dicit
659 2097 822 2134 magnam

113 2139 248 2178 partem
274 2133 468 2170 Boioariae
495 2137 661 2182 (Baiern)
690 2141 725 2170 et
752 2137 823 2170 Bo-

108 2182 244 2217 herniae
270 2183 468 2231 (Romen).
536 2185 568 2218 A
594 2184 693 2218 Boiis
728 2185 822 2218 enim

108 2233 221 2265 ascita
246 2234 499 2267 terminatione
524 2232 609 2266 dicti
625 2233 824 2266 Boio-arti.-

109 2278 284 2314 Bohemia
321 2285 439 2314 autem
489 2286 524 2315 et
570 2280 719 2314 Bohemi
757 2281 823 2314 de-

110 2328 284 2372 scendere
305 2328 474 2362 videntur
498 2339 518 2362 a
536 2329 720 2362 Boiohemo
735 2329 824 2373 (Bo-

103 2375 300 2423 jenheim),
336 2376 370 2411 h.
406 2388 437 2411 e.
466 2376 685 2410 domicilium
711 2375 825 2409 Boio-

111 2434 200 2459 rum.

183 2479 300 2507 manet
326 2473 444 2507 adhuc
479 2473 637 2507 Boihemt
671 2483 822 2506 nomen.-

111 2521 237 2556 Straho
267 2521 329 2556 Vll
359 2524 375 2556 1
403 2523 447 2565 3,
495 2523 597 2555 cuius
632 2521 744 2555 verba
783 2520 826 2554 ad

110 2570 269 2604 Annales
311 2570 342 2604 11
378 2570 426 2604 62
469 2571 680 2613 transcripta
722 2574 824 2611 sunt,

110 2620 246 2664 regiam
305 2617 513 2652 Marobodui
565 2617 825 2662 castellumque

111 2668 209 2700 iuxta
237 2668 342 2700 situm
371 2666 567 2700 nominavit
597 2665 824 2713 Κουΐαιμον,

111 2714 337 2748 Ptolemaeus
362 2714 393 2747 11
421 2716 458 2746 ll
489 2716 525 2756 §.
546 2714 592 2748 29
612 2715 820 2758 nstoeqo'ssou-

113 2763 194 2798 δον.
236 2762 399 2796 Velleius
424 2761 455 2795 ΙΙ
483 2762 576 2797 109:
603 2763 725 2795 Sentio
751 2763 824 2795 Sa—

112 2811 255 2844 turnino
281 2811 483 2844 mandatum
507 2815 544 2843 ut
577 2821 641 2854 per
668 2810 823 2852 Chattos,

113 2860 239 2893 εει-ἱείς
266 2859 519 2893 continentibus
539 2858 738 2903 Hercyniae
758 2858 823 2891 sil-

111 2908 175 2950 vis,
203 2906 356 2952 leqiones
383 2907 566 2952 (duceret)
579 2906 825 2940 Boiohoemum

114 2956 167 3005 (id
189 2957 327 3002 regioni
364 2967 468 3002 quam
492 2954 667 2990 incolebat
695 2955 822 2990 Maro-

434 1347 490 1383 10.
518 1348 651 1382 Boiemt
676 1359 853 1393 superscr.
886 1347 929 1381 ab
956 1347 1003 1381 al.
1030 1358 1075 1393 m.
1104 1347 1126 1381 k
1152 1348 1188 1383 Ρ.

107 1393 150 1427 ab
177 1393 222 1428 al.
250 1406 301 1430 m.
329 1401 341 1430 t
367 1395 404 1439 P,
430 1397 543 1430 ceteri
569 1397 751 1442 signatque
775 1402 836 1432 aut
862 1397 1114 1442 siqnificatque.

1135 1299 1334 1345 hircyniam
1359 1310 1535 1345 superscr.
1563 1300 1607 1334 ab

1267 1347 1332 1394 εἰς’
1368 1360 1400 1393 q;
1428 1359 1605 1393 superscr.

1212 1399 1268 1432 11.
1296 1398 1454 1431 arautsci
1478 1408 1607 1443 super-

892 1579 1020 1613 boduus
1054 1590 1180 1612 nomen
1222 1582 1298 1624 est).
1446 1580 1601 1623 quamvis

891 1628 1032 1661 mutatis
1068 1627 1279 1661 cultoribus.-
1313 1636 1376 1671 pro
1401 1626 1499 1660 Boiis
1529 1637 1596 1661 ve·-

893 1676 1030 1709 teribus
1068 1675 1304 1709 Boiohemiae
1345 1675 1475 1709 incolis
1513 1675 1608 1709 Mar-

895 1726 1034 1758 comani
1074 1723 1165 1758 duce
1201 1723 1419 1757 Maroboduo
1454 1734 1514 1757 eas
1546 1735 1609 1758 se-

894 1773 956 1807 des
981 1777 1245 1817 occupaverant
1274 1772 1494 1816 temporibus
1510 1771 1605 1806 Cae-

894 1823 982 1854 saris
1005 1822 1170 1868 Augusti.
1223 1821 1327 1855 Conf.
1354 1820 1479 1854 Strabo
1509 1821 1532 1855 l.
1561 1832 1606 1863 c.‚

895 1870 1055 1903 Velleius
1085 1869 1116 1903 11
1150 1869 1351 1905 108-110.
1409 1869 1549 1904 Tacitus
1576 1869 1607 1903 ll

965 1994 1082 2023 utrum
1107 1988 1273 2023 Aravisci
1305 1990 1343 2023 in
1386 1987 1608 2022 Pannoniam

897 2037 1152 2071 Germanorum
1163 2038 1275 2079 natio,
1302 2049 1350 2070 an
1368 2037 1428 2071 Osi
1452 2037 1496 2070 ab
1507 2037 1607 2071 Ara-

894 2087 999 2119 viscis
1035 2087 1074 2119 in
1101 2086 1328 2120 Germaniam
1355 2086 1607 2131 commigrave-

896 2135 995 2168 rint:
1021 2133 1091 2168 duo
1117 2133 1254 2178 populi,
1282 2134 1343 2168 Osi
1373 2139 1407 2167 et
1431 2134 1606 2176 Aravisci,

897 2193 975 2215 cum
1002 2192 1168 2217 sermone
1196 2187 1231 2215 et
1256 2182 1427 2215 institutis
1467 2187 1502 2215 et
1528 2193 1607 2215 mo-

900 2231 996 2264 ribus
1023 2230 1226 2264 Pannonios
1262 2231 1457 2270 referrent,
1497 2235 1534 2263 ut
1560 2230 1607 2263 li-

898 2283 982 2323 quet
1010 2279 1227 2322 comparanti
1248 2289 1277 2311 c.
1304 2278 1361 2317 43,
1393 2277 1455 2310 sed
1482 2277 1542 2310 Osi
1571 2279 1605 2310 in

898 2326 1104 2368 Germania,
1155 2326 1316 2359 Aravisci
1356 2327 1389 2358 in
1426 2324 1607 2358 Pannonia

896 2374 1116 2415 habitarent,
1154 2375 1330 2407 incertum
1364 2373 1485 2406 Tacito
1526 2373 1606 2416 suit,

896 2426 975 2455 uter
1001 2422 1044 2455 ab
1079 2421 1191 2455 altero
1231 2421 1352 2466 pulsus
1391 2432 1502 2455 novas
1543 2432 1605 2455 se-

897 2470 959 2503 des
987 2472 1022 2503 in
1051 2470 1168 2504 aliena
1194 2475 1288 2503 terra
1313 2471 1503 2514 paraverit.
1544 2468 1605 2503 In·-

896 2524 1029 2552 certum
1059 2519 1145 2561 fuit,
1187 2523 1302 2552 utrum
1329 2519 1493 2552 Aravisci
1521 2518 1604 2551 olim

896 2567 1148 2601 Germanorum
1191 2569 1287 2600 natio
1332 2578 1375 2600 ex
1420 2567 1607 2600 Germania

895 2616 930 2648 in
958 2615 1174 2649 Pannoniam
1202 2616 1270 2649 acti
1300 2616 1422 2660 ibique
1448 2615 1605 2659 linguam

894 2664 1133 2697 Pannonicam
1170 2669 1205 2697 et
1231 2674 1348 2696 mores
1386 2663 1604 2706 acceperint,

894 2723 937 2745 an
969 2714 1087 2756 potius
1099 2711 1247 2745 Osorum
1275 2712 1310 2743 in
1332 2710 1519 2744 Germania
1539 2708 1606 2742 lia-

893 2760 1081 2793 bitantium
1117 2770 1232 2793 sermo
1263 2764 1298 2792 et
1325 2760 1487 2792 instituta
1512 2756 1606 2790 Pan-

892 2809 1023 2841 nonica
1050 2807 1133 2840 hinc
1161 2805 1372 2850 explicanda
1398 2807 1480 2848 sint,
1511 2805 1606 2850 quod

892 2857 935 2889 ab
963 2856 1145 2889 Araviscis
1190 2866 1209 2888 e
1244 2853 1426 2887 Pannonia
1453 2855 1489 2887 in
1515 2853 1605 2887 Ger-

891 2905 1043 2937 maniam
1083 2903 1399 2948 commigraverint
1438 2907 1474 2936 et
1500 2901 1604 2949 ‘anti-

892 2953 1011 2999 quitus
1049 2950 1203 2997 populus
1243 2950 1468 2986 Pannonicus
1500 2949 1604 2986 sedes
