1768 3216
733 209 1015 249 nlsTomcvs.
1315 223 1323 225 ’
1549 211 1627 252 nl

153 339 155 342 ⁴
191 327 282 357 nunt
310 323 347 358 in
378 324 539 370 imperiis
568 325 612 359 14
637 327 695 363 35.
741 327 773 362 A
802 328 855 363 16.
952 329 1177 375 Agrippinae
1213 328 1324 364 caede
1357 329 1558 365 consulitur
1586 331 1631 366 14

186 383 335 429 ingenia
358 385 390 419 A
415 387 473 421 21.
501 385 625 432 lingua
653 386 681 421 G
705 387 765 423 45.
799 399 858 422 ar-
957 389 990 423 7.
1034 396 1195 424 maerens
1228 398 1270 424 ac
1305 388 1469 425 laudans
1490 390 1536 426 14
1572 392 1628 426 15.

185 449 243 477 ma
266 444 298 477 A
323 444 384 479 36.
955 450 1104 483 moritur
1133 449 1175 484 14
1202 450 1259 484 51.

137 501 322 536 Britannia
346 503 376 536 H
397 505 412 537 1
436 504 470 539 9.
509 505 726 540 metallifera
753 506 784 540 A
802 508 855 542 12.
906 507 1118 551 Byzantium
1156 507 1476 555 (Constantinopcl)
1513 507 1626 543 Thra·

185 561 386 606 perdomita
422 568 458 596 et
486 565 604 598 statim
639 565 746 598 missa
781 565 810 598 H
840 567 856 598 1
958 568 1036 600 ciae
1067 566 1149 599 urbs
1175 568 1198 602 2
1227 567 1285 602 54.
1324 567 1353 601 Η
1379 569 1402 603 2
1429 567 1489 610 83,
1518 568 1542 603 3
1566 566 1626 602 47.

186 622 222 657 2-
251 620 372 655 delicit
402 623 516 658 1430.
545 624 621 657 eius
638 623 751 670 legati
768 635 857 658 con-
955 626 1032 659 eius
1067 627 1156 660 situs
1187 628 1230 661 12
1258 626 1319 662 63.
1355 627 1486 661 tributo
1523 626 1629 661 leva—

190 679 328 716 sul-res
356 681 389 715 A
416 684 461 717 14
483 690 562 728 sqq.
592 684 668 717 eius
690 684 864 718 victoriae
962 689 1018 718 tur
1050 686 1092 719 12
1120 685 1179 720 64.

189 741 235 776 14
259 741 307 777 29
332 746 369 776 et
393 742 453 777 32.
503 742 621 777 clades
651 743 695 778 14
721 744 779 779 37.
832 744 863 778 A

183 800 246 836 37.
272 801 363 835 situs
389 805 425 835 et
449 811 566 836 mores
591 802 623 836 A
653 803 706 838 10.
911 801 1055 836 Cadicia
1082 803 1247 837 Scaevini
1274 812 1364 837 uxor
1394 805 1435 838 15
1463 804 1521 840 71.

138 858 367 896 Britannicae
392 860 559 907 legiones
593 862 622 896 H
658 864 675 896 1
704 862 727 897 9
753 867 790 896 et
813 863 862 898 60
913 861 1043 896 Cadius
1055 862 1169 897 Rufus
1189 863 1462 906 repetundarum
1483 864 1631 898 damna-

187 924 225 954 et
246 920 309 964 61,
347 922 371 956 2
397 921 442 955 57
470 926 507 956 et
531 921 577 956 65
607 926 643 956 et
665 921 713 956 66
739 926 776 956 et
799 921 860 965 97,
957 926 1015 955 tur
1046 922 1091 956 12
1115 923 1175 956 22.
1202 922 1238 955 in
1265 924 1482 956 senatorium
1512 923 1630 957 locum

187 979 212 1014 3
237 980 297 1016 22.
323 980 438 1014 virtus
463 980 495 1014 A
521 981 567 1016 23
594 985 629 1015 et
657 980 716 1015 33.
963 980 1163 1015 restituitur
1189 981 1219 1014 H
1249 983 1264 1014 1
1295 982 1352 1016 77.

138 1037 366 1073 Britannicus
393 1037 535 1073 Claudii
578 1044 614 1074 et
651 1038 865 1074 Messalinae
916 1038 1068 1073 Cadmus
1094 1039 1233 1074 litteras
1262 1039 1407 1074 Graecis
1443 1040 1561 1075 attulit
1590 1041 1630 1076 11

187 1097 283 1132 filius
312 1099 353 1132 11
381 1101 406 1133 4
443 1103 480 1132 et
507 1099 548 1132 11
585 1103 621 1133 et
646 1099 715 1142 32,
753 1100 798 1135 12
826 1101 860 1135 2.
964 1099 1020 1133 14.

186 1157 346 1192 Domitio
373 1158 600 1203 postponitur
629 1159 673 1193 12
686 1159 732 1194 25
756 1163 791 1192 et
805 1159 863 1193 41.
917 1157 1030 1193 Cadra
1056 1158 1160 1193 collis
1186 1159 1208 1194 6
1234 1159 1293 1194 41.

186 1227 330 1252 veneno
355 1227 376 1251 a
399 1217 542 1252 Nerone
566 1218 706 1252 tollitur
737 1219 782 1252 13
804 1217 859 1252 16.
911 1217 1136 1252 Caecilianus
1160 1222 1305 1251 senator
1329 1216 1352 1251 6
1379 1218 1410 1253 7.
1455 1217 1634 1253 Domitius

140 1277 338 1312 Brixellum
370 1277 541 1324 (Ber-seua
577 1278 656 1312 sive
686 1277 858 1326 Bresello)
963 1277 1006 1312 16
1031 1278 1090 1312 34.
1119 1277 1255 1322 Magius
1280 1277 1304 1310 3
1328 1276 1387 1311 37.

186 1336 216 1370 H
241 1337 265 1371 2
289 1337 337 1371 33
364 1341 400 1371 et
425 1337 468 1372 51
498 1342 534 1371 et
559 1337 618 1372 54.
911 1335 1089 1370 Caecilius
1117 1335 1292 1369 Cornutus
1321 1334 1345 1369 4
1361 1335 1420 1370 28.
1464 1335 1628 1370 Metellus

139 1394 311 1430 Brixiana
334 1401 438 1440 porta
461 1397 491 1431 H
517 1398 540 1432 3
566 1397 624 1432 27.
961 1395 988 1429 G
1014 1397 1072 1430 37.
1116 1395 1275 1439 Simplex
1307 1394 1335 1428 H
1372 1396 1395 1430 2
1431 1394 1490 1430 60.
1539 1395 1632 1430 idem

145 1455 309 1490 Bructeri
333 1456 489 1501 populus
507 1456 622 1490 Germ.
644 1457 660 1490 1
677 1456 719 1490 51
749 1459 786 1489 et
803 1455 862 1498 60,
963 1455 1088 1488 consul
1115 1455 1143 1489 H
1170 1456 1193 1490 3
1219 1455 1277 1489 68.

194 1517 239 1551 13
264 1515 324 1551 56.
351 1516 381 1549 H
404 1516 429 1551 4
455 1518 499 1552 21
539 1521 576 1551 et
603 1516 648 1551 61
677 1520 714 1550 et
741 1516 808 1559 77,
843 1516 864 1549 5
915 1513 1071 1548 Caecina
1109 1514 1259 1548 Alienus
1296 1513 1438 1559 legatus
1478 1513 1632 1559 legionis

194 1575 251 1610 18.
279 1576 392 1609 excisi
420 1575 448 1610 G
473 1576 533 1611 33.
961 1573 988 1607 H
1025 1575 1042 1608 1
1069 1575 1127 1610 52.
1173 1573 1313 1607 babitus
1351 1573 1428 1607 eius
1453 1577 1488 1607 et
1513 1583 1630 1608 mores

140 1634 392 1669 Brundisinum
420 1634 549 1670 foedus
581 1636 597 1668 1
628 1635 684 1670 10.
959 1633 989 1667 Η
1019 1635 1035 1667 1
1063 1634 1121 1668 53.
1170 1633 1242 1666 dux
1269 1643 1290 1666 a
1319 1632 1466 1666 Vitellio
1492 1632 1627 1678 deligi-

145 1694 374 1730 Brundisium
401 1695 590 1742 (Brindisi)
629 1704 710 1738 opp.
747 1693 770 1727 2
796 1694 855 1735 30,
953 1697 1009 1726 tur
1035 1692 1064 1726 H
1094 1694 1110 1726 1
1140 1692 1198 1727 61.
1247 1702 1325 1726 cum
1354 1691 1530 1725 Helvetiis
1556 1701 1626 1736 pu-

185 1756 208 1790 3
235 1755 276 1797 7,
314 1754 339 1788 4
372 1756 431 1791 27.
463 1755 493 1788 H
518 1756 542 1790 2
566 1754 627 1789 83.
674 1753 858 1799 naviganti
959 1757 1043 1798 gnat
1069 1752 1097 1785 H
1128 1753 1144 1785 1
1172 1752 1216 1787 67
1244 1756 1280 1786 et
1293 1751 1351 1786 68.
1379 1750 1539 1785 modeste
1565 1761 1630 1796 per

189 1814 414 1849 celerrimum
470 1814 750 1859 fidissimumque
797 1812 862 1847 ad-
958 1812 1096 1846 ltaliam
1122 1811 1255 1845 incedit
1281 1811 1310 1845 H
1335 1812 1357 1846 2
1384 1812 1443 1846 20.
1478 1810 1631 1845 Placen-

185 1873 291 1918 pulsu
313 1874 337 1908 3
369 1876 398 1907 1.
953 1874 1037 1906 tiam
1073 1876 1255 1917 oppugnat
1280 1871 1310 1905 H
1347 1873 1371 1906 2
1405 1872 1464 1906 20.
1501 1870 1630 1905 frustra

135 1934 315 1968 Brutidius
340 1933 453 1979 Niger
477 1934 500 1968 3
525 1932 584 1969 66.
952 1933 980 1966 H
1009 1934 1031 1967 2
1057 1933 1114 1966 22.
1142 1931 1245 1965 favor
1282 1931 1379 1965 illius
1405 1930 1499 1975 apud
1527 1930 1628 1964 mili·-

137 1993 176 2028 L.
189 1992 320 2028 Brutus
346 1993 521 2028 libertatis
544 1997 670 2027 auctor
698 1994 714 2026 1
746 1994 776 2027 1.
800 1991 857 2026 le-
955 1996 1008 2026 tes
1035 1992 1063 2025 ll
1090 1993 1113 2027 2
1138 1991 1196 2026 30.
1241 1990 1386 2025 ambitio
1412 1991 1441 2024 H
1468 1990 1491 2024 2
1517 1989 1565 2024 56
1590 1994 1626 2023 et

183 2061 267 2100 gem
301 2055 471 2088 'curiatam
515 2052 559 2087 de
608 2052 857 2098 quaestoribus
952 2051 1012 2087 99.
1050 2055 1175 2085 contra
1201 2051 1455 2094 Vespasianum
1481 2049 1630 2082 mittitur

185 2115 318 2158 repetit
333 2116 373 2147 11
401 2115 460 2150 22.
487 2114 657 2157 patricios
683 2114 856 2146 minorum
956 2110 985 2144 H
1004 2113 1026 2147 2
1046 2111 1104 2146 99.
1132 2109 1315 2155 perfidiam
1339 2107 1627 2143 meditaturibid.

185 2175 347 2220 gentium
374 2174 528 2208 instituit
558 2176 597 2208 11
627 2173 685 2207 25.
961 2171 1124 2205 Vicetiae
1151 2170 1292 2216 genitus
1319 2169 1348 2202 H
1373 2169 1396 2203 3
1421 2168 1455 2203 8.
1482 2168 1525 2202 ad
1554 2167 1628 2201 Ve-

137 2231 323 2266 M.Brutus
351 2233 369 2266 1
393 2234 427 2267 2.
456 2231 655 2266 laudatur-'1
674 2232 731 2265 34.
759 2241 858 2264 sum·
957 2231 1159 2274 spasianum
1185 2227 1395 2262 desciscitfl
1416 2228 1439 2261 3
1463 2226 1517 2260 13.
1544 2226 1628 2259 vin-

184 2301 262 2325 mus
297 2296 417 2325 orator
451 2291 479 2325 0
514 2292 571 2326 25.
610 2292 797 2324 contiones
835 2291 859 2323 4
956 2288 1085 2322 citui-H
1102 2289 1124 2322 3
1149 2287 1202 2321 14.
1219 2287 1296 2320 eius
1313 2285 1465 2319 edictum
1481 2284 1510 2318 H
1526 2287 1550 2319 4
1566 2283 1625 2318 31.

183 2350 243 2386 34.
283 2350 312 2385 Ο
341 2351 384 2385 18
420 2354 455 2384 et
489 2351 546 2384 21.
605 2349 746 2394 efligies
783 2359 853 2382 non
904 2348 947 2383 A.
978 2347 1133 2381 Caecina
1159 2346 1312 2380 Severus
1343 2346 1359 2378 1
1388 2345 1447 2387 31,
1473 2343 1496 2378 3
1522 2342 1564 2377 18
1589 2346 1626 2376 et

185 2410 345 2455 praelata
370 2411 407 2444 in
432 2410 559 2444 sunere
584 2410 716 2443 sororis
746 2409 768 2442 3
795 2408 852 2442 76.
950 2408 1008 2442 33.
1036 2406 1168 2440 Marsos
1197 2405 1314 2439 caedit
1343 2406 1358 2438 1
1387 2404 1445 2439 59.
1473 2403 1531 2438 XL
1558 2412 1625 2436 an-

136 2470 267 2505 bucina
305 2470 511 2505 convivium
543 2469 785 2503 dimittebatur
814 2469 856 2502 15
954 2467 1009 2500 nis
1050 2466 1218 2499 militavit
1260 2467 1275 2498 1
1319 2463 1377 2499 64.
1428 2463 1626 2497 Arminium

184 2530 243 2566 30.
951 2525 1064 2559 vincit
1094 2527 1110 2558 2
1135 2525 1194 2560 68.
1222 2522 1449 2568 triumphalia
1472 2522 1626 2567 insignia

136 2589 255 2623 Burdo
285 2599 319 2623 v.
348 2588 461 2623 lulius
488 2587 617 2622 Burdo.
954 2584 1091 2618 obtinet
1122 2585 1137 2618 1
1167 2584 1224 2620 72.
1266 2580 1492 2616 fabricandae
1520 2579 1625 2614 classi

137 2648 223 2682 Buri
247 2648 457 2682 Germaniae
483 2657 565 2692 pop.
594 2646 622 2681 G
645 2643 704 2680 43.
951 2644 1179 2689 praeponitur
1222 2644 1245 2677 2
1282 2641 1316 2675 6.
1362 2650 1455 2674 aram
1493 2638 1620 2672 ultioni

142 2707 276 2741 Burrus
306 2707 474 2742 Afranius
508 2705 678 2750 praetorii
715 2704 861 2748 praefe-
955 2702 1177 2737 statuendam
1204 2704 1326 2735 censet
1361 2699 1406 2733 ob
1433 2698 1625 2731 vindictam

192 2772 270 2801 ctus
299 2768 342 2803 12
369 2768 428 2802 42.
485 2766 637 2800 Neronis
670 2769 788 2798 rector
818 2764 860 2797 13
957 2762 1153 2797 Germanici
1181 2762 1203 2795 3
1231 2759 1285 2794 18.
1317 2769 1361 2792 ne
1379 2757 1623 2803 magistratum

185 2828 208 2862 2
235 2830 272 2859 et
296 2826 331 2860 6.
372 2827 405 2859 ei
431 2829 618 2869 suspectus
648 2824 690 2858 13
716 2824 775 2860 20.
803 2822 855 2856 di·
956 2831 1044 2855 uxor
1087 2820 1122 2853 in
1167 2818 1386 2863 provinciam
1438 2817 1626 2851 comitetur

186 2886 392 2935 gnationem
435 2885 566 2920 retinet
613 2883 699 2919 ibid.
739 2892 857 2928 super
956 2879 1112 2926 postulat
1135 2880 1159 2915 3
1185 2877 1244 2915 33.
