1768 3216
127 207 153 248 ί
174 208 216 247 c.
241 209 327 247 ω.-
645 212 781 249 uaER
803 212 849 249 11.
902 212 990 248 cm
1016 213 1173 250 92-94.
1560 203 1632 250 ιώ

125 327 378 372 Germaniae
412 329 532 372 miles
562 331 779 373 Valentem
810 331 1126 382 adsectabatur3
1164 331 1277 374 unde
1311 331 1489 387 primum
1531 343 1634 373 cre-

58 403 240 447 Μᾶὶίιιι·
269 404 477 463 Caecinae
496 405 610 470 fides
639 406 838 449 fluitasse.
902 407 1095 449 Ceterum
1135 418 1220 448 non
1261 407 1317 448 ita
1357 405 1532 449 ducibus
1564 406 1635 448 in·-

128 479 256 523 dulsit
285 464 475 522 Vitellius
507 485 553 522 ut
581 471 665 523 non
690 470 787 536 plus
819 481 938 523 militi
968 482 1129 524 liceret.
1194 482 1283 524 Sibi
1314 481 1490 536 quisque
1519 481 1635 523 mili-

129 555 229 598 tiam
258 567 496 610 sumpsere:
537 557 725 610 quamvis
757 557 979 613 indignus,
1024 558 1060 599 si
1091 557 1147 599 ita
1178 557 1404 610 maluerat,
1448 557 1635 599 urbanae

130 629 302 672 militiae
330 620 671 683 adscribebatur3
711 644 855 674 rursus
896 633 1020 674 bonis
1051 645 1272 674 remancre
1301 632 1410 673 inter
1439 629 1665 687 legiona-is

129 706 218 748 rios
256 710 327 748 aut
357 705 493 748 alares
523 707 759 749 volentibus
790 708 1053 762 permissum.
1113 707 1200 750 Nec
1233 707 1409 749 deerant
1440 708 1510 762 qui
1538 707 1636 748 vel-
1657 709 1768 752 εἶς-..ευ

129 780 239 834 lent,
277 766 577 823 fessi‘Tn'orbis
617 786 660 823 et
690 782 978 836 intemperiem
1010 782 1118 824 caeli
1149 783 1400 824 incusantes.
1461 782 1631 824 Robora

128 859 268 898 temen
297 855 535 911 legionibus
565 857 726 910 alisque
755 858 982 909 subtracta,
1016 857 1261 898 convulsum
1292 861 1524 898 castrorum
1556 856 1637 898 de-

130 942 229 983 cuS‚
278 931 428 986 viginti
470 930 636 973 milibus
674 944 698 973 e
738 935 826 973 toto
869 931 1058 974 exercitu
1097 931 1315 986 permixtis
1348 931 1484 986 magis
1515 943 1636 985 quam

131 1005 292 1048 clectis.
1650 1015 1689 1045 ιο

266 1080 544 1123 Contionante
574 1080 741 1122 Vitellio
771 1081 1034 1134 postulantur
1063 1080 1116 1122 ad
1147 1080 1394 1135 supplicium
1424 1079 1636 1122 Asiaticus

130 1159 172 1198 et
199 1155 349 1197 Flavus
380 1159 422 1197 et
451 1155 620 1197 Rufinus
651 1155 780 1197 duces
813 1150 1054 1208 Galliarum,
1087 1156 1199 1210 quod
1230 1167 1306 1210 pro
1338 1155 1515 1197 Vindice
1540 1154 1636 1196 bel-

129 1230 300 1273 lassent.
358 1231 446 1273 Nec
477 1231 704 1273 coercebat
733 1231 940 1272 eiusmodi
970 1243 1102 1272 voces
1133 1230 1346 1273 Vitellius:
1398 1243 1524 1284 super
1566 1230 1639 1270 in·-

130 1305 253 1348 sitam
282 1305 407 1347 inerti
438 1305 576 1347 animo
609 1306 836 1360 ignaviam,
872 1306 1068 1347 conscius
1098 1305 1179 1347 sibi
1210 1306 1367 1347 instare
1395 1305 1637 1347 donativum

131 1385 173 1422 et
211 1380 364 1423 deesse
400 1381 648 1435 pecuniam,
691 1381 830 1423 omnia
871 1380 952 1423 alia
992 1381 1111 1422 militi
1149 1380 1419 1435 largiebatur.
1480 1380 1689 1422 Libertits

128 1455 362 1510 principum
402 1456 601 1498 conferre
639 1468 715 1510 pro
752 1468 926 1498 numero
970 1456 1294 1510 mancipiorum,
1342 1459 1414 1513 ιιι,μ
1424 1455 1636 1510 tributum,

130 1530 247 1573 iussi.
307 1530 401 1585 Ipse
430 1530 521 1573 sola
550 1531 756 1585 perdendi
787 1543 887 1572 cura
919 1530 1081 1573 stabula
1113 1531 1272 1585 aurigis
1306 1534 1516 1582 extruere,
1550 1531 1639 1571 cir-

131 1618 223 1647 cum
253 1605 533 1660 gladiatorum
566 1606 832 1659 ferarumque
862 1605 1113 1658 spectaculis
1141 1604 1326 1658 opplere,
1356 1609 1565 1658 tamquam
1596 1605 1638 1644 in

268 1761 304 1794 4.
333 1758 499 1793 maluerit
523 1758 590 1802 Ma,
616 1769 795 1804 superscr.
821 1770 845 1792 α
870 1758 941 1792 litt.
967 1758 993 1800 i,
1018 1763 1055 1791 ut
1081 1758 1247 1792 videtur·
1279 1758 1307 1792 G
1334 1757 1523 1792 maluerat.
1602 1758 1637 1793 6.

131 1807 249 1842 aleres
275 1806 356 1841 fla:
386 1807 415 1842 G
440 1807 571 1843 alares.
647 1808 683 1843 8.
711 1807 864 1842 convols.
893 1806 952 1842 Or.
1033 1809 1086 1841 11.
1115 1807 1293 1852 asyati'cus
1316 1805 1641 1852 M³.12.11auus

132 1855 241 1940 ἓξὲξ..
262 1855 379 1940 ἔξίςο
404 1856 558 1892 motus.
587 1856 634 1890 cf.
662 1858 684 1892 2
710 1857 744 1892 9.
823 1857 878 1891 14.
905 1857 1018 1890 morte‘
1045 1854 1118 1889 Ma:
1144 1856 1252 1890 inerti
1277 1855 1447 1890 Pichena.
1524 1855 1640 1889 dona-

132 2050 294 2085 orbatum
333 2055 370 2085 et
401 2050 539 2084 firmum
578 2050 755 2096 quoddam
784 2061 849 2085 co-

133 2100 267 2146 gitatur
291 2103 446 2145 apteque
474 2099 607 2133 dicitur
631 2100 811 2134 adiacere.

204 2171 357 2216 fluminis
381 2170 556 2206 aviditas:
583 2171 619 2205 h.
643 2182 675 2206 e.
702 2171 848 2205 bibendi

134 2231 179 2254 ex
208 2219 355 2254 flumine
380 2225 441 2254 aut
466 2219 610 2254 lavandi
636 2221 672 2254 in
699 2230 743 2253 eo
769 2221 850 2254 avi-

133 2268 245 2310 ditas3
276 2268 323 2302 cf.
351 2273 473 2302 annot.
501 2268 545 2302 ad
571 2267 611 2302 G.
640 2272 664 2303 4

219 2316 369 2350 sedecim
411 2319 643 2363 praetoriae,
689 2322 852 2360 quattuor

132 2364 294 2398 urbanae
320 2364 503 2398 σολον-κει
537 2369 620 2398 ante
652 2364 755 2398 fuere
781 2374 851 2398 no-

133 2423 215 2447 vem
241 2414 457 2457 praetoriae,
487 2417 559 2446 tres
583 2412 771 2455 urbanae3
814 2423 848 2446 ν.

134 2460 183 2495 lv
209 2462 245 2496 5.
340 2468 462 2508 partes
486 2461 740 2507 (Vitellianae)
762 2473 851 2495 con-

131 2510 341 2544 valuerant:
365 2521 401 2544 v,
429 2510 472 2544 Η.
492 2509 597 2545 1131.
626 2510 751 2544 Statim
767 2521 850 2544 ver-

134 2564 226 2593 terat
253 2564 307 2593 est
331 2559 367 2592 in
398 2559 614 2593 contrarium
638 2563 849 2593 mutaverat.

206 2627 364 2674 cap.94.
390 2630 552 2663 urbanae
571 2630 728 2664 militae.-
756 2631 791 2664 h.
817 2643 848 2665 e.

136 2677 345 2711 cohortibus
373 2677 519 2711 urbanis
552 2677 613 2711 vel
646 2680 849 2722 praetoriis.

224 2748 464 2792 intemperiem
512 2748 604 2782 caeli
622 2760 634 2782 .·

684 2749 851 2797 intellige

137 2795 275 2830 caelum
301 2795 399 2829 urbis
426 2795 573 2830 Romae.

210 2870 436 2902 contionante
450 2879 462 2900 .·
502 2867 537 2901 h.
573 2878 604 2901 e.
646 2869 852 2903 contionem

137 2913 287 2950 militnm
309 2917 346 2950 in
362 2918 487 2951 castris
506 2915 729 2961 alloquente,
746 2927 853 2962 qnam

138 2964 250 3000 verbo
275 2966 348 3000 vim
370 2973 451 3000 ease
466 2976 512 3001 ex
537 2963 715 2999 adiunctis
740 2969 850 3010 patet.

991 2051 1100 2084 inerti
1126 2051 1268 2086 am'mo:
1307 2049 1344 2082 in
1375 2049 1466 2083 vitio
1505 2048 1640 2083 codicis

919 2099 1072 2133 Medicei
1114 2100 1248 2145 (morte
1274 2117 1318 2132 =
1344 2099 1507 2141 mortem)
1536 2110 1570 2131 m
1603 2098 1641 2131 in

919 2149 1097 2192 principio
1123 2148 1279 2191 positum
1303 2148 1371 2193 pro*
1393 2157 1433 2180 m
1451 2146 1641 2180 admodum

919 2196 1048 2238 simili,
1090 2197 1126 2229 in
1161 2198 1260 2231 exitu
1298 2197 1393 2231 idem
1434 2194 1641 2229 adiunctum

919 2254 1030 2288 prava
1065 2245 1325 2279 assimilatione
1363 2243 1408 2277 ob
1445 2253 1641 2288 praegres-

920 2303 996 2325 sum
1024 2292 1171 2326 verbnm
1198 2295 1353 2327 insitam.
1397 2290 1547 2337 Ignavia
1573 2301 1641 2324 au-

921 2346 990 2374 tem
1019 2341 1144 2374 inertis
1171 2343 1280 2376 animi
1301 2341 1457 2386 propria.
1483 2338 1640 2373 Orellius

919 2390 1094 2423 marcenti
1118 2389 1233 2433 dedit,
1269 2390 1332 2424 sed
1359 2399 1521 2422 marcere
1546 2387 1641 2422 dici-

921 2442 977 2470 tur
1003 2439 1060 2471 cui
1090 2439 1196 2484 vigor
1221 2444 1256 2473 et
1284 2448 1413 2472 succus
1430 2435 1552 2470 vitalis
1573 2436 1640 2471 de-

922 2491 976 2520 est
1003 2486 1071 2530 (cf.
1099 2486 1140 2520 H.
1169 2487 1217 2521 111
1244 2488 1337 2534 36):
1375 2496 1472 2520 nunc
1497 2494 1569 2518 non
1596 2484 1640 2520 de

920 2536 1048 2581 vigore
1073 2535 1137 2568 sed
1162 2535 1206 2570 de
1234 2537 1353 2570 animo
1381 2535 1552 2580 loquitur.

991 2589 1029 2617 ut
1054 2583 1218 2618 tributum
1234 2596 1245 2617 .·
1284 2584 1456 2618 tributum
1491 2584 1527 2615 in
1554 2591 1639 2614 usus

921 2631 1097 2666 bellorum
1111 2638 1301 2679 erogatur:
1317 2631 1381 2666 sed
1396 2631 1513 2665 statim
1531 2639 1639 2663 enar-

921 2685 1018 2714 ratur
1045 2681 1233 2715 Vitellium
1266 2682 1303 2714 in
1330 2680 1402 2714 alia
1427 2679 1547 2712 omnia
1570 2687 1639 2721 pe-

922 2730 1027 2763 cunia
1053 2739 1155 2762 usum
1182 2740 1274 2763 esse.
1342 2728 1500 2771 Scriptor
1528 2726 1639 2771 igitur

919 2784 957 2811 ut
991 2777 1157 2810 tribucum
1191 2777 1343 2818 adiecit,
1388 2780 1427 2808 ut
1460 2774 1639 2808 contraria

921 2825 1050 2858 melius
1061 2825 1364 2868 perspicerentur.
1383 2822 1518 2856 Libera·
1531 2823 1638 2868 prin-

922 2874 1037 2917 cipum
1075 2876 1157 2905 sunt
1195 2871 1315 2906 liberti
1356 2882 1376 2905 a
1413 2870 1638 2916 principibus

923 2919 1106 2966 (Claudio,
1134 2919 1294 2962 Nerone,
1322 2919 1451 2963 Galba,
1481 2918 1636 2962 Othone,

926 2969 1031 3003 etiam
1060 2967 1105 3002 ab
1128 2969 1207 3014 ipso
1230 2967 1399 3016 Vitellio)
1416 2969 1635 3005 manumissi.
