1768 3216
62 1432 121 1472 78
132 1430 225 1473 tur.²

131 200 161 229 u
187 192 229 230 ῧ.
255 193 317 232 70.

577 196 712 231 LIBER
737 196 799 231 lv.
852 195 941 232 GAP.
970 194 1130 232 76—78.

640 250 702 312 3⁴5⁸..-
729 258 835 318 ἅῖῑψκ
870 282 928 311 22⁵

1574 194 1646 228 363

928 259 977 294 LO

131 312 338 356 Mosellae
374 325 504 367 pons,
554 315 623 368 qui
658 314 857 356 ulteriora
895 303 1090 355 coloniae
1121 311 1330 363 adnectit,
1374 310 1427 355 ab
1455 309 1645 352 hostibus

134 387 338 430 insessas.
400 388 577 431 Cerialis
609 388 785 430 turbidis
816 389 942 430 rebus
974 387 1204 441 intrepidus
1226 390 1267 429 et
1287 375 1496 441 fugientes
1522 396 1648 428 manu

135 462 370 515 retrahens,
401 463 558 505 intecto
589 475 784 517 corpore,
815 468 1029 517 promptus
1056 463 1164 505 inter
1194 461 1298 514 tela,
1327 460 1442 505 felici
1473 461 1650 502 temeri-

134 540 221 578 tate
250 540 293 578 et
322 536 537 578 fortissimi
567 538 770 592 cuiusque
804 550 983 580 accursu
1012 537 1289 590 reciperatum
1319 539 1488 590 pontem
1511 534 1644 578 electa

134 621 262 653 manu
305 610 498 653 firmavit.

559 613 656 654 Mox
700 613 743 655 in
786 617 922 655 castra
967 624 1166 655 reversus
1205 611 1394 666 palantes
1434 614 1679 664 captarums

134 684 242 739 apud
283 687 536 729 Novaesium
570 688 838 743 Bonnamque
875 688 1088 743 legionum
1134 686 1368 740 manipulos
1414 690 1455 728 et
1498 697 1640 728 rarum

133 752 243 814 apud
271 761 392 816 sigua
424 762 595 812 militem
625 775 675 803 ac
706 774 835 816 prope
867 763 1174 805 circumventas
1206 761 1366 815 aquilas
1397 760 1526 802 videt.
1567 760 1641 801 ln-

133 845 287 877 census
330 835 394 877 ira
426 833 529 878 ‘nen
570 831 790 889 Flaccum‘,
846 837 1003 890 inquit,
1044 833 1147 878 ‘non
1187 835 1386 878 Voculam
1432 834 1641 877 deseritis.

131 908 252 952 Nulla
281 909 351 951 hic
380 910 583 964 proditi03
611 923 748 965 neque
778 911 890 953 aliud
913 911 1197 953 excusandum
1223 910 1360 952 habeo
1378 921 1501 963 quam
1523 909 1635 962 quod

134 994 211 1024 vos
242 983 392 1026 Gallici
422 985 611 1027 foederis
640 985 793 1027 oblitos
822 985 988 1027 redisse
1019 985 1062 1026 in
1088 985 1334 1027 memoriam
1361 983 1538 1026 Romani
1568 996 1642 1026 sa-
1657 995 1695 1026 io

134 1059 337 1100 crumenti
365 1062 525 1100 temere
556 1059 735 1101 credidi.
776 1059 1100 1102 Adnumerabor
1118 1059 1317 1101 Numisiis
1340 1063 1382 1100 et
1401 1058 1640 1110 Herenniis,

133 1137 179 1175 ut
204 1144 351 1175 omnes
382 1133 511 1188 legati
540 1135 670 1176 vestri
710 1138 780 1176 aut
814 1135 986 1177 militum
1018 1135 1209 1177 manibus
1252 1138 1321 1176 aut
1348 1134 1531 1176 hostium
1565 1145 1643 1175 ce-

134 1207 327 1250 ciderint.
388 1209 472 1261 lte,
517 1210 703 1251 nuntiate
758 1210 1019 1263 Vespasiano
1057 1209 1149 1262 vel,
1197 1209 1308 1263 quod
1347 1209 1519 1262 propius
1564 1212 1641 1260 est,

134 1282 258 1324 Civili
289 1287 330 1324 et
362 1283 551 1325 Classico
569 1315 582 1336 ‚
608 1284 806 1327 relictum
838 1298 860 1326 a
890 1284 1012 1326 vobis
1041 1285 1082 1324 in
1113 1284 1206 1325 acie
1238 1283 1403 1325 (lucem.
1458 1283 1639 1324 Venient

131 1346 326 1412 legiones
355 1370 463 1412 quae
488 1366 624 1413 neque
650 1373 716 1402 me
746 1360 919 1402 inultum
948 1371 1086 1413 neque
1114 1371 1191 1400 vos
1221 1358 1445 1412 impunitos
1471 1357 1639 1411 patian-
1658 1364 1695 1394 ¹⁵

400 1558 511 1576 Λ

124 1585 296 1634 poterat
324 1585 544 1635 patescere
572 1585 686 1626 acies
718 1583 851 1625 effuso
882 1584 1004 1625 hoste
1030 1588 1069 1625 et
1098 1583 1422 1637 impedientibus
1442 1582 1637 1623 tentoriis
1680 1615 1724 1645 a*
1759 1633 1768 1640 ⁴

282 1433 391 1475 Vera
422 1438 564 1486 erant,
613 1438 654 1475 et
684 1447 709 1476 a
736 1435 914 1476 tribunis
943 1434 1254 1488 praefectisque
1285 1433 1435 1475 eadem
1467 1433 1643 1487 ingere-

130 1507 292 1550 bantur.
356 1508 595 1550 consistunt
623 1521 700 1562 per
728 1510 927 1551 cohortes
966 1513 1007 1550 et
1047 1509 1305 1562 manipulos:
1347 1519 1484 1561 neque
1528 1508 1639 1549 enim
1739 1528 1768 1548 r..

130 1655 409 1710 sarcinisque,
439 1669 533 1698 cum
568 1658 675 1700 intra
706 1659 859 1700 vallum
889 1662 1158 1713 pugnaretur.
1205 1658 1331 1699 Tutor
1363 1661 1405 1698 et
1425 1656 1638 1699 Classicus

131 1732 174 1770 ct
203 1729 361 1783 Civilis,
394 1732 481 1773 suis
512 1733 688 1787 quisque
715 1733 837 1786 locis,
868 1745 1049 1788 pugnam
1091 1732 1272 1786 ciebant,
1307 1731 1448 1774 Gallos
1475 1743 1552 1786 pro
1583 1731 1640 1772 li-
1653 1736 1693 1766 2⁰

270 1852 301 1884 1.
330 1850 500 1886 mesaliae
523 1851 604 1886 Ma:
633 1852 660 1886 G
679 1853 856 1887 mosellae.

722 1902 855 1936 redisse
883 1903 921 1935 in
951 1901 1111 1947 Lipsius:
1129 1901 1310 1948 fidia-erim
1336 1899 1422 1936 (ma
1446 1906 1483 1935 et
1507 1902 1636 1935 ceteri.

133 1898 189 1933 10.
213 1895 356 1944 qallieis
368 1897 441 1933 Ma:
468 1899 496 1934 G
519 1900 653 1945 gallici.

129 2013 310 2048 struendis
366 2014 542 2049 aedificiis
593 2017 844 2063 domibusque.

130 2061 227 2114 Nihil
255 2063 425 2099 omissum
463 2069 541 2107 est,
584 2065 674 2100 nihil
713 2077 846 2110 pecca-

129 2115 216 2144 tum.

201 2158 242 2192 in
266 2159 424 2195 cubiculo
451 2171 495 2195 ac
523 2160 670 2195 lectulo:
709 2173 779 2196 non
810 2165 847 2198 in

131 2208 257 2240 castris
295 2213 395 2243 extra
431 2209 611 2243 coloniam
646 2212 772 2254 positis
813 2217 847 2246 et

130 2254 224 2298 apud
248 2255 408 2299 milites,
438 2256 502 2291 sed
529 2253 564 2291 in
591 2259 710 2303 oppidi
740 2259 845 2293 domo

130 2301 201 2334 dux
231 2302 339 2346 paulo
368 2304 559 2338 delicatior
585 2311 620 2339 et
646 2316 779 2350 pronus
803 2307 847 2340 ad

129 2348 308 2383 luxuriam
336 2358 482 2398 egerat3
527 2354 623 2388 conf.
651 2355 693 2388 H.
726 2355 752 2387 V
783 2357 842 2390 22.

131 2398 175 2432 In
201 2398 360 2433 eubiculo
396 2412 441 2435 ac
467 2401 592 2436 tectulo
631 2402 724 2437 idem
751 2403 845 2448 quod

127 2447 166 2480 in
191 2446 318 2481 lectulo
348 2449 510 2484 cubiculi.

213 2496 347 2530 mdiu:
383 2498 554 2532 Mosellae
579 2510 680 2544 opons
703 2513 713 2532 .·
767 2501 844 2534 eius

128 2545 247 2588 pontis
276 2550 398 2588 postes
442 2548 478 2580 in
517 2547 660 2581 alveum
694 2549 843 2582 immissi

127 2596 165 2625 et
194 2593 395 2637 ingentium
430 2595 587 2638 lapidum
620 2596 716 2630 mole
752 2607 843 2630 con-

127 2641 252 2673 structi
293 2642 486 2675 etiamnum
525 2644 714 2677 visuntur:
753 2655 843 2688 pons

126 2689 292 2732 superior
318 2691 533 2727 {recentiore
567 2700 679 2734 opere
713 2693 842 2737 confe-

127 2740 206 2769 ctus
232 2740 300 2770 est.
327 2737 523 2782 Antiquum
549 2743 670 2773 autem
695 2746 840 2784 pontem

126 2794 146 2816 u
172 2783 385 2818 Germanico
414 2787 570 2820 Caesare
599 2787 730 2821 fuctum
761 2799 841 2823 esse

125 2833 291 2876 suspicor
322 2839 466 2877 propter
492 2834 555 2868 illa
583 2834 766 2870 Strabonis
793 2836 841 2870 lv

124 2881 148 2914 3
172 2881 210 2922 S.
236 2881 261 2915 4
287 2890 320 2925 p.
343 2881 428 2916 194:
453 2881 551 2929 μετὰ
579 2883 622 2918 δὲ
651 2884 741 2922 τοῦς
755 2889 839 2919 Με-

125 2924 402 2977 διομαερικοὺς
416 2934 480 2966 καὶ
496 2931 723 2978 Υριβὸκχους
740 2945 840 2980 παρ-

916 1856 951 1888 4.
980 1854 1059 1887 ade.
1086 1851 1151 1887 Ma.
1203 1852 1313 1898 recip.
1342 1851 1416 1886 Ma:
1442 1863 1562 1898 recup.
1594 1852 1635 1886 G.

922 2021 1071 2056 οικοῦσι
1113 2013 1182 2054 τὸν
1218 2014 1352 2062 Ῥῆνον
1408 2018 1636 2066 Τρηούϊροι,

921 2069 1010 2102 καθ’
1037 2063 1102 2107 οὓς
1128 2069 1298 2112 (quorum
1326 2066 1499 2102 adversus
1530 2069 1638 2112 oppi-

920 2116 1022 2163 dum)
1061 2119 1266 2159 πεποίηται
1299 2110 1342 2150 τὸ
1379 2117 1524 2164 ζεῦγμα
1563 2112 1637 2153 ὑπὸ

918 2165 998 2200 τῶν
1022 2163 1221 2212 Ῥωμαίων
1248 2166 1359 2206 νυνί,
1400 2168 1476 2200 τῶν
1515 2176 1637 2211 στρα-

918 2213 1138 2260 τηγούντων
1177 2209 1497 2260 τὸνΓερμανικόν
1516 2214 1634 2250 πόλε-

920 2275 1046 2353 ‹amb-m·
1070 2308 1243 2342 ulteriora
1270 2307 1433 2342 coloniae
1458 2309 1635 2343 adnectit:

919 2357 1081 2391 coloniae
1107 2357 1247 2390 dativus
1275 2361 1351 2399 est,
1390 2368 1463 2390 non
1500 2359 1637 2403 geniti-

917 2416 1003 2448 vus3
1043 2405 1218 2439 ulteriora
1254 2410 1338 2439 sunt
1376 2417 1469 2450 quae
1497 2406 1534 2439 in
1560 2408 1637 2450 ripa

916 2455 1061 2487 sinistra
1087 2453 1160 2496 (die
1186 2453 1249 2488 das
1267 2455 1456 2499 jeuseitiqe
1472 2454 1557 2500 Ufer
1574 2457 1636 2489 mit

920 2503 983 2536 der
1008 2502 1221 2547 Pllansstadt
1245 2502 1451 2546 vertendae).

988 2562 1070 2584 mox
1103 2552 1142 2584 in
1169 2556 1290 2585 castra
1316 2562 1476 2584 reversus
1493 2563 1505 2584 .-

916 2599 1031 2644 liquet
1057 2604 1173 2633 castra
1197 2600 1233 2632 in
1261 2599 1386 2633 dextra
1414 2600 1489 2642 ripa
1516 2600 1633 2642 posita

915 2648 1028 2681 ruisse
1055 2658 1125 2680 non
1157 2648 1281 2691 procul
1309 2658 1329 2680 a
1348 2647 1536 2681 moenibus
1567 2658 1633 2681 co-

915 2696 1046 2729 Ioniae.

986 2743 1072 2786 Cap.
1101 2743 1158 2777 78.
1195 2754 1220 2784 q
1247 2743 1395 2776 tribunis
1418 2744 1631 2788 praesectis-

914 2802 998 2835 que:
1027 2790 1159 2824 tribuni
1187 2791 1422 2836 legionarios,
1454 2791 1630 2834 praefecti

914 2837 1068 2872 sociales
1104 2837 1272 2872 cohortes
1313 2839 1534 2883 increpando
1560 2842 1630 2875 sti-

912 2886 1108 2920 mulabant.

912 2931 922 2939 ‘⁴
985 2933 1129 2969 Gallos:
1166 2933 1200 2969 h.
1231 2947 1262 2970 e.
1294 2935 1498 2982 Lingona83
1534 2937 1625 2972 Ger-

1549 2551 1634 2584 hinc
