<?xml version="1.0" encoding="UTF-8"?>
<!DOCTYPE html PUBLIC "-//W3C//DTD XHTML 1.0 Transitional//EN"
    "http://www.w3.org/TR/xhtml1/DTD/xhtml1-transitional.dtd">
<html xmlns="http://www.w3.org/1999/xhtml" xml:lang="en" lang="en">
 <head>
  <title>
</title>
<meta http-equiv="Content-Type" content="text/html;charset=utf-8" />
  <meta name='ocr-system' content='tesseract 3.04.00' />
  <meta name='ocr-capabilities' content='ocr_page ocr_carea ocr_par ocr_line ocrx_word'/>
</head>
<body>
  <div class='ocr_page' id='page_1' title='image "./operaadcodicesan03taciuoft/operaadcodicesan03taciuoft_0534.png"; bbox 0 0 1768 3216; ppageno 0'>
   <div class='ocr_carea' id='block_1_1' title="bbox 144 205 1034 242">
    <p class='ocr_par' dir='ltr' id='par_1_1' title="bbox 144 205 1034 242">
     <span class='ocr_line' id='line_1_1' title="bbox 144 205 1034 242; baseline 0.001 -1"><span class='ocrx_word' id='word_1_1' title='bbox 144 207 194 241; x_wconf 65' lang='lat'>92</span> <span class='ocrx_word' id='word_1_2' title='bbox 771 205 1034 242; x_wconf 80' lang='lat' dir='ltr'><strong>AGRIGOLAE</strong></span> 
     </span>
    </p>
   </div>
   <div class='ocr_carea' id='block_1_2' title="bbox 144 321 1640 602">
    <p class='ocr_par' dir='ltr' id='par_1_2' title="bbox 144 321 1640 602">
     <span class='ocr_line' id='line_1_2' title="bbox 149 321 1640 381; baseline 0.003 -17"><span class='ocrx_word' id='word_1_3' title='bbox 149 321 335 364; x_wconf 87' lang='lat' dir='ltr'>militiam</span> <span class='ocrx_word' id='word_1_4' title='bbox 364 323 404 363; x_wconf 93' lang='lat' dir='ltr'>in</span> <span class='ocrx_word' id='word_1_5' title='bbox 434 321 650 364; x_wconf 87' lang='lat' dir='ltr'>lasciviam</span> <span class='ocrx_word' id='word_1_6' title='bbox 678 326 857 375; x_wconf 87' lang='lat' dir='ltr'>vertunt,</span> <span class='ocrx_word' id='word_1_7' title='bbox 890 335 1026 378; x_wconf 89' lang='lat' dir='ltr'>neque</span> <span class='ocrx_word' id='word_1_8' title='bbox 1054 325 1242 380; x_wconf 83' lang='lat' dir='ltr'><strong>segniter</strong></span> <span class='ocrx_word' id='word_1_9' title='bbox 1271 325 1322 367; x_wconf 86' lang='lat' dir='ltr'>ad</span> <span class='ocrx_word' id='word_1_10' title='bbox 1340 325 1572 381; x_wconf 84' lang='lat' dir='ltr'>voluptates</span> <span class='ocrx_word' id='word_1_11' title='bbox 1598 330 1640 370; x_wconf 88' lang='lat' dir='ltr'>et</span> 
     </span>
     <span class='ocr_line' id='line_1_3' title="bbox 151 395 1640 444; baseline 0.003 -6"><span class='ocrx_word' id='word_1_12' title='bbox 151 400 403 438; x_wconf 79' lang='lat' dir='ltr'>commeatus</span> <span class='ocrx_word' id='word_1_13' title='bbox 435 395 593 437; x_wconf 89' lang='lat' dir='ltr'>titulum</span> <span class='ocrx_word' id='word_1_14' title='bbox 624 396 854 439; x_wconf 80' lang='lat' dir='ltr'>tribunatus</span> <span class='ocrx_word' id='word_1_15' title='bbox 873 402 913 439; x_wconf 90' lang='lat' dir='ltr'>et</span> <span class='ocrx_word' id='word_1_16' title='bbox 930 399 1136 441; x_wconf 83' lang='lat' dir='ltr'>inscitiam</span> <span class='ocrx_word' id='word_1_17' title='bbox 1155 396 1334 441; x_wconf 86' lang='lat' dir='ltr'>rettulit:</span> <span class='ocrx_word' id='word_1_18' title='bbox 1366 400 1441 442; x_wconf 91' lang='lat' dir='ltr'>sed</span> <span class='ocrx_word' id='word_1_19' title='bbox 1459 411 1640 444; x_wconf 84' lang='lat' dir='ltr'>noscere</span> 
     </span>
     <span class='ocr_line' id='line_1_4' title="bbox 152 470 1638 530; baseline 0.005 -20"><span class='ocrx_word' id='word_1_20' title='bbox 152 470 422 523; x_wconf 88' lang='lat' dir='ltr'>provinciam,</span> <span class='ocrx_word' id='word_1_21' title='bbox 451 471 570 512; x_wconf 89' lang='lat' dir='ltr'>nosci</span> <span class='ocrx_word' id='word_1_22' title='bbox 603 472 820 524; x_wconf 87' lang='lat' dir='ltr'>exercitui,</span> <span class='ocrx_word' id='word_1_23' title='bbox 855 472 1021 519; x_wconf 84' lang='lat' dir='ltr'>discere</span> <span class='ocrx_word' id='word_1_24' title='bbox 1052 487 1074 516; x_wconf 91' lang='lat' dir='ltr'>a</span> <span class='ocrx_word' id='word_1_25' title='bbox 1103 475 1264 528; x_wconf 88' lang='lat' dir='ltr'>peritis,</span> <span class='ocrx_word' id='word_1_26' title='bbox 1296 475 1415 529; x_wconf 91' lang='lat' dir='ltr'>sequi</span> <span class='ocrx_word' id='word_1_27' title='bbox 1445 475 1638 530; x_wconf 87' lang='lat' dir='ltr'>optimos,</span> 
     </span>
     <span class='ocr_line' id='line_1_5' title="bbox 144 543 1639 602; baseline 0.005 -19"><span class='ocrx_word' id='word_1_28' title='bbox 144 543 245 584; x_wconf 88' lang='lat' dir='ltr'>nihil</span> <span class='ocrx_word' id='word_1_29' title='bbox 273 548 468 597; x_wconf 84' lang='lat' dir='ltr'>appetere</span> <span class='ocrx_word' id='word_1_30' title='bbox 498 545 539 585; x_wconf 91' lang='lat' dir='ltr'>in</span> <span class='ocrx_word' id='word_1_31' title='bbox 572 545 862 596; x_wconf 86' lang='lat' dir='ltr'>iactationem,</span> <span class='ocrx_word' id='word_1_32' title='bbox 906 547 1007 588; x_wconf 86' lang='lat' dir='ltr'>nihil</span> <span class='ocrx_word' id='word_1_33' title='bbox 1047 547 1101 588; x_wconf 92' lang='lat' dir='ltr'>ob</span> <span class='ocrx_word' id='word_1_34' title='bbox 1133 547 1396 590; x_wconf 86' lang='lat' dir='ltr'>formidinem</span> <span class='ocrx_word' id='word_1_35' title='bbox 1425 560 1639 602; x_wconf 85' lang='lat' dir='ltr'>recusare,</span> 
     </span>
    </p>
   </div>
   <div class='ocr_carea' id='block_1_3' title="bbox 113 617 1214 750">
    <p class='ocr_par' dir='ltr' id='par_1_3' title="bbox 113 617 1214 750">
     <span class='ocr_line' id='line_1_6' title="bbox 113 617 1048 675; baseline 0.005 -18"><span class='ocrx_word' id='word_1_36' title='bbox 113 617 346 671; x_wconf 80' lang='lat' dir='ltr'>ssimulque</span> <span class='ocrx_word' id='word_1_37' title='bbox 380 622 421 659; x_wconf 89' lang='lat' dir='ltr'>et</span> <span class='ocrx_word' id='word_1_38' title='bbox 448 619 595 660; x_wconf 86' lang='lat' dir='ltr'>anxius</span> <span class='ocrx_word' id='word_1_39' title='bbox 626 623 666 661; x_wconf 90' lang='lat' dir='ltr'>et</span> <span class='ocrx_word' id='word_1_40' title='bbox 696 621 876 662; x_wconf 86' lang='lat' dir='ltr'>intentus</span> <span class='ocrx_word' id='word_1_41' title='bbox 907 633 1048 675; x_wconf 87' lang='lat' dir='ltr'>agere.</span> 
     </span>
     <span class='ocr_line' id='line_1_7' title="bbox 147 692 1214 750; baseline 0.004 -17"><span class='ocrx_word' id='word_1_42' title='bbox 147 692 311 734; x_wconf 80' lang='lat' dir='ltr'>citatior</span> <span class='ocrx_word' id='word_1_43' title='bbox 340 694 558 748; x_wconf 79' lang='lat' dir='ltr'>magisque</span> <span class='ocrx_word' id='word_1_44' title='bbox 587 695 627 735; x_wconf 91' lang='lat' dir='ltr'>in</span> <span class='ocrx_word' id='word_1_45' title='bbox 660 695 854 750; x_wconf 87' lang='lat' dir='ltr'>ambiguo</span> <span class='ocrx_word' id='word_1_46' title='bbox 884 695 1096 738; x_wconf 83' lang='lat' dir='ltr'>Britannia</span> <span class='ocrx_word' id='word_1_47' title='bbox 1125 696 1214 737; x_wconf 87' lang='lat' dir='ltr'>fuit.</span> 
     </span>
    </p>
   </div>
   <div class='ocr_carea' id='block_1_4' title="bbox 1110 621 1640 739">
    <p class='ocr_par' dir='ltr' id='par_1_4' title="bbox 1110 621 1640 739">
     <span class='ocr_line' id='line_1_8' title="bbox 1110 621 1640 666; baseline 0.004 -4"><span class='ocrx_word' id='word_1_48' title='bbox 1110 622 1202 663; x_wconf 91' lang='lat' dir='ltr'>Non</span> <span class='ocrx_word' id='word_1_49' title='bbox 1238 633 1341 663; x_wconf 89' lang='lat' dir='ltr'>sane</span> <span class='ocrx_word' id='word_1_50' title='bbox 1372 621 1475 664; x_wconf 82' lang='lat' dir='ltr'>alias</span> <span class='ocrx_word' id='word_1_51' title='bbox 1513 634 1640 666; x_wconf 79' lang='lat' dir='ltr'>exer-</span> 
     </span>
     <span class='ocr_line' id='line_1_9' title="bbox 1273 696 1638 739; baseline 0.003 -2"><span class='ocrx_word' id='word_1_52' title='bbox 1273 696 1484 739; x_wconf 87' lang='lat' dir='ltr'>Trucidati</span> <span class='ocrx_word' id='word_1_53' title='bbox 1513 700 1638 739; x_wconf 89' lang='lat' dir='ltr'>vete-</span> 
     </span>
    </p>
   </div>
   <div class='ocr_carea' id='block_1_5' title="bbox 140 767 1635 824">
    <p class='ocr_par' dir='ltr' id='par_1_5' title="bbox 140 767 1635 824">
     <span class='ocr_line' id='line_1_10' title="bbox 140 767 1635 824; baseline 0.004 -17"><span class='ocrx_word' id='word_1_54' title='bbox 140 767 244 818; x_wconf 87' lang='lat' dir='ltr'>rani,</span> <span class='ocrx_word' id='word_1_55' title='bbox 275 767 475 810; x_wconf 81' lang='lat' dir='ltr'>incensae</span> <span class='ocrx_word' id='word_1_56' title='bbox 506 768 724 822; x_wconf 87' lang='lat' dir='ltr'>coloniae,</span> <span class='ocrx_word' id='word_1_57' title='bbox 758 770 978 824; x_wconf 85' lang='lat' dir='ltr'>intercepti</span> <span class='ocrx_word' id='word_1_58' title='bbox 1010 770 1247 822; x_wconf 85' lang='lat' dir='ltr'>exercitus;</span> <span class='ocrx_word' id='word_1_59' title='bbox 1279 774 1363 813; x_wconf 92' lang='lat' dir='ltr'>tum</span> <span class='ocrx_word' id='word_1_60' title='bbox 1397 770 1635 824; x_wconf 65' lang='lat' dir='ltr'>de&#39;salute,</span> 
     </span>
    </p>
   </div>
   <div class='ocr_carea' id='block_1_6' title="bbox 140 841 791 891">
    <p class='ocr_par' dir='ltr' id='par_1_6' title="bbox 140 841 791 891">
     <span class='ocr_line' id='line_1_11' title="bbox 140 841 791 891; baseline 0.005 -9"><span class='ocrx_word' id='word_1_61' title='bbox 140 853 239 891; x_wconf 85' lang='lat' dir='ltr'>mox</span> <span class='ocrx_word' id='word_1_62' title='bbox 269 841 320 882; x_wconf 90' lang='lat' dir='ltr'>de</span> <span class='ocrx_word' id='word_1_63' title='bbox 351 842 528 884; x_wconf 89' lang='lat' dir='ltr'>victoria</span> <span class='ocrx_word' id='word_1_64' title='bbox 562 847 791 885; x_wconf 84' lang='lat' dir='ltr'>certavere.</span> 
     </span>
    </p>
   </div>
   <div class='ocr_carea' id='block_1_7' title="bbox 853 844 1642 894">
    <p class='ocr_par' dir='ltr' id='par_1_7' title="bbox 853 844 1642 894">
     <span class='ocr_line' id='line_1_12' title="bbox 853 844 1642 894; baseline 0 -8"><span class='ocrx_word' id='word_1_65' title='bbox 853 845 969 894; x_wconf 87' lang='lat' dir='ltr'>Quae</span> <span class='ocrx_word' id='word_1_66' title='bbox 998 848 1146 886; x_wconf 90' lang='lat' dir='ltr'>cuncta</span> <span class='ocrx_word' id='word_1_67' title='bbox 1179 845 1256 886; x_wconf 92' lang='lat' dir='ltr'>etsi</span> <span class='ocrx_word' id='word_1_68' title='bbox 1278 844 1465 886; x_wconf 88' lang='lat' dir='ltr'>consiliis</span> <span class='ocrx_word' id='word_1_69' title='bbox 1488 845 1642 887; x_wconf 88' lang='lat' dir='ltr'>ductu-</span> 
     </span>
    </p>
   </div>
   <div class='ocr_carea' id='block_1_8' title="bbox 89 908 1641 1267">
    <p class='ocr_par' dir='ltr' id='par_1_8' title="bbox 89 908 1641 1267">
     <span class='ocr_line' id='line_1_13' title="bbox 141 908 1640 973; baseline 0.003 -18"><span class='ocrx_word' id='word_1_70' title='bbox 141 926 220 968; x_wconf 91' lang='lat' dir='ltr'>que</span> <span class='ocrx_word' id='word_1_71' title='bbox 249 915 418 956; x_wconf 85' lang='lat' dir='ltr'>alterius</span> <span class='ocrx_word' id='word_1_72' title='bbox 446 917 691 970; x_wconf 84' lang='lat' dir='ltr'>agebantur,</span> <span class='ocrx_word' id='word_1_73' title='bbox 722 930 771 958; x_wconf 93' lang='lat' dir='ltr'>ac</span> <span class='ocrx_word' id='word_1_74' title='bbox 802 930 957 959; x_wconf 86' lang='lat' dir='ltr'>summa</span> <span class='ocrx_word' id='word_1_75' title='bbox 989 930 1129 960; x_wconf 88' lang='lat' dir='ltr'>rerum</span> <span class='ocrx_word' id='word_1_76' title='bbox 1156 922 1196 959; x_wconf 89' lang='lat' dir='ltr'>et</span> <span class='ocrx_word' id='word_1_77' title='bbox 1226 908 1502 972; x_wconf 74' lang='lat' dir='ltr'>recuperatae</span> <span class='ocrx_word' id='word_1_78' title='bbox 1535 930 1640 973; x_wconf 89' lang='lat' dir='ltr'>pro-</span> 
     </span>
     <span class='ocr_line' id='line_1_14' title="bbox 89 989 1638 1044; baseline 0.003 -14"><span class='ocrx_word' id='word_1_79' title='bbox 89 989 303 1031; x_wconf 79' lang='lat' dir='ltr'>wvinciae</span> <span class='ocrx_word' id='word_1_80' title='bbox 335 989 470 1043; x_wconf 92' lang='lat' dir='ltr'>gloria</span> <span class='ocrx_word' id='word_1_81' title='bbox 497 990 541 1031; x_wconf 92' lang='lat' dir='ltr'>in</span> <span class='ocrx_word' id='word_1_82' title='bbox 579 991 727 1032; x_wconf 90' lang='lat' dir='ltr'>ducem</span> <span class='ocrx_word' id='word_1_83' title='bbox 768 991 922 1044; x_wconf 85' lang='lat' dir='ltr'>cessit,</span> <span class='ocrx_word' id='word_1_84' title='bbox 967 996 1097 1033; x_wconf 90' lang='lat' dir='ltr'>artem</span> <span class='ocrx_word' id='word_1_85' title='bbox 1134 996 1174 1034; x_wconf 91' lang='lat' dir='ltr'>et</span> <span class='ocrx_word' id='word_1_86' title='bbox 1210 1004 1328 1034; x_wconf 92' lang='lat' dir='ltr'>usum</span> <span class='ocrx_word' id='word_1_87' title='bbox 1373 996 1413 1034; x_wconf 91' lang='lat' dir='ltr'>et</span> <span class='ocrx_word' id='word_1_88' title='bbox 1451 992 1638 1034; x_wconf 87' lang='lat' dir='ltr'>stimulos</span> 
     </span>
     <span class='ocr_line' id='line_1_15' title="bbox 140 1063 1637 1122; baseline 0.002 -17"><span class='ocrx_word' id='word_1_89' title='bbox 140 1063 341 1105; x_wconf 83' lang='lat' dir='ltr'>addidere</span> <span class='ocrx_word' id='word_1_90' title='bbox 370 1064 532 1116; x_wconf 87' lang='lat' dir='ltr'>iuveni;</span> <span class='ocrx_word' id='word_1_91' title='bbox 564 1065 813 1119; x_wconf 90' lang='lat' dir='ltr'>intravitque</span> <span class='ocrx_word' id='word_1_92' title='bbox 845 1066 1021 1107; x_wconf 90' lang='lat' dir='ltr'>animum</span> <span class='ocrx_word' id='word_1_93' title='bbox 1053 1066 1243 1108; x_wconf 89' lang='lat' dir='ltr'>militaris</span> <span class='ocrx_word' id='word_1_94' title='bbox 1273 1066 1436 1122; x_wconf 87' lang='lat' dir='ltr'>gloriae</span> <span class='ocrx_word' id='word_1_95' title='bbox 1469 1066 1637 1121; x_wconf 91' lang='lat' dir='ltr'>cupido,</span> 
     </span>
     <span class='ocr_line' id='line_1_16' title="bbox 141 1138 1641 1194; baseline 0.003 -17"><span class='ocrx_word' id='word_1_96' title='bbox 141 1141 302 1191; x_wconf 75' lang='lat' dir='ltr'>ingrata</span> <span class='ocrx_word' id='word_1_97' title='bbox 328 1138 580 1191; x_wconf 88' lang='lat' dir='ltr'>temporibus</span> <span class='ocrx_word' id='word_1_98' title='bbox 613 1139 760 1193; x_wconf 90' lang='lat' dir='ltr'>quibus</span> <span class='ocrx_word' id='word_1_99' title='bbox 793 1140 961 1181; x_wconf 87' lang='lat' dir='ltr'>sinistra</span> <span class='ocrx_word' id='word_1_100' title='bbox 993 1152 1094 1194; x_wconf 88' lang='lat' dir='ltr'>erga</span> <span class='ocrx_word' id='word_1_101' title='bbox 1127 1140 1355 1182; x_wconf 91' lang='lat' dir='ltr'>eminentes</span> <span class='ocrx_word' id='word_1_102' title='bbox 1386 1140 1641 1194; x_wconf 84' lang='lat' dir='ltr'>interpreta-</span> 
     </span>
     <span class='ocr_line' id='line_1_17' title="bbox 139 1209 1538 1267; baseline 0.002 -16"><span class='ocrx_word' id='word_1_103' title='bbox 139 1209 210 1263; x_wconf 77' lang='lat' dir='ltr'>tio,</span> <span class='ocrx_word' id='word_1_104' title='bbox 245 1223 323 1252; x_wconf 92' lang='lat' dir='ltr'>nec</span> <span class='ocrx_word' id='word_1_105' title='bbox 355 1212 488 1253; x_wconf 91' lang='lat' dir='ltr'>minus</span> <span class='ocrx_word' id='word_1_106' title='bbox 521 1213 750 1266; x_wconf 90' lang='lat' dir='ltr'>periculum</span> <span class='ocrx_word' id='word_1_107' title='bbox 781 1225 834 1256; x_wconf 85' lang='lat' dir='ltr'>ex</span> <span class='ocrx_word' id='word_1_108' title='bbox 865 1225 1014 1267; x_wconf 85' lang='lat' dir='ltr'>magna</span> <span class='ocrx_word' id='word_1_109' title='bbox 1048 1214 1153 1254; x_wconf 86' lang='lat' dir='ltr'>fama</span> <span class='ocrx_word' id='word_1_110' title='bbox 1182 1225 1304 1267; x_wconf 87' lang='lat' dir='ltr'>quam</span> <span class='ocrx_word' id='word_1_111' title='bbox 1337 1226 1389 1256; x_wconf 88' lang='lat' dir='ltr'>ex</span> <span class='ocrx_word' id='word_1_112' title='bbox 1418 1213 1538 1255; x_wconf 87' lang='lat' dir='ltr'>mala.</span> 
     </span>
    </p>
   </div>
   <div class='ocr_carea' id='block_1_9' title="bbox 274 1349 753 1395">
    <p class='ocr_par' dir='ltr' id='par_1_9' title="bbox 274 1349 753 1395">
     <span class='ocr_line' id='line_1_18' title="bbox 274 1349 753 1395; baseline 0.006 -15"><span class='ocrx_word' id='word_1_113' title='bbox 274 1349 303 1382; x_wconf 87' lang='lat'>1.</span> <span class='ocrx_word' id='word_1_114' title='bbox 333 1359 400 1382; x_wconf 78' lang='lat' dir='ltr'>nec</span> <span class='ocrx_word' id='word_1_115' title='bbox 424 1350 577 1395; x_wconf 63' lang='lat' dir='ltr'>segniter·</span> <span class='ocrx_word' id='word_1_116' title='bbox 601 1351 644 1385; x_wconf 79' lang='lat' dir='ltr'>A.</span> <span class='ocrx_word' id='word_1_117' title='bbox 721 1352 753 1385; x_wconf 78' lang='lat'>2.</span> 
     </span>
    </p>
   </div>
   <div class='ocr_carea' id='block_1_10' title="bbox 137 1445 415 1490">
    <p class='ocr_par' dir='ltr' id='par_1_10' title="bbox 137 1445 415 1490">
     <span class='ocr_line' id='line_1_19' title="bbox 137 1445 415 1490; baseline 0.004 -12"><span class='ocrx_word' id='word_1_118' title='bbox 137 1445 318 1490; x_wconf 82' lang='lat' dir='ltr'>intersepti</span> <span class='ocrx_word' id='word_1_119' title='bbox 343 1447 415 1481; x_wconf 85' lang='grc' dir='ltr'>ΓΔ.</span> 
     </span>
    </p>
   </div>
   <div class='ocr_carea' id='block_1_11' title="bbox 134 1583 850 2205">
    <p class='ocr_par' dir='ltr' id='par_1_11' title="bbox 134 1583 850 2205">
     <span class='ocr_line' id='line_1_20' title="bbox 137 1583 846 1632; baseline 0.004 -15"><span class='ocrx_word' id='word_1_120' title='bbox 137 1583 237 1617; x_wconf 84' lang='lat' dir='ltr'>tulit:</span> <span class='ocrx_word' id='word_1_121' title='bbox 277 1585 384 1627; x_wconf 82' lang='lat' dir='ltr'>dicit,</span> <span class='ocrx_word' id='word_1_122' title='bbox 421 1587 581 1630; x_wconf 87' lang='lat' dir='ltr'>quamvis</span> <span class='ocrx_word' id='word_1_123' title='bbox 615 1588 692 1620; x_wconf 88' lang='lat' dir='ltr'>sine</span> <span class='ocrx_word' id='word_1_124' title='bbox 719 1597 846 1632; x_wconf 86' lang='lat' dir='ltr'>magna</span> 
     </span>
     <span class='ocr_line' id='line_1_21' title="bbox 136 1632 847 1678; baseline 0.004 -13"><span class='ocrx_word' id='word_1_125' title='bbox 136 1632 347 1667; x_wconf 78' lang='lat' dir='ltr'>difficultate</span> <span class='ocrx_word' id='word_1_126' title='bbox 384 1633 427 1667; x_wconf 84' lang='lat' dir='ltr'>ad</span> <span class='ocrx_word' id='word_1_127' title='bbox 454 1634 657 1678; x_wconf 88' lang='lat' dir='ltr'>voluptates</span> <span class='ocrx_word' id='word_1_128' title='bbox 685 1639 720 1668; x_wconf 87' lang='lat' dir='ltr'>et</span> <span class='ocrx_word' id='word_1_129' title='bbox 747 1645 847 1668; x_wconf 91' lang='lat' dir='ltr'>com-</span> 
     </span>
     <span class='ocr_line' id='line_1_22' title="bbox 135 1682 847 1727; baseline 0.006 -14"><span class='ocrx_word' id='word_1_130' title='bbox 135 1686 271 1715; x_wconf 83' lang='lat' dir='ltr'>meatus</span> <span class='ocrx_word' id='word_1_131' title='bbox 300 1683 442 1716; x_wconf 87' lang='lat' dir='ltr'>veniam</span> <span class='ocrx_word' id='word_1_132' title='bbox 475 1693 494 1716; x_wconf 84' lang='lat' dir='ltr'>a</span> <span class='ocrx_word' id='word_1_133' title='bbox 529 1682 619 1717; x_wconf 87' lang='lat' dir='ltr'>duce</span> <span class='ocrx_word' id='word_1_134' title='bbox 655 1684 847 1727; x_wconf 84' lang='lat' dir='ltr'>impetras-</span> 
     </span>
     <span class='ocr_line' id='line_1_23' title="bbox 135 1730 847 1772; baseline 0.006 -11"><span class='ocrx_word' id='word_1_135' title='bbox 135 1734 201 1772; x_wconf 84' lang='lat' dir='ltr'>set,</span> <span class='ocrx_word' id='word_1_136' title='bbox 229 1730 257 1762; x_wconf 92' lang='lat' dir='ltr'>si</span> <span class='ocrx_word' id='word_1_137' title='bbox 297 1731 495 1764; x_wconf 83' lang='lat' dir='ltr'>tribunatus</span> <span class='ocrx_word' id='word_1_138' title='bbox 530 1731 693 1764; x_wconf 84' lang='lat' dir='ltr'>militaris</span> <span class='ocrx_word' id='word_1_139' title='bbox 729 1731 847 1765; x_wconf 91' lang='lat' dir='ltr'>hono-</span> 
     </span>
     <span class='ocr_line' id='line_1_24' title="bbox 135 1779 847 1814; baseline 0.006 -4"><span class='ocrx_word' id='word_1_140' title='bbox 135 1787 208 1810; x_wconf 85' lang='lat' dir='ltr'>rem</span> <span class='ocrx_word' id='word_1_141' title='bbox 243 1782 277 1811; x_wconf 88' lang='lat' dir='ltr'>et</span> <span class='ocrx_word' id='word_1_142' title='bbox 303 1779 481 1812; x_wconf 88' lang='lat' dir='ltr'>inscitiam</span> <span class='ocrx_word' id='word_1_143' title='bbox 513 1790 612 1813; x_wconf 83' lang='lat' dir='ltr'>suain</span> <span class='ocrx_word' id='word_1_144' title='bbox 650 1780 847 1814; x_wconf 86' lang='lat' dir='ltr'>obtendere</span> 
     </span>
     <span class='ocr_line' id='line_1_25' title="bbox 135 1825 847 1872; baseline 0.004 -14"><span class='ocrx_word' id='word_1_145' title='bbox 135 1825 328 1869; x_wconf 81' lang='lat' dir='ltr'>voluisset,</span> <span class='ocrx_word' id='word_1_146' title='bbox 378 1827 582 1872; x_wconf 86' lang='lat' dir='ltr'>Agricolam</span> <span class='ocrx_word' id='word_1_147' title='bbox 622 1832 739 1862; x_wconf 86' lang='lat' dir='ltr'>tamen</span> <span class='ocrx_word' id='word_1_148' title='bbox 774 1828 847 1861; x_wconf 89' lang='lat' dir='ltr'>illis</span> 
     </span>
     <span class='ocr_line' id='line_1_26' title="bbox 136 1874 849 1910; baseline 0 -3"><span class='ocrx_word' id='word_1_149' title='bbox 136 1874 328 1908; x_wconf 82' lang='lat' dir='ltr'>commodis</span> <span class='ocrx_word' id='word_1_150' title='bbox 364 1874 461 1908; x_wconf 83' lang='lat' dir='ltr'>abuti</span> <span class='ocrx_word' id='word_1_151' title='bbox 497 1875 668 1909; x_wconf 88' lang='lat' dir='ltr'>noluisse.</span> <span class='ocrx_word' id='word_1_152' title='bbox 733 1876 776 1910; x_wconf 89' lang='lat' dir='ltr'>Ut</span> <span class='ocrx_word' id='word_1_153' title='bbox 802 1876 849 1909; x_wconf 83' lang='lat' dir='ltr'>li-</span> 
     </span>
     <span class='ocr_line' id='line_1_27' title="bbox 136 1922 848 1969; baseline 0.004 -15"><span class='ocrx_word' id='word_1_154' title='bbox 136 1927 255 1954; x_wconf 83' lang='lat' dir='ltr'>center</span> <span class='ocrx_word' id='word_1_155' title='bbox 280 1922 326 1955; x_wconf 85' lang='lat' dir='ltr'>ad</span> <span class='ocrx_word' id='word_1_156' title='bbox 356 1922 570 1967; x_wconf 53' lang='lat' dir='ltr'>voluptates,</span> <span class='ocrx_word' id='word_1_157' title='bbox 610 1924 663 1957; x_wconf 88' lang='lat' dir='ltr'>sic</span> <span class='ocrx_word' id='word_1_158' title='bbox 693 1925 848 1969; x_wconf 66' lang='lat' dir='ltr'>segniter</span> 
     </span>
     <span class='ocr_line' id='line_1_28' title="bbox 136 1969 848 2005; baseline 0.006 -4"><span class='ocrx_word' id='word_1_159' title='bbox 136 1969 179 2002; x_wconf 86' lang='lat' dir='ltr'>ad</span> <span class='ocrx_word' id='word_1_160' title='bbox 207 1977 413 2003; x_wconf 82' lang='lat' dir='ltr'>commeatus</span> <span class='ocrx_word' id='word_1_161' title='bbox 438 1971 602 2004; x_wconf 85' lang='lat' dir='ltr'>refertur.</span> <span class='ocrx_word' id='word_1_162' title='bbox 641 1971 848 2005; x_wconf 43' lang='lat' dir='ltr'>*Proximum</span> 
     </span>
     <span class='ocr_line' id='line_1_29' title="bbox 134 2018 847 2061; baseline 0.006 -12"><span class='ocrx_word' id='word_1_163' title='bbox 134 2018 172 2050; x_wconf 82' lang='lat' dir='ltr'>in</span> <span class='ocrx_word' id='word_1_164' title='bbox 199 2018 422 2051; x_wconf 80' lang='lat' dir='ltr'>iactationem</span> <span class='ocrx_word' id='word_1_165' title='bbox 454 2023 507 2050; x_wconf 90' lang='lat' dir='ltr'>est</span> <span class='ocrx_word' id='word_1_166' title='bbox 541 2020 701 2052; x_wconf 81' lang='lat' dir='ltr'>iactandi</span> <span class='ocrx_word' id='word_1_167' title='bbox 727 2031 847 2061; x_wconf 82' lang='lat' dir='ltr'>causa,</span> 
     </span>
     <span class='ocr_line' id='line_1_30' title="bbox 137 2065 848 2109; baseline 0.004 -12"><span class='ocrx_word' id='word_1_168' title='bbox 137 2069 173 2097; x_wconf 85' lang='lat' dir='ltr'>et</span> <span class='ocrx_word' id='word_1_169' title='bbox 196 2065 383 2098; x_wconf 90' lang='lat' dir='ltr'>consilium</span> <span class='ocrx_word' id='word_1_170' title='bbox 412 2065 568 2109; x_wconf 83' lang='lat' dir='ltr'>denotat,</span> <span class='ocrx_word' id='word_1_171' title='bbox 589 2076 673 2109; x_wconf 85' lang='lat' dir='ltr'>non,</span> <span class='ocrx_word' id='word_1_172' title='bbox 701 2073 739 2099; x_wconf 92' lang='lat' dir='ltr'>ut</span> <span class='ocrx_word' id='word_1_173' title='bbox 764 2067 848 2100; x_wconf 87' lang='lat' dir='ltr'>alibi</span> 
     </span>
     <span class='ocr_line' id='line_1_31' title="bbox 137 2112 850 2158; baseline 0.004 -12"><span class='ocrx_word' id='word_1_174' title='bbox 137 2112 230 2146; x_wconf 86' lang='lat' dir='ltr'>idem</span> <span class='ocrx_word' id='word_1_175' title='bbox 248 2114 472 2146; x_wconf 80' lang='lat' dir='ltr'>accusativus</span> <span class='ocrx_word' id='word_1_176' title='bbox 491 2125 568 2148; x_wconf 89' lang='lat' dir='ltr'>cum</span> <span class='ocrx_word' id='word_1_177' title='bbox 584 2116 850 2158; x_wconf 82' lang='lat' dir='ltr'>praepositione</span> 
     </span>
     <span class='ocr_line' id='line_1_32' title="bbox 137 2161 490 2205; baseline 0.008 -12"><span class='ocrx_word' id='word_1_178' title='bbox 137 2161 186 2203; x_wconf 83' lang='lat' dir='ltr'>in,</span> <span class='ocrx_word' id='word_1_179' title='bbox 214 2171 287 2194; x_wconf 88' lang='lat' dir='ltr'>rem</span> <span class='ocrx_word' id='word_1_180' title='bbox 315 2161 490 2205; x_wconf 67' lang='lat' dir='ltr'>effectam.</span> 
     </span>
    </p>
   </div>
   <div class='ocr_carea' id='block_1_12' title="bbox 137 2230 855 2552">
    <p class='ocr_par' dir='ltr' id='par_1_12' title="bbox 137 2230 855 2552">
     <span class='ocr_line' id='line_1_33' title="bbox 207 2230 852 2274; baseline 0.006 -11"><span class='ocrx_word' id='word_1_181' title='bbox 207 2230 373 2274; x_wconf 85' lang='lat' dir='ltr'>simulque</span> <span class='ocrx_word' id='word_1_182' title='bbox 406 2237 437 2265; x_wconf 87' lang='lat' dir='ltr'>et</span> <span class='ocrx_word' id='word_1_183' title='bbox 464 2232 592 2266; x_wconf 74' lang='lat' dir='ltr'>anaeius</span> <span class='ocrx_word' id='word_1_184' title='bbox 635 2239 667 2266; x_wconf 87' lang='lat' dir='ltr'>et</span> <span class='ocrx_word' id='word_1_185' title='bbox 700 2234 852 2267; x_wconf 83' lang='lat' dir='ltr'>intentus</span> 
     </span>
     <span class='ocr_line' id='line_1_34' title="bbox 137 2279 852 2324; baseline 0.004 -13"><span class='ocrx_word' id='word_1_186' title='bbox 137 2289 269 2323; x_wconf 66' lang='lat' dir='ltr'>agere.-</span> <span class='ocrx_word' id='word_1_187' title='bbox 296 2279 422 2312; x_wconf 85' lang='lat' dir='ltr'>anxius</span> <span class='ocrx_word' id='word_1_188' title='bbox 449 2284 484 2313; x_wconf 89' lang='lat' dir='ltr'>et</span> <span class='ocrx_word' id='word_1_189' title='bbox 510 2281 679 2324; x_wconf 82' lang='lat' dir='ltr'>providus</span> <span class='ocrx_word' id='word_1_190' title='bbox 707 2282 775 2315; x_wconf 86' lang='lat' dir='ltr'>fuit</span> <span class='ocrx_word' id='word_1_191' title='bbox 792 2283 852 2324; x_wconf 81' lang='lat' dir='ltr'>fu-</span> 
     </span>
     <span class='ocr_line' id='line_1_35' title="bbox 137 2328 854 2373; baseline 0.004 -14"><span class='ocrx_word' id='word_1_192' title='bbox 137 2332 304 2369; x_wconf 84' lang='lat' dir='ltr'>turorum,</span> <span class='ocrx_word' id='word_1_193' title='bbox 321 2328 477 2361; x_wconf 86' lang='lat' dir='ltr'>intentus</span> <span class='ocrx_word' id='word_1_194' title='bbox 500 2330 754 2373; x_wconf 80' lang='lat' dir='ltr'>praesentibus.</span> <span class='ocrx_word' id='word_1_195' title='bbox 779 2330 854 2362; x_wconf 90' lang='lat' dir='ltr'>lta-</span> 
     </span>
     <span class='ocr_line' id='line_1_36' title="bbox 137 2375 854 2420; baseline 0.004 -13"><span class='ocrx_word' id='word_1_196' title='bbox 137 2385 206 2420; x_wconf 89' lang='lat' dir='ltr'>que</span> <span class='ocrx_word' id='word_1_197' title='bbox 230 2375 402 2418; x_wconf 79' lang='lat' dir='ltr'>praeferri</span> <span class='ocrx_word' id='word_1_198' title='bbox 430 2377 534 2410; x_wconf 87' lang='lat' dir='ltr'>decet</span> <span class='ocrx_word' id='word_1_199' title='bbox 567 2377 729 2411; x_wconf 87' lang='lat' dir='ltr'>codicum</span> <span class='ocrx_word' id='word_1_200' title='bbox 762 2378 854 2412; x_wconf 88' lang='lat' dir='ltr'>scri-</span> 
     </span>
     <span class='ocr_line' id='line_1_37' title="bbox 137 2423 855 2470; baseline 0.008 -16"><span class='ocrx_word' id='word_1_201' title='bbox 137 2428 273 2466; x_wconf 83' lang='lat' dir='ltr'>pturam</span> <span class='ocrx_word' id='word_1_202' title='bbox 314 2423 501 2458; x_wconf 82' lang='lat' dir='ltr'>Puteolani</span> <span class='ocrx_word' id='word_1_203' title='bbox 548 2426 637 2459; x_wconf 89' lang='lat' dir='ltr'>vitio</span> <span class='ocrx_word' id='word_1_204' title='bbox 687 2426 855 2470; x_wconf 83' lang='lat' dir='ltr'>simulque</span> 
     </span>
     <span class='ocr_line' id='line_1_38' title="bbox 138 2471 854 2517; baseline 0.006 -14"><span class='ocrx_word' id='word_1_205' title='bbox 138 2471 291 2512; x_wconf 64' lang='lat' dir='ltr'>aramius,</span> <span class='ocrx_word' id='word_1_206' title='bbox 332 2482 401 2517; x_wconf 94' lang='lat' dir='ltr'>quo</span> <span class='ocrx_word' id='word_1_207' title='bbox 440 2473 582 2506; x_wconf 84' lang='lat' dir='ltr'>diversa</span> <span class='ocrx_word' id='word_1_208' title='bbox 629 2483 700 2506; x_wconf 90' lang='lat' dir='ltr'>non</span> <span class='ocrx_word' id='word_1_209' title='bbox 748 2474 854 2507; x_wconf 88' lang='lat' dir='ltr'>disti-</span> 
     </span>
     <span class='ocr_line' id='line_1_39' title="bbox 138 2524 278 2552; baseline -0.007 0"><span class='ocrx_word' id='word_1_210' title='bbox 138 2524 278 2552; x_wconf 87' lang='lat' dir='ltr'>nentur.</span> 
     </span>
    </p>
   </div>
   <div class='ocr_carea' id='block_1_13' title="bbox 120 2589 853 2971">
    <p class='ocr_par' dir='ltr' id='par_1_13' title="bbox 120 2589 853 2971">
     <span class='ocr_line' id='line_1_40' title="bbox 214 2589 853 2632; baseline 0.003 -10"><span class='ocrx_word' id='word_1_211' title='bbox 214 2589 380 2623; x_wconf 75' lang='lat' dir='ltr'>trucidati</span> <span class='ocrx_word' id='word_1_212' title='bbox 404 2590 574 2632; x_wconf 84' lang='lat' dir='ltr'>veterani,</span> <span class='ocrx_word' id='word_1_213' title='bbox 599 2590 765 2624; x_wconf 82' lang='lat' dir='ltr'>incensae</span> <span class='ocrx_word' id='word_1_214' title='bbox 791 2602 853 2624; x_wconf 87' lang='lat' dir='ltr'>co-</span> 
     </span>
     <span class='ocr_line' id='line_1_41' title="bbox 139 2637 852 2683; baseline 0.001 -13"><span class='ocrx_word' id='word_1_215' title='bbox 139 2637 268 2680; x_wconf 82' lang='lat' dir='ltr'>loniae,</span> <span class='ocrx_word' id='word_1_216' title='bbox 300 2638 486 2683; x_wconf 83' lang='lat' dir='ltr'>intercepti</span> <span class='ocrx_word' id='word_1_217' title='bbox 512 2639 709 2671; x_wconf 70' lang='lat' dir='ltr'>exercitus:</span> <span class='ocrx_word' id='word_1_218' title='bbox 736 2649 852 2672; x_wconf 82' lang='lat' dir='ltr'>rerum</span> 
     </span>
     <span class='ocr_line' id='line_1_42' title="bbox 120 2685 852 2720; baseline 0.001 -2"><span class='ocrx_word' id='word_1_219' title='bbox 120 2685 325 2719; x_wconf 59' lang='lat' dir='ltr'>decursum</span> <span class='ocrx_word' id='word_1_220' title='bbox 370 2685 540 2719; x_wconf 83' lang='lat' dir='ltr'>describit</span> <span class='ocrx_word' id='word_1_221' title='bbox 581 2687 617 2718; x_wconf 91' lang='lat' dir='ltr'>in</span> <span class='ocrx_word' id='word_1_222' title='bbox 653 2686 852 2720; x_wconf 85' lang='lat' dir='ltr'>Annalibus</span> 
     </span>
     <span class='ocr_line' id='line_1_43' title="bbox 139 2733 851 2778; baseline 0 -10"><span class='ocrx_word' id='word_1_223' title='bbox 139 2733 218 2765; x_wconf 87' lang='lat' dir='ltr'>XIV</span> <span class='ocrx_word' id='word_1_224' title='bbox 245 2734 292 2768; x_wconf 81' lang='lat'>32</span> <span class='ocrx_word' id='word_1_225' title='bbox 310 2743 386 2778; x_wconf 86' lang='lat' dir='ltr'>sqq.</span> <span class='ocrx_word' id='word_1_226' title='bbox 424 2733 573 2767; x_wconf 87' lang='lat' dir='ltr'>Incensa</span> <span class='ocrx_word' id='word_1_227' title='bbox 601 2739 674 2767; x_wconf 86' lang='lat' dir='ltr'>tum</span> <span class='ocrx_word' id='word_1_228' title='bbox 702 2739 756 2767; x_wconf 90' lang='lat' dir='ltr'>est</span> <span class='ocrx_word' id='word_1_229' title='bbox 782 2745 851 2768; x_wconf 83' lang='lat' dir='ltr'>una</span> 
     </span>
     <span class='ocr_line' id='line_1_44' title="bbox 142 2780 852 2825; baseline 0.003 -12"><span class='ocrx_word' id='word_1_230' title='bbox 142 2780 493 2816; x_wconf 81' lang='lat' dir='ltr'>Camulodunensium</span> <span class='ocrx_word' id='word_1_231' title='bbox 548 2782 714 2825; x_wconf 80' lang='lat' dir='ltr'>colonia,</span> <span class='ocrx_word' id='word_1_232' title='bbox 767 2782 852 2815; x_wconf 90' lang='lat' dir='ltr'>item</span> 
     </span>
     <span class='ocr_line' id='line_1_45' title="bbox 140 2830 852 2872; baseline 0.003 -11"><span class='ocrx_word' id='word_1_233' title='bbox 140 2830 372 2872; x_wconf 89' lang='lat' dir='ltr'>municipium</span> <span class='ocrx_word' id='word_1_234' title='bbox 416 2830 648 2864; x_wconf 79' lang='lat' dir='ltr'>Verulamium</span> <span class='ocrx_word' id='word_1_235' title='bbox 687 2835 722 2864; x_wconf 86' lang='lat' dir='ltr'>et</span> <span class='ocrx_word' id='word_1_236' title='bbox 755 2830 852 2863; x_wconf 81' lang='lat' dir='ltr'>Lon-</span> 
     </span>
     <span class='ocr_line' id='line_1_46' title="bbox 142 2877 852 2922; baseline 0.004 -14"><span class='ocrx_word' id='word_1_237' title='bbox 142 2877 291 2919; x_wconf 80' lang='lat' dir='ltr'>dinium,</span> <span class='ocrx_word' id='word_1_238' title='bbox 331 2888 423 2921; x_wconf 88' lang='lat' dir='ltr'>quae</span> <span class='ocrx_word' id='word_1_239' title='bbox 447 2879 578 2922; x_wconf 88' lang='lat' dir='ltr'>oppida</span> <span class='ocrx_word' id='word_1_240' title='bbox 605 2879 757 2913; x_wconf 82' lang='lat' dir='ltr'>licenter</span> <span class='ocrx_word' id='word_1_241' title='bbox 786 2888 852 2911; x_wconf 89' lang='lat' dir='ltr'>no.-</span> 
     </span>
     <span class='ocr_line' id='line_1_47' title="bbox 140 2924 851 2971; baseline 0.004 -14"><span class='ocrx_word' id='word_1_242' title='bbox 140 2924 236 2958; x_wconf 89' lang='lat' dir='ltr'>mine</span> <span class='ocrx_word' id='word_1_243' title='bbox 281 2924 499 2960; x_wconf 82' lang='lat' dir='ltr'>coloniarum</span> <span class='ocrx_word' id='word_1_244' title='bbox 545 2926 751 2971; x_wconf 82' lang='lat' dir='ltr'>complexus</span> <span class='ocrx_word' id='word_1_245' title='bbox 786 2931 851 2961; x_wconf 87' lang='lat' dir='ltr'>est.</span> 
     </span>
    </p>
   </div>
   <div class='ocr_carea' id='block_1_14' title="bbox 136 1351 1297 1443">
    <p class='ocr_par' dir='ltr' id='par_1_14' title="bbox 136 1351 1297 1443">
     <span class='ocr_line' id='line_1_48' title="bbox 781 1351 1297 1386; baseline 0.006 -3"><span class='ocrx_word' id='word_1_246' title='bbox 781 1351 957 1384; x_wconf 83' lang='lat' dir='ltr'>inscitiam</span> <span class='ocrx_word' id='word_1_247' title='bbox 984 1353 1030 1385; x_wconf 80' lang='lat' dir='ltr'>F:</span> <span class='ocrx_word' id='word_1_248' title='bbox 1057 1351 1227 1385; x_wconf 81' lang='lat' dir='ltr'>iustitiam</span> <span class='ocrx_word' id='word_1_249' title='bbox 1253 1353 1297 1386; x_wconf 83' lang='lat' dir='ltr'>A.</span> 
     </span>
     <span class='ocr_line' id='line_1_49' title="bbox 136 1397 1035 1443; baseline 0.002 -13"><span class='ocrx_word' id='word_1_250' title='bbox 136 1401 167 1430; x_wconf 84' lang='lat' dir='ltr'>et</span> <span class='ocrx_word' id='word_1_251' title='bbox 193 1397 319 1430; x_wconf 61' lang='lat' dir='ltr'>anxius</span> <span class='ocrx_word' id='word_1_252' title='bbox 349 1398 422 1432; x_wconf 77' lang='lat' dir='ltr'>FA:</span> <span class='ocrx_word' id='word_1_253' title='bbox 450 1398 616 1443; x_wconf 78' lang='lat' dir='ltr'>simulque</span> <span class='ocrx_word' id='word_1_254' title='bbox 645 1399 773 1433; x_wconf 61' lang='lat' dir='ltr'>antius</span> <span class='ocrx_word' id='word_1_255' title='bbox 808 1398 1035 1433; x_wconf 88' lang='lat' dir='ltr'>Puteolanus.</span> 
     </span>
    </p>
   </div>
   <div class='ocr_carea' id='block_1_15' title="bbox 1114 1351 1638 1444">
    <p class='ocr_par' dir='ltr' id='par_1_15' title="bbox 1114 1351 1638 1444">
     <span class='ocr_line' id='line_1_50' title="bbox 1406 1351 1638 1397; baseline 0.004 -12"><span class='ocrx_word' id='word_1_256' title='bbox 1406 1351 1440 1386; x_wconf 92' lang='lat'>5.</span> <span class='ocrx_word' id='word_1_257' title='bbox 1468 1351 1638 1397; x_wconf 78' lang='lat' dir='ltr'>simulque</span> 
     </span>
     <span class='ocr_line' id='line_1_51' title="bbox 1114 1398 1637 1444; baseline 0.002 -11"><span class='ocrx_word' id='word_1_258' title='bbox 1114 1400 1146 1434; x_wconf 88' lang='lat'>7.</span> <span class='ocrx_word' id='word_1_259' title='bbox 1174 1399 1362 1444; x_wconf 76' lang='lat' dir='ltr'>intercepti</span> <span class='ocrx_word' id='word_1_260' title='bbox 1389 1398 1637 1434; x_wconf 80' lang='lat' dir='ltr'>Puteolanus:</span> 
     </span>
    </p>
   </div>
   <div class='ocr_carea' id='block_1_16' title="bbox 914 1585 1640 2294">
    <p class='ocr_par' dir='ltr' id='par_1_16' title="bbox 914 1585 1640 2294">
     <span class='ocr_line' id='line_1_52' title="bbox 918 1585 1633 1633; baseline -0.006 -13"><span class='ocrx_word' id='word_1_261' title='bbox 918 1587 1132 1632; x_wconf 79' lang='lat' dir='ltr'>Interceptus</span> <span class='ocrx_word' id='word_1_262' title='bbox 1165 1586 1337 1620; x_wconf 73' lang='lat' dir='ltr'>eoeercitus</span> <span class='ocrx_word' id='word_1_263' title='bbox 1362 1585 1537 1633; x_wconf 82' lang='lat' dir='ltr'>intelligit</span> <span class='ocrx_word' id='word_1_264' title='bbox 1565 1597 1633 1631; x_wconf 89' lang='lat' dir='ltr'>pe-</span> 
     </span>
     <span class='ocr_line' id='line_1_53' title="bbox 916 1633 1637 1680; baseline 0.001 -12"><span class='ocrx_word' id='word_1_265' title='bbox 916 1635 1007 1669; x_wconf 90' lang='lat' dir='ltr'>dites</span> <span class='ocrx_word' id='word_1_266' title='bbox 1044 1645 1160 1669; x_wconf 91' lang='lat' dir='ltr'>nonae</span> <span class='ocrx_word' id='word_1_267' title='bbox 1199 1634 1354 1680; x_wconf 84' lang='lat' dir='ltr'>legionis</span> <span class='ocrx_word' id='word_1_268' title='bbox 1396 1645 1476 1668; x_wconf 89' lang='lat' dir='ltr'>cum</span> <span class='ocrx_word' id='word_1_269' title='bbox 1506 1633 1637 1670; x_wconf 85' lang='lat' dir='ltr'>Petilio</span> 
     </span>
     <span class='ocr_line' id='line_1_54' title="bbox 917 1682 1637 1726; baseline 0.001 -10"><span class='ocrx_word' id='word_1_270' title='bbox 917 1682 1058 1717; x_wconf 82' lang='lat' dir='ltr'>Ceriale</span> <span class='ocrx_word' id='word_1_271' title='bbox 1085 1683 1220 1716; x_wconf 85' lang='lat' dir='ltr'>auxilio</span> <span class='ocrx_word' id='word_1_272' title='bbox 1261 1682 1490 1726; x_wconf 80' lang='lat' dir='ltr'>festinantis,</span> <span class='ocrx_word' id='word_1_273' title='bbox 1535 1684 1637 1717; x_wconf 84' lang='lat' dir='ltr'>cuius</span> 
     </span>
     <span class='ocr_line' id='line_1_55' title="bbox 915 1730 1639 1777; baseline 0.001 -13"><span class='ocrx_word' id='word_1_274' title='bbox 915 1732 983 1765; x_wconf 88' lang='lat' dir='ltr'>soli</span> <span class='ocrx_word' id='word_1_275' title='bbox 1014 1732 1153 1776; x_wconf 87' lang='lat' dir='ltr'>equites</span> <span class='ocrx_word' id='word_1_276' title='bbox 1184 1740 1348 1764; x_wconf 86' lang='lat' dir='ltr'>evasere.</span> <span class='ocrx_word' id='word_1_277' title='bbox 1399 1730 1500 1765; x_wconf 85' lang='lat' dir='ltr'>Bene</span> <span class='ocrx_word' id='word_1_278' title='bbox 1527 1732 1639 1777; x_wconf 81' lang='lat' dir='ltr'>igitur</span> 
     </span>
     <span class='ocr_line' id='line_1_56' title="bbox 914 1778 1638 1824; baseline 0.001 -11"><span class='ocrx_word' id='word_1_279' title='bbox 914 1781 1123 1824; x_wconf 78' lang='lat' dir='ltr'>intercepti,</span> <span class='ocrx_word' id='word_1_280' title='bbox 1150 1779 1190 1813; x_wconf 73' lang='lat' dir='ltr'>«h.</span> <span class='ocrx_word' id='word_1_281' title='bbox 1221 1790 1253 1813; x_wconf 94' lang='lat' dir='ltr'>e.</span> <span class='ocrx_word' id='word_1_282' title='bbox 1286 1789 1306 1811; x_wconf 91' lang='lat' dir='ltr'>a</span> <span class='ocrx_word' id='word_1_283' title='bbox 1334 1779 1463 1812; x_wconf 84' lang='lat' dir='ltr'>ceteris</span> <span class='ocrx_word' id='word_1_284' title='bbox 1492 1778 1638 1814; x_wconf 88' lang='lat' dir='ltr'>discreti</span> 
     </span>
     <span class='ocr_line' id='line_1_57' title="bbox 921 1826 1639 1873; baseline 0.001 -12"><span class='ocrx_word' id='word_1_285' title='bbox 921 1833 956 1861; x_wconf 90' lang='lat' dir='ltr'>et</span> <span class='ocrx_word' id='word_1_286' title='bbox 981 1829 1118 1870; x_wconf 90' lang='lat' dir='ltr'>occisi,</span> <span class='ocrx_word' id='word_1_287' title='bbox 1159 1826 1253 1871; x_wconf 89' lang='lat' dir='ltr'>apud</span> <span class='ocrx_word' id='word_1_288' title='bbox 1279 1826 1513 1861; x_wconf 85' lang='lat' dir='ltr'>Puteolanum</span> <span class='ocrx_word' id='word_1_289' title='bbox 1541 1827 1639 1873; x_wconf 86' lang='lat' dir='ltr'>legi-</span> 
     </span>
     <span class='ocr_line' id='line_1_58' title="bbox 920 1875 1640 1917; baseline 0 -9"><span class='ocrx_word' id='word_1_290' title='bbox 920 1881 996 1917; x_wconf 89' lang='lat' dir='ltr'>tur,</span> <span class='ocrx_word' id='word_1_291' title='bbox 1028 1877 1106 1910; x_wconf 85' lang='lat' dir='ltr'>sive</span> <span class='ocrx_word' id='word_1_292' title='bbox 1134 1875 1223 1908; x_wconf 89' lang='lat' dir='ltr'>haec</span> <span class='ocrx_word' id='word_1_293' title='bbox 1250 1875 1458 1909; x_wconf 86' lang='lat' dir='ltr'>coniectura</span> <span class='ocrx_word' id='word_1_294' title='bbox 1485 1880 1540 1909; x_wconf 85' lang='lat' dir='ltr'>est</span> <span class='ocrx_word' id='word_1_295' title='bbox 1566 1875 1640 1908; x_wconf 91' lang='lat' dir='ltr'>Pu-</span> 
     </span>
     <span class='ocr_line' id='line_1_59' title="bbox 920 1922 1639 1967; baseline 0.001 -11"><span class='ocrx_word' id='word_1_296' title='bbox 920 1923 1055 1958; x_wconf 89' lang='lat' dir='ltr'>teolani</span> <span class='ocrx_word' id='word_1_297' title='bbox 1079 1925 1177 1967; x_wconf 15' lang='lat' dir='ltr'>‘sive</span> <span class='ocrx_word' id='word_1_298' title='bbox 1216 1924 1391 1967; x_wconf 86' lang='lat' dir='ltr'>scriptura</span> <span class='ocrx_word' id='word_1_299' title='bbox 1434 1934 1479 1958; x_wconf 84' lang='lat' dir='ltr'>ex</span> <span class='ocrx_word' id='word_1_300' title='bbox 1513 1922 1639 1958; x_wconf 89' lang='lat' dir='ltr'>codice</span> 
     </span>
     <span class='ocr_line' id='line_1_60' title="bbox 920 1971 1640 2015; baseline 0.001 -11"><span class='ocrx_word' id='word_1_301' title='bbox 920 1972 1036 2005; x_wconf 85' lang='lat' dir='ltr'>ducta.</span> <span class='ocrx_word' id='word_1_302' title='bbox 1075 1971 1283 2015; x_wconf 85' lang='lat' dir='ltr'>Intersepti,</span> <span class='ocrx_word' id='word_1_303' title='bbox 1324 1975 1361 2004; x_wconf 87' lang='lat' dir='ltr'>ut</span> <span class='ocrx_word' id='word_1_304' title='bbox 1394 1972 1428 2004; x_wconf 91' lang='lat' dir='ltr'>in</span> <span class='ocrx_word' id='word_1_305' title='bbox 1459 1971 1640 2005; x_wconf 82' lang='lat' dir='ltr'>Vaticanis</span> 
     </span>
     <span class='ocr_line' id='line_1_61' title="bbox 921 2018 1640 2067; baseline -0.001 -14"><span class='ocrx_word' id='word_1_306' title='bbox 921 2020 1075 2064; x_wconf 88' lang='lat' dir='ltr'>legitur,</span> <span class='ocrx_word' id='word_1_307' title='bbox 1112 2024 1165 2052; x_wconf 91' lang='lat' dir='ltr'>est</span> <span class='ocrx_word' id='word_1_308' title='bbox 1191 2018 1379 2052; x_wconf 87' lang='lat' dir='ltr'>obsidione</span> <span class='ocrx_word' id='word_1_309' title='bbox 1411 2020 1537 2067; x_wconf 47' lang='lat' dir='ltr'>cincti·²</span> <span class='ocrx_word' id='word_1_310' title='bbox 1577 2019 1640 2053; x_wconf 87' lang='lat' dir='ltr'>sed</span> 
     </span>
     <span class='ocr_line' id='line_1_62' title="bbox 919 2067 1640 2110; baseline -0.001 -10"><span class='ocrx_word' id='word_1_311' title='bbox 919 2067 1079 2100; x_wconf 88' lang='lat' dir='ltr'>Britanni</span> <span class='ocrx_word' id='word_1_312' title='bbox 1127 2071 1211 2099; x_wconf 90' lang='lat' dir='ltr'>tunc</span> <span class='ocrx_word' id='word_1_313' title='bbox 1248 2067 1379 2109; x_wconf 89' lang='lat' dir='ltr'>oppida</span> <span class='ocrx_word' id='word_1_314' title='bbox 1425 2067 1566 2110; x_wconf 86' lang='lat' dir='ltr'>impetu</span> <span class='ocrx_word' id='word_1_315' title='bbox 1604 2071 1640 2100; x_wconf 87' lang='lat' dir='ltr'>et</span> 
     </span>
     <span class='ocr_line' id='line_1_63' title="bbox 921 2113 1639 2157; baseline -0.006 -9"><span class='ocrx_word' id='word_1_316' title='bbox 921 2114 1050 2148; x_wconf 88' lang='lat' dir='ltr'>subitis</span> <span class='ocrx_word' id='word_1_317' title='bbox 1076 2114 1164 2148; x_wconf 88' lang='lat' dir='ltr'>belli</span> <span class='ocrx_word' id='word_1_318' title='bbox 1202 2118 1393 2157; x_wconf 86' lang='lat' dir='ltr'>ceperunt,</span> <span class='ocrx_word' id='word_1_319' title='bbox 1432 2124 1503 2147; x_wconf 88' lang='lat' dir='ltr'>non</span> <span class='ocrx_word' id='word_1_320' title='bbox 1537 2113 1639 2148; x_wconf 85' lang='lat' dir='ltr'>obsi..</span> 
     </span>
     <span class='ocr_line' id='line_1_64' title="bbox 923 2161 1638 2203; baseline 0 -8"><span class='ocrx_word' id='word_1_321' title='bbox 923 2163 1030 2196; x_wconf 91' lang='lat' dir='ltr'>dione</span> <span class='ocrx_word' id='word_1_322' title='bbox 1060 2163 1259 2196; x_wconf 87' lang='lat' dir='ltr'>cinxerunt.</span> <span class='ocrx_word' id='word_1_323' title='bbox 1351 2168 1422 2195; x_wconf 82' lang='lat' dir='ltr'>tum</span> <span class='ocrx_word' id='word_1_324' title='bbox 1448 2162 1488 2195; x_wconf 78' lang='lat' dir='ltr'>de</span> <span class='ocrx_word' id='word_1_325' title='bbox 1514 2161 1638 2203; x_wconf 77' lang='lat' dir='ltr'>salute,</span> 
     </span>
     <span class='ocr_line' id='line_1_65' title="bbox 921 2209 1639 2244; baseline -0.001 0"><span class='ocrx_word' id='word_1_326' title='bbox 921 2222 1002 2244; x_wconf 66' lang='lat' dir='ltr'>mom</span> <span class='ocrx_word' id='word_1_327' title='bbox 1027 2210 1067 2244; x_wconf 86' lang='lat' dir='ltr'>de</span> <span class='ocrx_word' id='word_1_328' title='bbox 1092 2211 1243 2243; x_wconf 82' lang='lat' dir='ltr'>victoria</span> <span class='ocrx_word' id='word_1_329' title='bbox 1265 2221 1273 2242; x_wconf 89' lang='lat'>:</span> <span class='ocrx_word' id='word_1_330' title='bbox 1312 2209 1407 2243; x_wconf 85' lang='lat' dir='ltr'>conf.</span> <span class='ocrx_word' id='word_1_331' title='bbox 1435 2211 1528 2243; x_wconf 83' lang='lat' dir='ltr'>Ann.</span> <span class='ocrx_word' id='word_1_332' title='bbox 1558 2210 1639 2244; x_wconf 91' lang='lat' dir='ltr'>XIV</span> 
     </span>
     <span class='ocr_line' id='line_1_66' title="bbox 923 2258 1118 2294; baseline -0.01 0"><span class='ocrx_word' id='word_1_333' title='bbox 923 2258 971 2294; x_wconf 77' lang='lat'>34</span> <span class='ocrx_word' id='word_1_334' title='bbox 997 2264 1033 2292; x_wconf 85' lang='lat' dir='ltr'>et</span> <span class='ocrx_word' id='word_1_335' title='bbox 1060 2259 1118 2293; x_wconf 88' lang='grc'>37.</span> 
     </span>
    </p>
   </div>
   <div class='ocr_carea' id='block_1_17' title="bbox 923 2327 1641 2506">
    <p class='ocr_par' dir='ltr' id='par_1_17' title="bbox 923 2327 1641 2506">
     <span class='ocr_line' id='line_1_67' title="bbox 993 2327 1640 2373; baseline 0.003 -13"><span class='ocrx_word' id='word_1_336' title='bbox 993 2329 1138 2373; x_wconf 67' lang='lat' dir='ltr'>ingrata</span> <span class='ocrx_word' id='word_1_337' title='bbox 1165 2327 1394 2371; x_wconf 83' lang='lat' dir='ltr'>temporibus:</span> <span class='ocrx_word' id='word_1_338' title='bbox 1422 2328 1551 2362; x_wconf 84' lang='lat' dir='ltr'>tertius</span> <span class='ocrx_word' id='word_1_339' title='bbox 1577 2338 1640 2362; x_wconf 81' lang='lat' dir='ltr'>ca-</span> 
     </span>
     <span class='ocr_line' id='line_1_68' title="bbox 923 2376 1641 2420; baseline -0.003 -10"><span class='ocrx_word' id='word_1_340' title='bbox 923 2387 982 2410; x_wconf 90' lang='lat' dir='ltr'>sus</span> <span class='ocrx_word' id='word_1_341' title='bbox 1010 2381 1064 2410; x_wconf 86' lang='lat' dir='ltr'>est</span> <span class='ocrx_word' id='word_1_342' title='bbox 1090 2376 1317 2420; x_wconf 83' lang='lat' dir='ltr'>temporibus,</span> <span class='ocrx_word' id='word_1_343' title='bbox 1344 2385 1414 2408; x_wconf 89' lang='lat' dir='ltr'>non</span> <span class='ocrx_word' id='word_1_344' title='bbox 1441 2380 1576 2418; x_wconf 86' lang='lat' dir='ltr'>sextus,</span> <span class='ocrx_word' id='word_1_345' title='bbox 1605 2379 1641 2409; x_wconf 88' lang='lat' dir='ltr'>et</span> 
     </span>
     <span class='ocr_line' id='line_1_69' title="bbox 924 2424 1639 2468; baseline 0 -11"><span class='ocrx_word' id='word_1_346' title='bbox 924 2430 1084 2468; x_wconf 85' lang='lat' dir='ltr'>tempora</span> <span class='ocrx_word' id='word_1_347' title='bbox 1112 2424 1207 2458; x_wconf 90' lang='lat' dir='ltr'>dicta</span> <span class='ocrx_word' id='word_1_348' title='bbox 1243 2434 1306 2467; x_wconf 90' lang='lat' dir='ltr'>pro</span> <span class='ocrx_word' id='word_1_349' title='bbox 1348 2434 1471 2458; x_wconf 89' lang='lat' dir='ltr'>eorum</span> <span class='ocrx_word' id='word_1_350' title='bbox 1497 2428 1639 2468; x_wconf 88' lang='lat' dir='ltr'>tempo-</span> 
     </span>
     <span class='ocr_line' id='line_1_70' title="bbox 923 2472 1240 2506; baseline -0.003 0"><span class='ocrx_word' id='word_1_351' title='bbox 923 2483 1000 2506; x_wconf 87' lang='lat' dir='ltr'>rum</span> <span class='ocrx_word' id='word_1_352' title='bbox 1025 2472 1240 2505; x_wconf 82' lang='lat' dir='ltr'>hominihus.</span> 
     </span>
    </p>
   </div>
   <div class='ocr_carea' id='block_1_18' title="bbox 920 2541 1639 2969">
    <p class='ocr_par' dir='ltr' id='par_1_18' title="bbox 920 2541 1639 2969">
     <span class='ocr_line' id='line_1_71' title="bbox 996 2541 1639 2586; baseline 0 -11"><span class='ocrx_word' id='word_1_353' title='bbox 996 2541 1082 2586; x_wconf 86' lang='lat' dir='ltr'>Cap.</span> <span class='ocrx_word' id='word_1_354' title='bbox 1109 2541 1143 2576; x_wconf 87' lang='lat'>6.</span> <span class='ocrx_word' id='word_1_355' title='bbox 1198 2541 1280 2574; x_wconf 80' lang='lat' dir='ltr'>hinc</span> <span class='ocrx_word' id='word_1_356' title='bbox 1320 2541 1368 2574; x_wconf 78' lang='lat' dir='ltr'>ad</span> <span class='ocrx_word' id='word_1_357' title='bbox 1409 2541 1639 2586; x_wconf 80' lang='lat' dir='ltr'>capessendos</span> 
     </span>
     <span class='ocr_line' id='line_1_72' title="bbox 922 2589 1639 2635; baseline -0.001 -11"><span class='ocrx_word' id='word_1_358' title='bbox 922 2591 1146 2635; x_wconf 72' lang='lat' dir='ltr'>mayistratus</span> <span class='ocrx_word' id='word_1_359' title='bbox 1161 2611 1206 2616; x_wconf 92' lang='lat'>—</span> <span class='ocrx_word' id='word_1_360' title='bbox 1226 2589 1421 2633; x_wconf 73' lang='lat' dir='ltr'>diyressus:</span> <span class='ocrx_word' id='word_1_361' title='bbox 1451 2593 1549 2624; x_wconf 78' lang='lat' dir='ltr'>aetas</span> <span class='ocrx_word' id='word_1_362' title='bbox 1575 2600 1639 2623; x_wconf 86' lang='lat' dir='ltr'>ca-</span> 
     </span>
     <span class='ocr_line' id='line_1_73' title="bbox 923 2637 1639 2683; baseline -0.001 -11"><span class='ocrx_word' id='word_1_363' title='bbox 923 2638 1108 2682; x_wconf 87' lang='lat' dir='ltr'>pessendis</span> <span class='ocrx_word' id='word_1_364' title='bbox 1144 2637 1409 2683; x_wconf 84' lang='lat' dir='ltr'>magistratibus</span> <span class='ocrx_word' id='word_1_365' title='bbox 1436 2642 1518 2681; x_wconf 84' lang='lat' dir='ltr'>apta</span> <span class='ocrx_word' id='word_1_366' title='bbox 1544 2637 1639 2671; x_wconf 86' lang='lat' dir='ltr'>Cae-</span> 
     </span>
     <span class='ocr_line' id='line_1_74' title="bbox 922 2686 1638 2731; baseline -0.006 -12"><span class='ocrx_word' id='word_1_367' title='bbox 922 2697 1038 2719; x_wconf 87' lang='lat' dir='ltr'>sarum</span> <span class='ocrx_word' id='word_1_368' title='bbox 1055 2686 1275 2730; x_wconf 81' lang='lat' dir='ltr'>temporibus</span> <span class='ocrx_word' id='word_1_369' title='bbox 1289 2686 1371 2718; x_wconf 89' lang='lat' dir='ltr'>anni</span> <span class='ocrx_word' id='word_1_370' title='bbox 1388 2686 1516 2731; x_wconf 84' lang='lat' dir='ltr'>viginti</span> <span class='ocrx_word' id='word_1_371' title='bbox 1532 2689 1638 2731; x_wconf 86' lang='lat' dir='ltr'>quat..</span> 
     </span>
     <span class='ocr_line' id='line_1_75' title="bbox 920 2733 1637 2778; baseline 0.001 -12"><span class='ocrx_word' id='word_1_372' title='bbox 920 2739 1001 2767; x_wconf 90' lang='lat' dir='ltr'>tuor</span> <span class='ocrx_word' id='word_1_373' title='bbox 1031 2734 1133 2768; x_wconf 85' lang='lat' dir='ltr'>fuere</span> <span class='ocrx_word' id='word_1_374' title='bbox 1161 2733 1274 2778; x_wconf 83' lang='lat' dir='ltr'>(conf.</span> <span class='ocrx_word' id='word_1_375' title='bbox 1303 2733 1467 2767; x_wconf 90' lang='lat' dir='ltr'>Prooemi</span> <span class='ocrx_word' id='word_1_376' title='bbox 1494 2744 1527 2778; x_wconf 91' lang='lat' dir='ltr'>p.</span> <span class='ocrx_word' id='word_1_377' title='bbox 1555 2733 1637 2767; x_wconf 83' lang='lat' dir='ltr'>VIII</span> 
     </span>
     <span class='ocr_line' id='line_1_76' title="bbox 921 2781 1638 2827; baseline 0 -11"><span class='ocrx_word' id='word_1_378' title='bbox 921 2787 1041 2816; x_wconf 86' lang='lat' dir='ltr'>annot.</span> <span class='ocrx_word' id='word_1_379' title='bbox 1069 2784 1121 2826; x_wconf 83' lang='lat'>2),</span> <span class='ocrx_word' id='word_1_380' title='bbox 1153 2793 1255 2827; x_wconf 88' lang='lat' dir='ltr'>quam</span> <span class='ocrx_word' id='word_1_381' title='bbox 1285 2781 1456 2827; x_wconf 80' lang='lat' dir='ltr'>Agricola</span> <span class='ocrx_word' id='word_1_382' title='bbox 1482 2792 1513 2815; x_wconf 87' lang='lat' dir='ltr'>a.</span> <span class='ocrx_word' id='word_1_383' title='bbox 1543 2781 1592 2816; x_wconf 83' lang='lat'>64</span> <span class='ocrx_word' id='word_1_384' title='bbox 1617 2792 1638 2815; x_wconf 85' lang='lat' dir='ltr'>a</span> 
     </span>
     <span class='ocr_line' id='line_1_77' title="bbox 923 2829 1636 2873; baseline -0.003 -9"><span class='ocrx_word' id='word_1_385' title='bbox 923 2829 1005 2865; x_wconf 88' lang='lat' dir='ltr'>Chr.</span> <span class='ocrx_word' id='word_1_386' title='bbox 1033 2830 1208 2873; x_wconf 87' lang='lat' dir='ltr'>implevit.</span> <span class='ocrx_word' id='word_1_387' title='bbox 1237 2829 1303 2871; x_wconf 84' lang='lat' dir='ltr'>Qui</span> <span class='ocrx_word' id='word_1_388' title='bbox 1330 2840 1408 2863; x_wconf 90' lang='lat' dir='ltr'>cum</span> <span class='ocrx_word' id='word_1_389' title='bbox 1436 2833 1636 2873; x_wconf 88' lang='lat' dir='ltr'>praeturam</span> 
     </span>
     <span class='ocr_line' id='line_1_78' title="bbox 922 2876 1636 2924; baseline -0.003 -12"><span class='ocrx_word' id='word_1_390' title='bbox 922 2878 1076 2924; x_wconf 84' lang='lat' dir='ltr'>gesserit</span> <span class='ocrx_word' id='word_1_391' title='bbox 1105 2889 1136 2911; x_wconf 90' lang='lat' dir='ltr'>a.</span> <span class='ocrx_word' id='word_1_392' title='bbox 1165 2878 1233 2921; x_wconf 88' lang='lat'>67,</span> <span class='ocrx_word' id='word_1_393' title='bbox 1271 2877 1487 2911; x_wconf 89' lang='lat' dir='ltr'>tribunatum</span> <span class='ocrx_word' id='word_1_394' title='bbox 1520 2876 1636 2921; x_wconf 87' lang='lat' dir='ltr'>plebis</span> 
     </span>
     <span class='ocr_line' id='line_1_79' title="bbox 922 2925 1637 2969; baseline -0.001 -10"><span class='ocrx_word' id='word_1_395' title='bbox 922 2937 952 2959; x_wconf 85' lang='lat' dir='ltr'>a.</span> <span class='ocrx_word' id='word_1_396' title='bbox 979 2926 1047 2969; x_wconf 85' lang='lat'>66,</span> <span class='ocrx_word' id='word_1_397' title='bbox 1075 2936 1205 2960; x_wconf 84' lang='lat' dir='ltr'>annum</span> <span class='ocrx_word' id='word_1_398' title='bbox 1232 2930 1350 2960; x_wconf 89' lang='lat' dir='ltr'>autem</span> <span class='ocrx_word' id='word_1_399' title='bbox 1374 2925 1422 2960; x_wconf 85' lang='lat'>65</span> <span class='ocrx_word' id='word_1_400' title='bbox 1448 2925 1526 2960; x_wconf 83' lang='lat' dir='ltr'>sine</span> <span class='ocrx_word' id='word_1_401' title='bbox 1557 2935 1637 2958; x_wconf 84' lang='lat' dir='ltr'>ma-</span> 
     </span>
    </p>
   </div>
  </div>
 </body>
</html>
