1768 3216
142 200 214 239 184
695 194 757 231 DE
785 193 1011 231 ORATORlB
1020 195 1072 231 VS

143 313 448 357 causidicorum
482 310 557 352 sed
587 309 751 364 Orphea
783 323 832 352 ac
862 309 1006 352 Linum
1036 322 1099 361 ac,
1129 310 1166 352 si
1205 310 1480 365 introspicere
1512 313 1633 357 altius

143 388 261 439 velis,
300 387 429 439 ipsum
460 383 695 438 Apollinem
726 385 977 439 accepimus.
1039 383 1114 426 Vel
1145 384 1181 426 si
1211 384 1316 427 haec
1348 385 1538 430 fabulosa
1562 389 1636 430 «ni-

142 461 218 502 mis
253 465 293 502 et
324 459 552 513 composita
585 458 800 511 videntur,
842 459 942 500 illud
973 463 1086 501 certe
1118 459 1218 500 mihi
1252 459 1474 513 concedis,
1506 461 1636 516 Aper,

140 546 224 575 non
255 533 458 575 minorem
489 532 691 575 honorem
723 533 905 574 Homero
939 545 1059 587 quam
1100 532 1372 575 Demostheni
1411 534 1518 588 apud
1555 548 1637 590 po-

106 611 288 660 5steros‚
318 620 395 649 nec
424 607 735 662 angustioribus
767 607 952 648 terminis
985 607 1134 649 samam
1153 607 1362 661 Euripidis
1381 612 1450 651 aut
1469 609 1638 663 Sopho-

138 683 213 724 clis
247 695 366 736 quam
386 682 537 736 Lysiae
569 686 637 723 aut
654 681 874 736 Hyperidis
908 681 1077 722 includi.
1129 682 1270 724 Plures
1302 681 1427 724 hodie
1449 684 1636 737 reperies

139 756 207 810 qui
238 756 454 797 Ciceronis
486 755 662 810 gloriam
696 768 816 809 quam
849 755 917 809 qui
941 755 1105 810 Virgilii
1139 756 1398 807 detrectent3
1429 769 1508 798 nec
1529 757 1636 800 ullus

137 830 274 871 Asinii
307 834 375 871 aut
404 829 610 871 Messalae
642 829 748 871 liber
780 833 861 870 tam
894 829 1077 870 inlustris
1110 833 1174 870 est
1205 842 1325 883 quam
1354 830 1502 873 Medea
1534 831 1640 874 Ovi·-

140 903 196 968 ‘lii
228 908 297 945 aut
332 903 447 945 Varii
483 904 695 958 Thyestes.
768 904 831 944 Ac
875 915 927 944 nc
968 903 1173 945 fortunam
1215 904 1379 957 quidem
1420 908 1556 947 vatum
1599 910 1708 950 et13

88 980 126 1020 to
139 971 238 1013 illud
270 971 370 1013 felix
398 971 714 1012 contubernium
745 983 990 1025 comparare
1023 971 1228 1012 timuerim
1262 984 1353 1013 cum
1385 973 1568 1026 inquieta
1599 978 1640 1016 et

140 1047 263 1087 anxia
297 1049 508 1087 oratorum
539 1045 636 1086 vita.
697 1045 813 1087 Licet
853 1045 945 1086 illos
988 1045 1214 1086 certamina
1257 1050 1297 1086 et
1337 1045 1521 1099 pericula
1563 1059 1637 1088 sua

139 1119 191 1162 ad
224 1119 461 1160 consulatus
501 1118 737 1171 evexerint,
785 1118 892 1159 malo
931 1130 1125 1160 securum
1170 1123 1210 1160 et
1249 1119 1429 1172 quietum
1466 1120 1634 1175 Virgilii

285 1245 315 1277 1.
355 1254 398 1276 ac
431 1243 557 1276 Linum.
585 1243 634 1276 P:
663 1249 694 1276 et
722 1243 846 1277 Linum
873 1243 909 1276 F.
995 1245 1029 1278 3.
1060 1243 1261 1286 videantur,
1289 1244 1358 1279 litt.
1390 1255 1413 1278 a
1441 1244 1485 1279 ab
1512 1245 1559 1280 al.
1589 1255 1635 1280 m.

137 1295 269 1336 puncto
291 1291 492 1334 subnotata,
521 1291 557 1324 P.
623 1291 714 1324 istud
741 1291 803 1336 (ab
831 1291 877 1325 al.
907 1302 950 1325 m.
980 1302 1159 1336 superscr.
1188 1292 1277 1326 illud
1303 1297 1338 1327 et
1367 1303 1400 1327 v.
1427 1293 1519 1328 istud
1543 1303 1637 1338 pun-

139 1342 204 1374 ctis
229 1339 474 1382 subnotatum)
496 1339 532 1373 1’.
611 1339 643 1372 5.
676 1340 851 1385 eurypidis
878 1339 914 1373 Ρ.
992 1341 1024 1375 7.
1054 1341 1244 1374 detrectent
1270 1340 1306 1383 P,
1333 1351 1404 1375 non
1430 1341 1636 1376 detractent.

138 1389 172 1423 8.
202 1388 377 1422 Messalae
395 1387 442 1420 P:
470 1387 496 1421 F
525 1386 726 1422 Messallae.
818 1388 851 1423 9.
879 1393 940 1422 aut
974 1388 1073 1422 Varii
1100 1399 1156 1437 om
1183 1388 1222 1422 F.
1297 1389 1435 1423 thiestes
1462 1389 1498 1424 P.
1579 1391 1634 1425 10.

137 1436 226 1470 illud
251 1447 345 1470 nunc
376 1436 421 1469 1¹:
452 1435 570 1469 fuerat
595 1436 697 1470 istud.
776 1438 831 1470 11.
861 1436 942 1470 illos
972 1447 1073 1470 eraso
1101 1438 1185 1471 istos
1211 1436 1247 1471 P.
1318 1440 1372 1473 12.
1400 1437 1447 1471 ad
1470 1437 1637 1472 consula-

139 1487 207 1530 tus]
236 1491 267 1518 et
294 1487 383 1529 (non
415 1484 483 1526 acl,
514 1488 551 1516 ut
576 1489 695 1517 narrat
722 1483 897 1531 Orellius)
925 1491 1040 1519 coetus
1067 1485 1116 1529 P,
1157 1491 1189 1519 et
1214 1485 1414 1520 consulatus
1441 1485 1488 1520 F:
1527 1486 1636 1523 tacite

140 1534 294 1567 correxit
320 1533 474 1576 Lipsius.
552 1533 701 1576 quietum
728 1531 777 1566 P:
804 1538 974 1567 secretum
1000 1533 1037 1568 F.

211 1642 329 1676 Asinii
354 1647 414 1676 aut
433 1642 607 1676 Messalae
624 1642 737 1678 liber.-
765 1652 849 1676 ora-

921 1653 998 1676 cum
1027 1643 1147 1677 dativo
1174 1653 1245 1677 non
1279 1644 1440 1691 iungitur
1475 1655 1496 1678 a
1523 1645 1638 1688 Quin-

139 1691 296 1725 tionibus
326 1690 473 1724 duorum
503 1691 677 1724 clarorum
695 1690 759 1723 sub
776 1691 854 1724 Au-

919 1691 1063 1737 tiliano)
1091 1703 1194 1736 quam
1229 1692 1412 1739 indulqere
1447 1693 1635 1728 maluisset.

144 1740 238 1785 gusti
271 1740 472 1783 principatu
498 1744 676 1773 oratorum
703 1740 853 1783 opponit

143 1787 290 1821 totidem
318 1793 502 1831 poetarum
529 1787 667 1822 fabulas
685 1797 768 1830 prae
790 1798 853 1821 ce-

141 1837 227 1870 teris
256 1835 465 1870 celebratas.
507 1835 610 1877 Quod
637 1836 742 1869 etiam
769 1836 855 1868 Asi-

141 1885 220 1917 nius
239 1884 441 1928 tragoedias
458 1884 546 1918 fecit
563 1887 617 1928 (v.
636 1883 760 1928 Virgil.
774 1883 853 1917 Ecl.

141 1932 191 1965 111
217 1931 276 1973 86,
308 1932 387 1965 VllI
415 1934 469 1967 10.
498 1932 663 1966 Horatius
687 1931 854 1965 Carm.11

146 1981 161 2012 1
182 1980 236 2024 9),
263 1980 298 2012 id
324 1990 417 2013 nunc
442 1990 512 2013 non
539 1980 710 2024 respexit.
748 1978 853 2013 Conf.

146 2027 387 2068 Quintilianus
413 2027 442 2060 X
473 2030 485 2061 1
523 2029 608 2062 113:
661 2026 770 2060 multa
815 2029 854 2061 in

143 2074 267 2107 Asinio
310 2074 465 2107 Pollione
501 2075 678 2115 inventio,
722 2086 856 2108 summa

144 2121 338 2166 diligentia,
367 2123 454 2155 adeo
480 2128 516 2155 nt
531 2122 732 2166 quibusdam
745 2123 856 2155 nimia

142 2169 314 2211 videatur,
333 2176 364 2203 et
389 2170 528 2204 consilii
554 2177 586 2204 et
613 2171 723 2204 animi
747 2172 854 2213 satis3

144 2228 167 2250 a
203 2219 318 2251 nitore
353 2225 385 2251 et
419 2218 636 2252 iucunditate
673 2219 855 2256 Ciceronis

141 2266 193 2299 ita
218 2265 319 2309 lonye
347 2267 453 2308 abest,
478 2272 515 2300 ut
540 2267 653 2300 videri
674 2268 782 2311 possit
796 2278 854 2300 se-

143 2312 219 2347 culo
245 2315 358 2358 prior.
407 2315 453 2348 At
477 2315 632 2348 Messala
668 2314 798 2348 nitidus
824 2320 856 2348 et

143 2362 313 2395 candidus
341 2368 371 2396 et
386 2362 634 2406 quodammodo
647 2365 855 2408 praeferens

142 2410 180 2443 in
209 2410 354 2443 dicendo
380 2410 596 2446 nobilitatem
621 2422 731 2453 suam,
764 2411 854 2444 viri-

143 2458 203 2490 bus
227 2457 354 2492 minor.

216 2538 318 2572 quam
344 2529 471 2562 Medea
503 2529 618 2563 Ovidii
653 2536 712 2563 aut
755 2530 855 2563 Varii

147 2575 327 2620 Thyestes.-
357 2576 596 2618 Quintilianus
612 2578 641 2611 X
659 2577 761 2612 198.-
782 2579 854 2611 iam

148 2623 251 2657 Varii
279 2624 436 2669 Thyestes
468 2625 607 2659 cuilibet
635 2626 855 2660 Graecarum

142 2674 346 2717 comparari
365 2679 488 2718 potest.
515 2673 630 2708 Ovidii
651 2673 777 2707 Medea
798 2675 853 2707 vi-

144 2720 243 2754 detur
266 2721 352 2755 mihi
377 2722 556 2756 ostendere
589 2727 756 2766 quantum
791 2722 850 2755 ille

142 2769 198 2801 vir
219 2775 405 2814 praestare
438 2771 607 2816 potuerit,
646 2771 676 2804 si
709 2770 850 2815 inqenio

143 2827 204 2849 suo
247 2818 426 2851 moderari
470 2819 540 2863 (sic
582 2818 849 2852 rescribendum

145 2863 234 2897 duce
269 2865 362 2911 libro
381 2866 564 2913 Turicensi
601 2868 660 2912 qui
703 2867 851 2911 praebet

145 2914 307 2959 operari?
344 2914 453 2960 vulgo
496 2921 712 2962 temperare,
756 2915 851 2962 quod

994 1762 1080 1807 Cap.
1111 1764 1165 1798 13.
1220 1763 1309 1797 illud
1332 1763 1422 1809 felix
1448 1764 1635 1799 contuber-

920 1810 1039 1847 nium:
1066 1811 1155 1846 illud
1172 1812 1269 1846 addit
1290 1817 1329 1845 ut
1345 1812 1528 1858 significet
1547 1823 1636 1847 con-

921 1859 1124 1894 tubernium
1174 1871 1193 1894 a
1239 1861 1355 1904 poetis
1403 1861 1635 1903 celebratum,

922 1907 1034 1941 veluti
1074 1908 1117 1942 ab
1157 1908 1304 1942 Horatio
1338 1907 1451 1942 Carm.
1478 1909 1493 1943 1
1522 1911 1538 1944 1
1565 1910 1635 1945 30:

921 1967 974 1990 me
1003 1955 1154 2001 gelidum
1187 1967 1306 1991 nemus
1333 1957 1637 2003 Nympharumque

922 2003 1011 2037 leves
1039 2016 1116 2037 cum
1143 2004 1283 2049 Satyris
1313 2005 1414 2039 chori
1448 2011 1635 2044 secernunt

917 2051 1067 2096 populo,·
1094 2051 1188 2086 idem
1215 2053 1328 2096 Epist.
1358 2053 1430 2089 112
1449 2055 1516 2088 77:
1541 2055 1635 2087 scri-

917 2105 1057 2144 plorum
1081 2099 1207 2134 chorus
1240 2102 1350 2134 omnis
1382 2107 1477 2135 amat
1515 2112 1636 2135 nemus

925 2153 956 2180 et
980 2148 1069 2192 fugit
1094 2147 1218 2190 urbes,
1255 2149 1323 2183 rite
1356 2148 1466 2183 cliens
1502 2149 1636 2184 Bacchi

918 2206 1037 2230 somno
1066 2195 1250 2240 qaudentis
1276 2203 1308 2231 et
1332 2197 1467 2232 umbra.

988 2265 1127 2310 Virqilii
1143 2277 1335 2301 secessum:
1363 2277 1543 2301 secessum
1563 2277 1634 2313 quo

923 2313 1097 2359 Virgilius
1130 2315 1319 2360 gaudebat.
1382 2315 1479 2361 Lege
1503 2315 1634 2350 Donati

922 2362 1029 2395 vitam
1058 2362 1200 2408 Virgilii
1230 2375 1260 2397 c.
1287 2365 1309 2399 6
1325 2375 1333 2396 :
1357 2363 1511 2409 possedit
1524 2375 1634 2409 prope

921 2411 1050 2443 centies
1063 2412 1257 2445 sestertium
1272 2433 1329 2454 —,
1357 2412 1542 2456 habuitque
1569 2412 1634 2446 do-

920 2470 1012 2491 mum
1037 2460 1171 2492 Romae
1194 2461 1232 2492 in
1248 2459 1418 2504 Esquiliis
1431 2461 1532 2494 iuxta
1546 2459 1632 2493 bor-

920 2511 971 2539 tos
988 2506 1219 2548 Maecenatis,
1235 2518 1441 2551 quamquam
1457 2520 1472 2541 s
1482 2519 1498 2541 e
1508 2520 1526 2541 c
1537 2519 1554 2541 e
1562 2519 1576 2541 s
1587 2520 1603 2541 s
1611 2519 1635 2541 u

922 2554 1140 2600 Campaniae
1183 2555 1396 2599 Siciliaeque
1445 2555 1635 2601 plurimum

918 2608 1084 2637 uteretur.

992 2674 1119 2707 auditis
1145 2675 1184 2708 in
1210 2674 1346 2708 theatro
1383 2674 1522 2720 Virqilii
1549 2686 1632 2708 ver-

920 2722 1011 2755 sibus
1054 2743 1095 2748 -—-
1137 2723 1237 2767 quasi
1279 2722 1495 2768 Auqustum:
1542 2722 1632 2766 haec

919 2769 1062 2803 aliunde
1090 2780 1160 2803 non
1188 2772 1343 2816 cognita.
1395 2770 1630 2817 Cogitandum

918 2817 1059 2851 videtur
1086 2819 1130 2853 de
1156 2819 1237 2853 loco
1264 2819 1385 2864 aliquo
1409 2819 1631 2853 memorabili

919 2876 982 2914 per
1009 2868 1235 2913 occasionem
1265 2867 1308 2901 ab
1335 2873 1455 2902 actore
1488 2867 1632 2912 fabulae

919 2915 1052 2950 inserto
1082 2911 1117 2950 et
1142 2910 1304 2960 recitato,
1332 2920 1370 2949 ut
1396 2916 1482 2953 licet
1505 2916 1634 2951 παῖε-ι
