1768 3216
159 223 240 258 122
738 213 1038 253 HISTORIARVM
1439 222 1472 246 a.
1499 220 1535 246 u.
1560 211 1646 250 822.

157 349 250 383 nam
282 339 528 395 fugientibus
558 337 669 378 caesi
699 335 767 390 qui
797 333 1048 376 restiterant.
1106 330 1187 374 Sed
1218 340 1436 384 repressus
1467 329 1648 372 vincen-

160 417 256 457 tium
306 416 499 467 impetus,
547 423 599 452 ne
646 410 765 452 novis
817 408 1013 451 subsidiis
1063 406 1209 448 firmati
1250 405 1391 448 hostes
1439 404 1647 447 fortunam

155 489 300 544 proelii
329 490 537 528 mutarent.

155 564 261 605 facta
291 574 417 616 prave
449 560 772 602 aestimantibus.

124 648 254 690 suis,
286 647 442 689 procax
472 647 568 687 ore,

599 486 837 539 Suspectum
869 484 909 525 id
931 482 1175 524 Othonianis
1206 481 1295 533 suit,
1329 480 1467 521 omnia
1497 478 1647 522 dueum

836 559 1045 611 Certatim,
1077 561 1120 599 ut
1151 556 1326 610 quisque
1350 555 1488 597 animo
1521 554 1649 610 igna-

617 634 796 675 Annium
829 633 986 676 Gallum
1018 637 1059 674 et
1089 631 1328 674 Suetonium
1365 629 1576 672 Paulinum
1607 631 1651 671 et

152 710 320 754 Marium
364 709 526 753 Celsum
573 714 684 761 [nam
726 721 800 751 eos
841 720 1006 764 quoque
1047 707 1154 750 Otho
1195 705 1477 767 praefecerat]
1517 704 1648 747 variis

97 801 105 838 ;ι
156 785 394 828 criminibus
427 785 704 842 incessebant.

763 784 980 826 Acerrima
1022 782 1274 824 seditionum
1316 793 1366 823 ac
1407 779 1650 824 discordiae

154 861 418 902 incitamenta
448 860 740 901 interfectores
775 859 943 901 Galbae.

1005 857 1176 900 Scelere
1217 861 1258 898 et
1298 860 1409 898 metu
1438 855 1648 898 vecordes

156 936 333 977 miscere
365 940 527 988 cuncta,
561 937 685 978 modo
714 935 847 990 palam
878 934 1053 975 turbidis
1086 933 1276 985 vocibus,
1310 930 1437 974 modo
1470 930 1648 973 occultis

109 1010 206 1053 mad
243 1009 446 1054 Othonem
476 1011 623 1054 litteris
635 1025 646 1063 3
684 1012 751 1066 qui
792 1009 1016 1052 humillimo
1059 1009 1210 1062 cuique
1252 1006 1470 1060 credulus,
1511 1006 1648 1048 bonos

158 1088 341 1127 metuens
373 1086 614 1141 trepidabat,
646 1086 768 1127 rebus
799 1085 1011 1140 prosperis
1044 1084 1227 1126 incertus
1260 1086 1301 1124 et
1331 1083 1441 1124 inter
1467 1079 1648 1123 adversa

156 1160 314 1202 melior.

375 1161 503 1215 Igitur
533 1161 734 1203 Titianum
766 1160 935 1202 fratrem
968 1159 1145 1201 accitum
1175 1158 1286 1200 bello
1316 1156 1570 1212 praeposuit.

288 1234 447 1276 Interea
477 1234 631 1276 Paulini
663 1239 703 1275 et
725 1235 835 1277 Celsi
867 1235 990 1276 ductu
1020 1246 1089 1275 res
1122 1234 1326 1289 egregiae
1357 1235 1520 1287 gestae.
1553 1230 1650 1273 An-
1662 1230 1722 1272 24

156 1307 309 1361 gebant
363 1309 580 1351 Caecinam
621 1310 898 1364 nequidquam
953 1309 1092 1351 omnia
1134 1312 1281 1362 coepta
1329 1312 1370 1349 et
1418 1317 1651 1350 senescens

296 1456 325 1490 1.
354 1457 426 1490 cesi
452 1455 514 1490 Ma.

162 1504 188 1538 G
213 1515 398 1549 repressus.

607 1457 813 1490 resisterant
839 1453 918 1490 Ma:
947 1452 974 1489 G
1001 1454 1215 1491 restiterant,

473 1506 508 1539 3.
536 1506 654 1539 omnia
677 1517 822 1550 quocum
847 1502 923 1548 Ma,
964 1504 1083 1537 omnia
1108 1512 1309 1547 quecunque
1336 1502 1393 1546 (in
1418 1500 1581 1547 margine
1608 1499 1652 1534 ab

1326 1450 1550 1498 reprehensis
1576 1449 1650 1486 Ma:

160 1553 230 1586 alia
257 1563 359 1586 manu
385 1553 506 1587 ducum
532 1564 594 1598 pro
622 1559 835 1599 quecunque)
850 1552 889 1595 G,
917 1553 1035 1586 omnia
1060 1563 1124 1596 que
1150 1551 1274 1585 ducum
1299 1550 1343 1593 A,
1370 1550 1407 1583 in
1433 1558 1503 1595 quo
1529 1548 1654 1584 ducum

160 1612 179 1634 a
204 1601 357 1635 secunda
382 1612 485 1635 manu
512 1603 547 1635 in
572 1614 706 1637 rasura.

783 1605 818 1638 4.
846 1601 1110 1636 aestimantibus
1135 1599 1200 1643 Ma,
1228 1598 1474 1634 ammantibus
1500 1596 1538 1632 G.
1613 1599 1649 1632 5.

161 1649 342 1683 hulmum
368 1649 430 1692 Ma,
457 1661 526 1684 non
554 1651 761 1685 Paullinum.
812 1651 846 1686 6.
878 1662 1009 1695 quoque
1036 1649 1123 1683 Otho
1151 1647 1254 1684 GMa:
1283 1647 1372 1682 Otho
1398 1656 1530 1693 quoque
1549 1645 1651 1681 Rhe-

161 1708 283 1732 nanuS.

162 1746 227 1781 litt.
254 1758 272 1780 c
299 1747 465 1795 (consilii)
493 1748 568 1782 Ma:
599 1749 624 1783 G
652 1749 747 1784 celsi.

234 1881 315 1903 nam
349 1882 405 1904 eos
438 1882 567 1915 quoque
601 1872 686 1906 Otho
719 1875 866 1918 praefe-

165 1924 291 1951 cerat:
333 1919 415 1963 quid
452 1919 550 1954 hoc?
615 1921 703 1954 Num
728 1923 864 1955 Annius

166 1965 285 1999 Gallus
324 1972 358 2000 et
395 1967 583 2001 Suetonius
625 1969 791 2003 Paulinus
835 1975 870 2004 et

166 2014 293 2047 Marius
319 2014 443 2049 Celsus
477 2028 553 2050 cum
579 2017 716 2051 Marcio
745 2019 868 2052 Macro

166 2061 274 2097 duces
300 2063 449 2097 militum
477 2064 581 2098 electi
610 2071 706 2109 sunt,
738 2071 773 2099 ut
800 2067 868 2100 hoc

166 2110 246 2145 loco
284 2111 389 2145 scribi
425 2123 444 2145 a
469 2113 588 2147 Tacito
630 2120 751 2158 posset
787 2126 870 2148 nam

167 2170 222 2192 eos
247 2171 376 2204 quoque
386 2160 471 2194 Otho
496 2164 744 2207 praefecerat?
761 2163 869 2197 Immo

166 2207 218 2241 illi
247 2213 317 2242 tres
352 2209 504 2252 peditum
546 2213 775 2257 equitumque
806 2223 869 2246 co-

167 2256 234 2299 piis
261 2261 415 2290 rectores
441 2259 606 2293 destinati
633 2265 732 2303 sunt,
760 2261 807 2294 ita
832 2266 870 2294 ut

166 2310 307 2347 praeter
335 2316 395 2339 eos
421 2317 511 2340 unus
528 2307 684 2342 Licinius
700 2309 870 2344 Proculus

166 2355 344 2395 praetorio
370 2356 572 2398 praefectus
607 2358 707 2392 malis
737 2359 870 2392 artibus

168 2406 202 2433 et
229 2403 341 2446 gratia
367 2403 458 2446 apud
481 2404 653 2439 Othonem
682 2406 871 2450 praevale-

167 2453 232 2482 ret·
261 2449 358 2495 Lege
384 2451 423 2483 H.
452 2452 536 2487 187.
581 2453 652 2487 Iam
680 2456 709 2488 si
736 2455 778 2488 ab
804 2455 871 2489 hoc

167 2495 317 2531 Proculo
341 2497 431 2531 haud
456 2501 579 2543 procul
593 2501 764 2536 Cremona
787 2514 871 2547 pro-

168 2556 271 2589 spere
287 2552 479 2592 pugnatum
497 2554 603 2591 esset,
619 2551 722 2583 scribi
736 2556 872 2594 poterat

167 2604 250 2626 ηαικ
278 2606 335 2628 eos
363 2606 492 2639 quoque
522 2597 607 2630 Otho
631 2602 871 2643 praefecerat:

169 2646 206 2674 ut
240 2653 333 2676 nunc
372 2649 443 2686 est,
497 2645 606 2678 verba
639 2646 699 2680 illa
731 2658 873 2691 prorsus

167 2691 282 2725 otiosa
307 2696 387 2724 sunt
412 2697 447 2725 et
473 2703 581 2727 sensu
608 2700 740 2729 carent.
788 2696 873 2729 Nam

168 2738 318 2772 marcius
355 2739 471 2774 Macer
508 2743 557 2786 (is
585 2753 706 2776 manus
733 2743 873 2789 gladia-

168 2788 279 2820 toriae
302 2788 501 2831 praefectus
539 2791 634 2824 iussa
660 2791 787 2826 ducum
810 2803 876 2826 ex-

171 2835 384 2881 equebatur)
413 2847 488 2871 cum
523 2839 733 2882 particulam
769 2850 876 2874 exer-

173 2882 261 2915 citus
290 2883 438 2917 navibus
480 2890 716 2922 transvectam
749 2889 785 2922 in
811 2889 877 2923 ad-

171 2939 308 2963 versam
346 2929 427 2964 Padi
465 2934 574 2977 ripam
613 2936 799 2971 effudisset
836 2942 878 2971 ae

171 2979 271 3025 parta
307 2977 458 3015 victoria
492 2980 535 3015 ab
569 2982 726 3023 ,ducibus
769 2983 878 3019 totius

343 1700 374 1733 7.
401 1700 617 1734 incessebant
643 1701 699 1734 A:
726 1701 945 1734 incesserant
974 1697 1069 1734 G-Ma.

1141 1699 1195 1734 13.
1225 1697 1318 1733 esitii
1345 1707 1425 1733 cum
1451 1695 1516 1731 lin.
1543 1705 1652 1741 super

842 1751 897 1784 14.
927 1753 1052 1795 caepta
1077 1745 1141 1782 Ma.

938 1872 1116 1905 exercitus
1145 1873 1336 1904 revocatus
1375 1871 1494 1911 esset,
1529 1866 1651 1902 victo..

936 1931 992 1954 res
1020 1920 1204 1964 ceterique
1219 1918 1414 1952 Othoniani
1443 1917 1651 1962 suspicione

934 1970 1018 2002 tacti
1047 1978 1116 2001 non
1159 1968 1324 2002 Marcium
1362 1966 1517 2002 Macrum
1555 1964 1651 2000 alio·-

936 2028 1010 2050 rum
1038 2018 1143 2050 iussis
1171 2017 1389 2059 obnoxium,
1438 2013 1502 2050 sed
1541 2013 1652 2048 duces

936 2067 995 2111 qui
1033 2067 1207 2100 iusserant
1244 2064 1452 2100 criminibus
1495 2063 1653 2098 incessi-

936 2120 1075 2149 verunt.
1128 2115 1250 2160 ltaque
1283 2114 1344 2159 qui
1373 2113 1463 2148 haec
1487 2112 1658 2157 ascripsit.

938 2166 1020 2208 (sua
1046 2165 1194 2207 sumpsit
1214 2175 1258 2198 ex
1275 2161 1382 2197 infida
1403 2160 1654 2196 recordatione

938 2213 1124 2246 verborum
1153 2213 1192 2246 H.
1225 2213 1236 2246 1
1265 2212 1351 2256 87),
1381 2210 1504 2245 eadem
1531 2208 1654 2255 digni-

938 2266 1008 2294 tate
1050 2272 1116 2306 qua
1146 2261 1284 2295 Gallum
1326 2265 1361 2294 et
1393 2258 1579 2293 Paulinum
1617 2261 1653 2306 et

939 2308 1080 2343 Celsum
1128 2311 1234 2344 etiam
1286 2308 1455 2343 Marcium
1486 2306 1654 2341 'Macrum

938 2358 1132 2402 praeditum
1160 2359 1272 2392 fuisse
1299 2357 1391 2392 falso
1419 2354 1582 2398 credidit,
1610 2353 1655 2389 de

939 2418 981 2439 eo
1017 2417 1162 2441 securus
1202 2418 1264 2441 cur
1306 2407 1341 2440 in
1388 2405 1470 2440 illos
1506 2403 1656 2438 crimina

939 2456 1089 2489 iecerint
1116 2455 1247 2489 milites
1264 2481 1273 2496 ‚
1301 2455 1344 2489 ab
1373 2455 1441 2489 hoc
1468 2453 1656 2487 abstinue-

941 2505 1021 2536 rint.
1073 2504 1178 2537 Porro
1206 2505 1235 2538 si
1259 2505 1491 2550 praefecerat
1513 2512 1586 2535 non
1612 2499 1656 2534 de

940 2557 1014 2585 toto
1044 2555 1202 2586 exercitu
1230 2551 1489 2598 intelligimus,
1518 2549 1582 2584 sed
1607 2550 1658 2583 ita

941 2606 978 2633 ut
1004 2600 1096 2634 Otho
1125 2601 1384 2647 gladiatoribus
1410 2602 1446 2633 in
1472 2598 1658 2633 adversam

942 2648 1023 2682 Padi
1052 2650 1161 2692 ripam
1191 2650 1362 2682 tramissis
1389 2652 1531 2693 praeter
1565 2647 1657 2680 Mar-

943 2698 1036 2730 cium
1064 2699 1168 2730 etiam
1196 2697 1277 2731 illos
1300 2701 1370 2731 tres
1392 2695 1655 2741 praeposuerit,

943 2743 978 2778 id
1004 2746 1152 2789 primum
1189 2757 1268 2779 cum
1301 2747 1504 2779 narratione
1531 2743 1656 2786 Taciti,

943 2794 1001 2837 qui
1032 2794 1199 2827 Marcium
1230 2795 1338 2827 totius
1367 2795 1502 2837 incepti
1530 2795 1659 2827 aucto-

943 2851 1015 2875 rem
1043 2842 1217 2885 producit,
1245 2846 1400 2887 ρης-τιατ,
1427 2846 1502 2874 tum
1528 2851 1592 2886 per
1618 2850 1658 2874 se

944 2898 1015 2922 non
1054 2895 1107 2923 est
1150 2890 1375 2933 verisimile,
1415 2889 1571 2935 denique
1609 2888 1660 2923 ita

944 2947 1014 2971 non
1041 2937 1166 2983 liquet.
1197 2948 1260 2973 cur
1287 2937 1517 2972 criminantes
1545 2947 1566 2971 a
1584 2936 1660 2972 Mn-

946 2992 1005 3020 cro
1033 2984 1280 3022 abstinuerint.
1322 2985 1419 3020 Haec
1446 2984 1532 3020 olim
1558 2995 1580 3020 a
1603 2988 1661 3020 me
