1768 3216
26 142 39 158 5
68 149 71 153 s
124 126 131 136 ⁹
166 128 263 161 {afr-2
293 146 323 161 ,.

20 161 77 184 '¹²1'
121 157 314 264 Azsgstff

32 489 65 536 l*

25 535 60 568 f&

710 206 1023 248 HISTORIARVM
1409 217 1441 240 a.
1467 204 1504 240 'u-
1536 200 1620 242 822.

123 344 242 386 sitam
274 342 423 394 impetu
454 335 556 388 capi.
619 332 730 373 Idem
763 328 966 371 audaciae
1001 338 1077 381 per
1107 324 1304 367 tenebras
1342 323 1620 380 inrumpenti-

123 419 213 469 bus,
246 420 285 456 et
316 413 512 454 maiorem
544 406 735 461 rapiendi
765 403 989 446 licentiam.
1024 401 1183 451 Quodsi
1216 400 1351 441 lucem
1385 399 1615 454 opperian-

121 497 198 541 tur,
231 490 307 529 iam
339 497 498 550 pacem,
532 483 612 523 iam
628 492 792 547 preces
825 483 865 520 et
894 489 970 532 pro
1002 477 1147 518 labore
1168 489 1229 542 ac
1234 473 1504 540 fulgeribus
1526 473 1620 515 cle-

120 562 315 627 mentiam
343 564 382 600 et
412 558 603 618 gloriam
636 556 798 607 inania
829 548 1010 614 laturos·
1036 532 1134 594 sed
1153 535 1254 605 opes
1274 530 1620 592 Cremonensium

90 639 160 678 sin
203 637 296 677 sinu
328 621 639 699 praefectorum
680 615 997 685 legatorumque
1029 627 1134 670 f.ore
1194 626 1466 680 Expugnatae
1507 622 1623 665 urbis

118 711 313 766 praedam
346 700 434 750 ad
423 694 606 759 militem,
641 705 808 746 deditae
841 703 899 744 ad
926 702 1055 744 duces
1085 701 1310 756 pertinere.
1365 700 1626 754 Spernuntur

120 785 388 826 centurIones
419 782 669 835 tribunique,
703 792 752 820 ac
788 791 840 820 ne
870 789 955 819 vox
987 777 1230 831 cuiusquam
1264 775 1479 829 audiatur,
1514 785 1623 829 qua-

119 860 222 901 tiunt
262 870 398 909 arina,
429 856 598 912 ‘rupturi
629 853 871 908 imperium,
914 853 957 893 ni
1005 851 1221 893 ducantur.

120 930 309 975 inserens
349 945 395 974 se
430 929 670 984 manipulis,
713 928 784 969 ubi
824 931 997 981 aspectu
1041 930 1082 967 et
1122 925 1369 967 auctoritate
1412 923 1622 966 silentium

71 1020 108 1049 ιο
121 1007 303 1059 fecerat,
343 1018 426 1047 non
457 1018 503 1047 se
535 1005 662 1046 decus
694 1015 830 1056 neque
860 1002 1036 1056 pretium
1071 1001 1236 1054 eripere
1268 1004 1349 1041 tam
1380 999 1488 1041 bene
1531 1010 1627 1040 me-

119 1083 208 1124 ritis
239 1081 500 1132 adfirmabat,
534 1079 607 1120 sed
641 1078 774 1120 divisa
805 1078 915 1119 inter
945 1076 1176 1118 exercitum
1209 1075 1423 1128 ducesque
1454 1073 1624 1115 munia:

122 1157 317 1198 militibus
358 1155 593 1209 cupidinem
634 1152 847 1208 pugnandi
893 1151 1147 1202 convenire3
1197 1149 1327 1191 duces
1356 1147 1621 1203 providendo

123 1230 417 1282 consultando,
463 1228 727 1270 cunctatione
774 1227 941 1281 saepius
988 1238 1110 1280 quam
1141 1224 1375 1267 temeritate
1403 1222 1623 1277 prodesse.

122 1306 172 1347 Ut
201 1317 275 1359 pro
306 1304 417 1346 virili
449 1304 642 1358 portione
672 1303 798 1345 armis
831 1315 880 1344 ac
917 1313 1041 1343 manu
1070 1300 1291 1342 victoriam
1335 1299 1510 1351 iuverit,
1551 1309 1626 1341 ra-

73 1381 235 1422 istione
268 1384 307 1422 et
339 1379 540 1430 consilio,
572 1378 752 1432 propriis
782 1377 900 1418 ducis
933 1376 1116 1428 artibus,
1147 1375 1421 1430 profuturum.
1482 1372 1626 1428 Neque

125 1456 232 1496 enim
265 1454 457 1508 ambigua
489 1465 582 1494 esse
615 1465 719 1506 quae
753 1455 993 1503 occurrant,
1023 1455 1189 1492 noctem
1222 1453 1261 1491 et
1295 1450 1465 1504 ignotae
1502 1449 1625 1490 situm

122 1529 252 1580 urbis,
286 1529 392 1569 intus
423 1527 564 1568 hostes
595 1531 635 1568 et
667 1530 814 1568 cuncta
846 1525 1010 1566 insidiis
1042 1527 1289 1578 opportuna.
1352 1524 1444 1566 Non
1482 1523 1518 1565 si
1547 1535 1628 1577 pa-

123 1606 235 1644 teant
268 1606 436 1656 portae,
468 1601 562 1642 nisi⁴
582 1601 823 1655 explorato,
854 1599 935 1641 nisi
968 1599 1050 1651 die,
1084 1598 1332 1640 intrandum.
1394 1597 1460 1640 An
1493 1609 1629 1652 oppu-

124 1677 364 1731 gnationem
396 1663 662 1717 inchoaturos
696 1675 888 1729 adempto
923 1674 1035 1715 omni
1066 1678 1314 1727 prospectu,
1349 1674 1439 1728 quis
1460 1682 1628 1729 ‘aequus

198 1824 231 1858 3.
253 1823 339 1868 'ficos
355 1821 420 1857 Ma.
471 1823 564 1856 voln.
587 1822 643 1856 Or.
697 1823 731 1857 4.
750 1822 854 1855 inani
866 1822 921 1866 (in
937 1821 1162 1868 veisusiine)
1182 1822 1245 1855 nia
1260 1821 1326 1856 Mn.
1377 1823 1411 1857 7.
1428 1822 1631 1867 quatiuntur

126 1870 197 1905 Ma:
226 1870 253 1904 G
279 1871 447 1915 quatiunt.
532 1871 585 1906 10.
616 1870 730 1915 fnium
756 1869 820 1904 Ma.
896 1871 1047 1915 eriperet
1074 1870 1210 1904 anbene
1238 1869 1310 1904 Ma:
1339 1869 1367 1904 G
1397 1871 1533 1916 eripere
1559 1876 1630 1904 tam

129 1919 224 1952 bene.
305 1919 359 1953 16.
392 1924 560 1952 occurant
582 1919 775 1963 posteriori
803 1930 826 1951 u
853 1927 1029 1962 superscr.
1058 1930 1081 1951 a
1109 1917 1191 1952 ma,-
1211 1917 1238 1952 G
1265 1923 1468 1953 occurrant.
1528 1924 1630 1953 nocte

127 1964 194 2000 Ma.
251 1967 477 2000 17.cunc1as
503 1965 575 2000 Ma:
604 1971 794 2010 utrumque
822 1970 1020 2000 correctum
1048 1967 1084 2000 in
1111 1966 1151 2000 G.
1216 1973 1388 2012 oportuna
1418 1965 1530 2001 Glufl·
1557 1966 1628 2000 Pu-

127 2012 202 2048 teol
213 2024 299 2048 anus
327 2020 532 2060 opportuna.
613 2015 668 2048 18.
697 2013 772 2059 obp.
801 2014 866 2048 Ma.

128 2154 231 2188 sitam
269 2155 322 2185 est
359 2151 413 2184 die
455 2149 539 2183 eben
579 2149 765 2194 yeleyene,
806 2155 844 2183 ut

127 2200 235 2256 plan'o
262 2199 362 2245 quasi
389 2198 514 2232 localis
541 2196 702 2232 adverbii
727 2199 843 2232 vicem

131 2249 317 2283 sustineat.
359 2247 417 2281 Sic
443 2258 472 2281 c.
504 2246 551 2281 38
576 2247 700 2280 turrim
727 2247 843 2280 vicino

129 2298 254 2339 sitam;
293 2295 339 2329 cf.
372 2299 492 2329 annot.
527 2294 569 2327 ad
603 2294 617 2328 I
644 2295 702 2330 53.
743 2294 784 2329 ll.
814 2295 844 2329 V

131 2347 178 2381 23
209 2350 393 2387 castraque
432 2344 469 2376 in
507 2341 614 2388 plano
659 2343 727 2376 sita
764 2348 846 2377 sunt

131 2397 245 2426 castra
270 2402 360 2436 quae
388 2391 492 2435 plano
520 2390 597 2425 solo
623 2392 739 2434 posita
763 2396 845 2425 sunt·

131 2443 216 2486 (auf
239 2439 377 2473 ebenem
393 2439 512 2473 Boden
540 2439 732 2485 errichtet).
765 2439 844 2473 Non

131 2493 214 2532 apte
239 2492 461 2531 comparatur
487 2488 528 2522 Η.
549 2486 655 2521 11148
682 2488 844 2532 Africam

131 2537 248 2571 eodem
273 2534 384 2569 latere
410 2536 523 2571 sitam.

205 2583 424 2619 clemenciam
450 2589 482 2617 et
530 2584 676 2627 loriam,
703 2585 841 2628 inania,

129 2632 287 2666 laturos:
319 2637 373 2665 est
399 2642 505 2676 praec
523 2642 583 2666 ara
602 2632 752 2666 imitatio
773 2632 841 2667 ho-

129 2682 261 2714 minum
287 2680 383 2714 vitae
410 2690 544 2726 genere
579 2691 600 2715 a
635 2682 841 2715 melioribus

130 2730 236 2762 animi
263 2728 405 2762 humani
432 2729 618 2763 affectibus
642 2730 841 2764 abhorren-

130 2777 229 2817 tium,
257 2776 345 2810 lucri
372 2777 488 2810 studio
519 2782 554 2812 et
584 2778 745 2822 rapiendi
775 2788 841 2812 cu-

130 2823 241 2867 pidini
267 2825 371 2858 unice
398 2825 674 2871 indulgentium.
722 2825 841 2860 Theo-

132 2871 250 2904 disce.
277 2873 325 2905 sie
343 2873 487 2906 wurden
498 2873 607 2908 Milde
630 2875 704 2908 und
714 2874 840 2918 Ruhm,

132 2919 279 2952 ‹lznnmes
310 2919 416 2966 Ζευς),
445 2921 558 2955 daven
584 2928 720 2969 tragon.

174 2968 434 3011 praefectorum
443 2966 724 3018 leqatorumque
733 2980 839 3017 prae-

913 2150 1028 2184 fectos
1055 2149 1189 2184 alarum
1217 2154 1252 2184 et
1277 2149 1497 2195 cohortium,
1524 2151 1628 2200 lega-

914 2203 967 2232 tos
996 2198 1179 2241 legionum
1208 2199 1348 2233 dicunt.
1377 2199 1420 2235 de
1435 2200 1629 2244 praefectis

915 2252 1109 2281 castrorum
1148 2247 1282 2281 milites
1326 2258 1396 2282 non
1442 2250 1627 2296 cogitant,

913 2295 976 2329 sed
1001 2295 1165 2330 diversae
1201 2295 1352 2330 militiae
1393 2296 1463 2331 duo
1499 2298 1628 2334 ducum

915 2354 1047 2389 genem
1077 2350 1303 2388 componunt.

987 2391 1071 2436 Cap.
1101 2393 1157 2428 20.
1196 2393 1308 2427 divisa
1337 2415 1382 2420 —
1408 2394 1551 2428 munia:
1581 2393 1627 2428 cf.

915 2446 1034 2474 annot.
1064 2441 1106 2474 ad
1135 2440 1184 2475 111
1209 2443 1232 2477 2
1259 2447 1294 2476 et
1321 2442 1361 2475 H.
1389 2440 1437 2475 111
1467 2443 1521 2476 13.

990 2489 1091 2522 duces
1122 2490 1337 2535 providendo
1377 2489 1627 2533 consultando,

915 2538 1135 2572 cunctatione
1154 2540 1293 2584 saepius
1313 2549 1416 2583 quam
1436 2539 1628 2580 temeritate

910 2586 1096 2631 prodesse:
1112 2588 1165 2621 sic
1175 2585 1426 2634 distinguenda
1438 2591 1520 2621 sunt
1537 2585 1628 2620 haec

913 2634 1034 2677 verba,
1065 2639 1102 2668 ut
1129 2640 1305 2681 cognatae
1330 2636 1497 2669 notiones
1522 2635 1628 2681 (pro-

911 2683 1057 2716 videndo
1085 2683 1329 2728 consultando)
1352 2684 1529 2718 artissime
1542 2683 1628 2717 iun-

912 2736 1052 2776 gantur,
1079 2733 1200 2778 iisque
1219 2732 1434 2777 respondeat
1448 2741 1529 2776 pars
1543 2741 1627 2766 ora-

911 2779 1020 2812 tionis
1047 2780 1182 2814 duabus
1209 2782 1397 2814 contrariis
1416 2779 1625 2814 notionibus

911 2829 1109 2872 composita
1138 2834 1173 2863 et
1201 2828 1375 2874 particula
1407 2840 1510 2873 quam
1536 2837 1626 2861 con-

910 2877 1046 2910 sociata
1085 2878 1323 2924 (cunctatione
1359 2878 1498 2923 saepius
1523 2886 1627 2922 quam

911 2926 1146 2974 temeritate);
1173 2925 1218 2960 cf.
1250 2928 1370 2959 annot.
1399 2924 1442 2959 ad
1470 2924 1517 2960 XI
1540 2924 1590 2960 6.

963 2982 1030 3019 pro
1056 2974 1155 3011 virili
1176 2973 1364 3021 portione:
1390 2973 1520 3009 vitavit
1539 2972 1625 3010 vul-

1435 0 1497 20 Ἂι
1521 0 1765 15 ννν-νινν

1682 268 1705 289 'D

1281 850 1384 891 Tum
1415 849 1624 892 Antonius
1638 854 1697 895 20
