1768 3216
742 254 828 294 Gn.
856 253 1015 292 44—45.

1569 255 1643 295 16⁸

142 370 291 416 boatus
319 370 517 415 incolumi
547 371 764 426 dignitate,
795 371 972 414 florente
1005 371 1128 425 fama,
1159 370 1288 415 salvis
1307 370 1584 415 adfinitatibus
1601 375 1642 416 et

142 445 336 489 amicitiis
369 446 505 488 sutura
538 445 752 501 effugisse.
800 447 904 489 Nam
934 447 1055 488 sicuti
1086 446 1238 490 durare
1256 447 1299 488 in
1314 445 1393 488 hac
1408 446 1639 493 beatissimi

142 521 277 566 seculi
299 520 394 564 luce
420 533 470 563 ac
495 520 726 575 principem
763 522 982 563 Traianum
1022 521 1168 564 videre
1208 520 1416 575 quondam
1461 521 1637 576 augurio

139 595 333 649 votisque
361 595 470 648 apud
500 599 667 638 nostras
700 607 823 638 aures
848 596 1123 648 ominabatur,
1156 596 1212 637 ita
1243 595 1464 638 festinatae
1493 595 1639 640 mortis

139 669 301 724 grande
330 669 523 712 solatium
554 669 646 711 tulit
675 671 863 712 evasisse
892 674 1145 724 postremum
1187 669 1287 711 illud
1329 674 1509 723 tempus,
1556 681 1671 724 quos

138 743 400 788 Domitianus
431 756 516 786 non
546 744 629 786 iam
658 756 735 798 per
764 744 980 786 intervalla
1009 757 1060 786 ac
1099 745 1351 798 spiramenta
1394 748 1636 799 temporum,

6 854 8 856 r
67 817 213 862 458ed
239 818 439 860 continuo
469 823 511 860 et
539 818 652 861 velut
679 830 763 860 uno
789 819 874 861 ictu
899 831 987 862 rem
1018 818 1225 873 publicam
1263 818 1466 862 exhausit.

1540 820 1637 863 Non

134 892 242 937 vidit
269 893 473 948 Agricola
505 894 723 936 obsessam
754 894 912 936 curiam
944 898 985 935 et
1015 894 1201 936 clausum
1232 895 1359 936 armis
1380 898 1571 939 senatum
1592 887 1636 939 et

134 967 283 1011 eadem
314 971 459 1022 strage
487 960 860 1010 totconsulari'um
892 968 1060 1020 caedes,
1093 972 1152 1009 tot
1175 969 1535 1013 nobilissimarum
1565 969 1636 1011 se·-

133 1041 336 1087 minarum
367 1041 491 1084 exilia
524 1046 566 1083 et
596 1042 732 1096 sugas.

805 1042 894 1097 Una
943 1042 1078 1084 adhuc
1121 1042 1298 1084 victoria
1330 1042 1461 1084 Carus
1490 1043 1638 1101 Metius
1654 1059 1693 1089 ιο

134 1115 407 1168 censebatur,
456 1121 496 1158 et
537 1117 644 1158 intra
685 1116 888 1159 Albanam
939 1128 1079 1159 arcem
1122 1117 1332 1159 sententia
1362 1133 1388 1161 a
1420 1116 1633 1159 Messalini

259 1227 295 1261 2.
323 1235 406 1258 nam
431 1226 535 1260 sicuti
562 1237 713 1271 „amyntae
735 1226 916 1260 cuiusdam
939 1226 1122 1270 felicitatis
1152 1238 1236 1268 esse,
1266 1227 1398 1260 durare
1426 1225 1540 1260 codex
1568 1225 1639 1260 Ur..

132 1285 316 1358 zela-rente
346 1322 523 1356 Broterio.

132 1371 339 1406 Rhenanus.

135 1421 192 1454 11.
219 1421 353 1465 arcem]
382 1419 501 1453 villam
527 1430 597 1465 mg.
630 1422 666 1462 Γ,
691 1431 810 1454 arcem
835 1419 913 1455 uitri
935 1419 1164 1454 Puteolanus.

133 1468 177 1503 ab
208 1467 359 1502 editore.

133 1567 315 1603 cuiusdam
355 1567 537 1612 felicitatis
575 1580 647 1603 esse
670 1595 679 1610 ‚
721 1569 851 1603 durare

134 1621 229 1659 cet„
255 1616 320 1650 sed
345 1628 496 1661 maqnae
525 1618 706 1652 cuiusdam
730 1618 851 1661 felici..

134 1665 218 1700 eatis
261 1675 334 1699 esse
373 1665 464 1699 nihil
507 1670 560 1699 est
607 1667 675 1700 nisi
719 1667 852 1712 frigida

134 1713 258 1759 glossa
284 1723 347 1758 pro
373 1714 505 1747 dictare
530 1715 568 1747 in
594 1714 662 1748 Ιιαο
688 1715 851 1748 beatissi-

132 1762 181 1795 mi
202 1762 312 1796 seculi
338 1761 426 1796 luce.
465 1762 612 1796 Wexius
638 1762 702 1797 illa
727 1768 851 1797 tenere

135 1815 171 1844 et
196 1820 259 1854 pro
288 1821 360 1844 esse
389 1812 571 1856 corrigere
600 1817 686 1845 esset
701 1816 850 1844 conatus

135 1863 190 1893 est
214 1869 248 1902 p.
266 1859 321 1900 15,
348 1858 411 1892 sed
439 1859 529 1893 haec
553 1859 675 1893 colore
691 1859 850 1894 Tacitino

133 1917 279 1951 prorsus
304 1907 474 1941 destituta
499 1912 592 1941 sunt.
657 1908 851 1942 Rhenanus

134 1955 224 2000 quad
249 1954 363 1990 deleri
393 1955 550 1990 volebat.
585 1954 853 2001 componuntur

134 2003 332 2046 contraria,
372 2005 522 2048 primum
560 2015 652 2049 quae
677 2005 851 2051 Agricola

134 2052 287 2096 optavit,
314 2055 388 2085 tum
415 2062 507 2097 quae
529 2063 615 2087 vere
629 2059 847 2087 consecutus

134 2105 202 2135 est.
221 2099 282 2134 >De
308 2099 457 2134 Traiano
485 2101 663 2135 ominibus
683 2102 850 2148 votisque

133 2148 315 2182 hominnm
361 2148 405 2182 ad
453 2159 623 2183 summam
674 2150 850 2184 fortunam

132 2202 217 2231 ante
245 2196 422 2235 destinato
463 2198 508 2231 cf.
538 2198 606 2232 Dio
636 2198 761 2232 LXVII
795 2201 849 2241 12,

133 2244 271 2280 Plinius
297 2245 430 2291 Paueg.
457 2247 479 2280 5
505 2251 540 2279 et
566 2247 625 2281 94.

214 2304 280 2338 per
317 2293 510 2327 intervalla
548 2305 593 2327 ac
632 2295 849 2338 spiramenta

135 2347 344 2386 temporum:
374 2342 461 2385 ipsis
486 2342 706 2385 temporibus
731 2343 847 2375 anima

135 2391 214 2424 sive
239 2389 592 2434 spiritusvtribuitur,
621 2390 702 2422 dum
729 2391 848 2433 respi-

133 2442 212 2472 rant
235 2442 393 2483 tcmpora
410 2449 429 2471 a
451 2439 627 2483 sanguine
645 2442 680 2471 et
697 2438 846 2483 augori-

132 2486 210 2520 bus.
239 2486 388 2520 Sinistre
409 2486 565 2519 imitatus
579 2486 846 2519 estAmmianus

132 2534 361 2570 Marcellinus
395 2533 506 2568 xxlx
536 2537 548 2568 1
578 2535 613 2576 §.
641 2534 712 2569 40:
750 2546 846 2568 sum-

129 2589 291 2630 ptumque
317 2589 368 2616 est
393 2582 435 2616 de
460 2582 661 2626 quibusdam
682 2582 756 2615 sine
771 2584 844 2628 spi-

132 2636 290 2665 ramento
318 2630 373 2664 vel
396 2641 496 2664 mora
521 2630 738 2676 supplicium.

207 2699 293 2744 Cap.
319 2700 379 2735 45.

131 2749 274 2794 insigne
313 2749 432 2783 scelus
469 2753 671 2792 patraturus
705 2754 739 2783 et
780 2759 842 2788 se,-

131 2802 234 2830 natus
272 2808 486 2831 consensum
528 2802 716 2830 coacturus
748 2796 841 2831 idem

130 2845 320 2879 artificium
341 2845 748 2887 adhibuitDornitianus‚
770 2855 840 2891 quo

131 2893 306 2939 quondam
344 2905 428 2927 usus
467 2897 542 2927 erat
578 2893 670 2930 Nero
706 2895 741 2928 in
777 2894 838 2927 da-

130 2942 282 2976 mnando
309 2952 372 2987 per
399 2947 516 2987 patres
530 2941 683 2976 Thrasea
709 2947 745 2976 et
770 2943 840 2976 So-

129 3000 237 3037 rano3
262 3001 299 3026 v.
324 2989 434 3028 Tacit.
459 2990 542 3028 xvi
564 2991 623 3029 27.
665 2989 738 3027 Res
762 2991 841 3036 ipsa

443 2712 514 2734 non
538 2700 623 2734 vidie
650 2721 694 2726 —-
719 2702 843 2746 suyas:

339 1274 375 1309 3.
405 1274 578 1319 quondam
604 1275 741 1308 editor:
769 1277 832 1309 ΓΛ
860 1279 895 1308 et
921 1274 1138 1309 Puteolanus
1165 1275 1266 1319 quod.
1390 1274 1426 1309 8.

635 1325 689 1358 10.
719 1323 846 1356 charus
873 1326 905 1357 Γ
927 1328 961 1356 et
991 1323 1223 1365 Puteolanus,
1252 1322 1370 1356 clarus
1395 1324 1454 1358 A:
1483 1323 1640 1356 correxit

489 1372 609 1404 Mitius
637 1373 709 1413 ΓΔ,
739 1371 879 1405 Mettius
908 1371 961 1404 Al'
992 1382 1063 1416 mg.
1092 1373 1131 1411 Γ,
1161 1371 1284 1405 Nutius
1310 1372 1384 1412 711,
1412 1371 1539 1404 unicius
1566 1372 1637 1405 712.

1457 1274 1588 1308 clusum
1613 1276 1646 1310 Γ

1270 1418 1386 1455 hiatus
1417 1419 1558 1466 signum
1585 1423 1639 1455 est

921 1570 1064 1604 aliunde
1093 1580 1163 1604 non
1191 1570 1336 1617 cognita
1362 1575 1427 1605 est.
1465 1571 1504 1604 ln
1531 1570 1639 1605 femi-

920 1621 974 1652 nis
991 1619 1172 1653 nobilibus
1188 1621 1278 1653 actis
1303 1621 1338 1653 in
1367 1619 1514 1654 exilium
1535 1620 1638 1656 suere

922 1666 1086 1710 Gratilla,
1113 1678 1202 1700 uxor
1227 1667 1375 1701 Aruleni
1394 1668 1543 1710 Rustici,
1562 1667 1638 1702 Ar..

919 1717 988 1757 ria,
1003 1715 1178 1750 Thraseae
1200 1717 1342 1757 coniux,
1369 1717 1519 1761 Fannia,
1538 1717 1637 1750 cius-

920 1763 998 1796 dem
1026 1764 1121 1805 tilia3
1150 1775 1182 1798 v.
1205 1764 1309 1798 Plinii
1331 1763 1484 1808 Epistol.
1507 1763 1556 1798 ΙΙΙ
1581 1765 1636 1807 11,

920 1811 979 1844 ΥΠ
1012 1812 1075 1854 19,
1115 1812 1158 1846 Γ(
1191 1814 1244 1847 13.
1316 1812 1433 1846 Verba
1466 1812 1639 1847 obsessam

923 1860 1058 1893 curiam
1097 1866 1128 1894 et
1165 1860 1319 1894 clausum
1346 1862 1454 1894 armis
1479 1866 1637 1895 senatum

920 1909 1116 1952 respiciunt
1142 1919 1249 1943 unum
1267 1909 1419 1952 facinus,
1446 1919 1516 1943 uon
1534 1908 1636 1954 plura

919 1958 1027 1990 variis
1052 1958 1270 2002 temporibus
1295 1962 1474 2002 suscepta,
1500 1962 1538 1991 ut
1558 1956 1635 1991 cla-

919 2016 993 2038 rum
1023 2017 1066 2039 ex
1094 2006 1214 2039 eadem
1239 2010 1388 2051 strage3
1423 2006 1469 2040 cf.
1498 2005 1634 2040 Plinius

916 2053 1031 2097 Epist.
1069 2053 1117 2087 ΙΙΙ
1157 2056 1211 2088 11.
1277 2054 1443 2087 Ceterum
1478 2054 1635 2087 imitatus

920 2107 973 2135 est
1000 2101 1140 2135 Tacitus
1173 2102 1383 2136 Ciceronem
1418 2102 1462 2136 de
1498 2101 1555 2136 Or.
1584 2101 1634 2137 111

919 2152 959 2184 2:
986 2162 1058 2184 non
1081 2152 1167 2184 tidie
1188 2150 1244 2195 (L.
1275 2149 1440 2195 Crassus)
1470 2152 1633 2196 flaqran..

919 2205 985 2232 tem
1021 2198 1108 2232 bello
1137 2199 1302 2240 lentiam,
1346 2210 1416 2231 non
1453 2199 1633 2233 ardentem

917 2247 1052 2280 invidia
1077 2253 1255 2289 senatum,
1288 2257 1358 2278 non
1399 2247 1541 2279 sceleris
1566 2257 1632 2279 ne-

915 2296 1005 2339 farii
1023 2296 1202 2339 principes
1228 2294 1379 2327 civitatis
1403 2305 1493 2327 reos.
1546 2292 1632 2327 imi..

917 2347 1009 2375 tator
1044 2347 1186 2382 tamen,
1222 2341 1256 2373 id
1293 2340 1387 2385 quod
1420 2342 1480 2374 uni
1507 2340 1628 2375 Tacito

917 2391 1086 2435 contigit,
1114 2394 1259 2422 auctore
1286 2398 1351 2421 suo
1379 2389 1626 2432 praestantior.

986 2472 1059 2494 una
1085 2460 1201 2494 adhuc
1225 2460 1374 2494 victoria
1408 2459 1522 2494 Carus
1549 2460 1628 2495 Me.-

915 2509 981 2542 tius
993 2509 1216 2542 censebatur:
1226 2514 1304 2553 post
1317 2509 1511 2542 extinctum
1522 2508 1630 2554 Agri-

915 2557 1029 2590 colam
1055 2557 1184 2591 inultas
1214 2562 1248 2591 et
1276 2562 1440 2590 cruentas
1459 2558 1628 2591 victorias

913 2616 933 2638 a
959 2616 998 2639 se
1018 2610 1264 2640 accusatorum
1280 2605 1359 2639 tulit
1378 2605 1517 2646 Metius,
1534 2605 1626 2638 uude

914 2653 1118 2687 hominibus
1145 2655 1258 2698 patuit
1282 2653 1392 2686 multo
1417 2653 1626 2696 nequiorem

913 2712 993 2736 esse
1018 2713 1121 2747 quam
1146 2703 1256 2746 prima
1282 2701 1432 2735 victoria
1459 2711 1538 2734 eum
1561 2709 1626 2733 co·-

912 2756 1123 2794 gnovcrant.
1194 2750 1246 2783 De
1273 2750 1380 2783 Metio
1413 2749 1458 2782 cf.
1490 2746 1625 2783 Plinius

910 2798 1022 2842 Epist.
1056 2799 1122 2839 15,
1152 2797 1208 2831 Vll
1238 2797 1279 2831 19
1311 2801 1345 2830 et
1372 2797 1429 2830 27.
1469 2795 1624 2830 luvena-

911 2846 955 2879 lis
986 2846 997 2879 Ι
1027 2846 1073 2881 36
1098 2851 1134 2880 et
1156 2844 1294 2878 scholia
1322 2843 1364 2877 ad
1388 2854 1421 2878 v·
1441 2845 1501 2878 35.
1529 2844 1623 2878 Mar*

911 2893 1006 2927 tialis
1030 2893 1088 2927 ΧΠ
1114 2895 1159 2928 25
1188 2894 1221 2927 5.

982 2943 1081 2975 intra
1105 2941 1281 2975 Albanam
1305 2952 1423 2976 arcem
1449 2942 1623 2975 sententia

909 3010 923 3026 t
939 2988 1123 3026 Messalini
1141 2989 1335 3037 strepebat:
1349 2988 1509 3027 Catullus
1523 2988 1620 3029 Mes..
