1768 3216
146 210 237 261 με
263 212 357 251 σι’
687 207 826 247 unna
847 209 876 246 1.
928 208 1018 248 cn.
1043 209 1202 247 36-37.
1600 205 1650 243 4³

119 330 346 375 ·bitabitur
385 332 680 386 imperatorem
718 331 861 386 populi
900 330 1079 373 Romani
1125 329 1174 370 in
1213 327 1365 371 castris
1404 338 1459 370 an
1499 325 1663 368 bostem

147 407 351 451 babeatis.
410 407 635 450 Auditisne
666 411 709 450 ut
737 419 874 462 poena
905 420 997 449 mea
1028 410 1069 448 et
1097 405 1349 460 supplicium
1378 407 1564 446 vestrum
1594 402 1662 444 si-

146 483 232 526 mul
259 483 551 539 postulentur?
582 482 705 525 Adeo
736 482 1003 525 manifestum
1026 485 1090 523 est
1108 492 1245 536 neque
1267 480 1408 535 perire
1423 490 1503 520 nos
1524 488 1664 533 neque

149 559 293 603 salvos
320 570 419 602 esse
450 558 531 600 nisi
563 570 643 601 una
674 569 816 613 posse.
862 556 914 598 Et
945 556 1063 598 culus
1093 555 1276 598 lenitatis
1308 558 1371 596 est
1403 553 1548 605 Galba,
1580 552 1663 594 iam

147 635 330 678 fortune
359 633 573 688 promisit,
606 637 650 674 ut
680 634 750 688 qui
781 633 894 675 nullo
927 635 1186 687 exposcente
1217 635 1278 672 tot
1308 629 1420 672 milia
1452 629 1696 674 innocen-5

147 709 404 754 tissimorum
435 709 607 751 militum
638 708 926 752 trucidaverit.
988 707 1151 748 Horror
1181 706 1363 748 animum
1393 704 1520 755 subit,
1553 714 1665 758 quo-

147 784 257 826 tiens
286 784 496 826 recordor
526 784 700 826 feralem
740 783 954 824 introitum
995 785 1038 823 et
1077 781 1187 823 hanc
1229 781 1364 823 solam
1406 779 1565 821 Galbae
1595 778 1665 819 vi-

151 859 344 912 ctoriam5
377 871 471 901 cum
502 859 545 900 in
576 859 712 901 oculis
742 859 859 900 urbis
889 856 1109 900 decumari
1139 856 1305 898 deditos
1338 855 1524 906 iuberet,
1558 865 1663 907 quos

94 933 103 942 χ
149 934 427 990 deprecantes
458 935 501 976 in
531 934 655 977 fidem
686 938 922 989 acceperat.
982 933 1057 975 His
1088 932 1288 987 auspiciis
1321 931 1467 972 urbem
1492 930 1665 984 ingres-

148 1021 245 1064 sus,
283 1021 409 1065 quam
449 1011 630 1066 gloriam
668 1010 721 1052 ad
758 1010 1038 1065 principatum
1078 1008 1212 1051 attulit
1241 1007 1324 1049 nisi
1357 1006 1492 1048 occisi
1525 1004 1661 1047 Obul-
1680 1019 1720 1049 ιο

150 1085 278 1129 tronii
307 1085 454 1129 Sabini
482 1089 525 1127 et
555 1085 743 1127 Cornelii
771 1084 962 1127 Marcelli
992 1085 1035 1125 in
1065 1083 1294 1138 Hispania,
1325 1081 1444 1123 Betui
1475 1079 1665 1122 Chilonis

150 1160 194 1203 ia
214 1161 363 1214 Gallia,
395 1161 541 1205 Fontei
561 1161 779 1216 Capitonis
801 1161 844 1202 in
865 1159 1103 1212 Germania,
1123 1158 1260 1201 Clodii
1280 1158 1412 1200 Macri
1435 1157 1478 1198 in
1499 1156 1664 1207 Africa,

152 1237 352 1293 Cingonii
382 1237 426 1279 in
454 1238 546 1290 via,
584 1237 816 1292 Turpiliani
854 1237 897 1277 in
935 1236 1066 1288 urbe,
1117 1234 1359 1290 Nymphidii
1400 1234 1441 1273 in
1482 1231 1666 1274 castris?

154 1312 272 1362 Quae
313 1323 490 1366 usquam
528 1312 775 1366 provincia,
825 1324 932 1366 quae
972 1315 1111 1353 castra
1152 1313 1248 1352 sunt
1288 1309 1370 1350 nisi
1411 1310 1585 1351 cruenta
1626 1310 1669 1350 et

151 1387 374 1440 maculata,
405 1392 477 1430 aut
503 1392 549 1430 ut
578 1388 668 1443 ipse
698 1388 929 1443 praedicat,
961 1386 1183 1430 emendata
1215 1389 1257 1428 et
1288 1384 1513 1428 correcta?
1561 1383 1718 1427 Namts

153 1474 261 1519 quae
290 1463 363 1507 alii
392 1463 580 1517 seelera,
623 1464 691 1506 hic
731 1463 919 1506 remedia
950 1467 1098 1515 vocat,
1145 1462 1242 1504 dum
1274 1461 1392 1503 falsis
1425 1459 1665 1502 nominibus

153 1535 421 1584 severitatem
450 1548 526 1596 pro
559 1540 758 1594 saevitia,
788 1539 1091 1595 parsimoniam
1120 1550 1196 1594 pro
1229 1536 1430 1589 avarit1a‚
1463 1534 1666 1590 supplicia

153 1618 197 1658 et
225 1614 500 1660 contumelias
529 1620 692 1658 vestras
723 1615 987 1670 disciplinam
1017 1614 1207 1670 appellat.
1253 1614 1418 1667 Sept-em
1443 1625 1465 1653 a
1486 1611 1666 1654 Neronis

154 1689 236 1733 fine
266 1702 433 1732 menses
464 1695 575 1745 sunt,
608 1696 648 1733 et
679 1692 761 1733 iam
790 1691 882 1745 plus
913 1691 1049 1744 rapuit
1074 1689 1208 1731 Icelus
1241 1701 1363 1745 quam
1395 1687 1506 1742 quod
1537 1686 1667 1743 Poly-
1686 1700 1759 1754 ἃς

156 1764 243 1807 cliti
273 1769 314 1807 et
343 1765 498 1808 Vatinii
529 1770 569 1807 et
599 1765 708 1808 Helii
750 1766 957 1830 peQum
997 1766 1147 1823 ierunt.
1206 1765 1368 1807 Minore
1408 1762 1584 1806 avaritia
1615 1771 1719 1825 acpo

296 1870 328 1905 1.
353 1849 482 1907 mo:
510 1868 563 1906 Ma
588 1870 647 1904 aa.
748 1873 783 1908 2.

155 1917 190 1955 9.
225 1917 423 1964 del-maun
457 1917 524 1954 Ha.

155 1977 334 2012 superscr.
363 1967 397 2005 l:
423 1967 615 2003 obulcronit
639 1967 754 2003 albini
781 1969 820 2005 (i.

807 1882 929 1917 paena
953 1870 1020 1906 Ma.
1118 1869 1155 1908 6.
1182 1869 1331 1904 militum
1357 1866 1430 1904 Ma:
1470 1868 1598 1903 civium
1624 1826 1687 1911 (ἒξ
1710 1900 1722 1915 --.

623 1920 680 1956 10.
722 1919 928 1955 obultroniis
955 1920 1054 1955 abins·
1080 1917 1146 1961 Ma,
1169 1918 1300 1953 litteris
1332 1918 1376 1952 ab
1411 1928 1432 1951 a
1457 1927 1564 1952 manu
1590 1911 1726 1950 reos*
1739 1889 1768 1945 ᾖ

900 1971 957 2004 11.
985 1968 1105 2006 malim
1132 1968 1279 2003 Cilonis.
1350 1969 1406 2003 12.
1433 1966 1545 2010 fontei
1567 1963 1665 2001 GMfl.
1689 1979 1708 1998 z
1762 1969 1768 1984 ³

159 2017 216 2051 13.
251 2015 432 2062 nymphidi
456 2016 523 2051 Ma.
611 2019 667 2053 14.
695 2029 784 2062 quae
812 2019 850 2053 in
877 2019 1005 2052 castris
1028 2018 1102 2054 Ma:
1132 2029 1221 2062 quae
1248 2022 1370 2051 castra
1400 2015 1428 2050 G
1496 2015 1550 2051 16.
1584 2014 1668 2048 aliis

156 2063 233 2100 21²³:
260 2064 327 2102 alii
352 2064 392 2100 G.
497 2066 552 2103 17.
574 2078 644 2101 sev.
672 2065 739 2102 Ma.
840 2068 900 2103 20.
927 2067 1045 2103 natio-o·
1068 2065 1166 2105 Gala.
1235 2071 1268 2102 et
1294 2065 1389 2101 Helii
1410 2064 1587 2115 perditum
1611 2065 1668 2098 ie-

155 2119 241 2149 runt
264 2114 409 2153 editors
436 2113 492 2149 Ma
517 2120 552 2150 et
577 2115 727 2160 aequal-‘0'
750 2117 948 2163 perierunt.

157 2206 292 2242 arbiter
317 2218 389 2254 quo
414 2208 530 2244 vellet
558 2209 748 2255 impellere
774 2211 875 2247 mili-

156 2260 212 2296 ‘⁶8
237 2262 373 2301 posset.

947 2232 993 2239 —-
1019 2210 1112 2255 quod
1137 2231 1183 2238 --
1205 2210 1427 2256 praepositos
1451 2215 1667 2255 procurato-

946 2271 1068 2304 resque
1093 2259 1264 2305 supplicio
1290 2259 1417 2305 capitis
1442 2259 1641 2302 adfecisset.

228 2303 316 2350 Cap.
343 2306 404 2341 37.
458 2312 507 2341 tot
539 2308 640 2342 milia
664 2309 741 2342 inu.
767 2307 841 2343 mil.
862 2319 873 2342 .·

156 2358 277 2387 orator
302 2364 378 2388 rem
406 2354 588 2390 invidiose
617 2361 748 2402 auget;
776 2367 810 2390 v.
841 2368 873 2391 0.

156 2401 180 2437 6
203 2401 328 2447 ibique
354 2408 512 2437 annotat.
629 2406 739 2439 occisi
765 2405 875 2440 Obul-

156 2451 267 2485 tronis·
290 2451 419 2486 Sabini
451 2458 485 2486 et
512 2453 672 2487 Cornelii
708 2454 877 2488 Marcelli

155 2500 398 2545 inHispania:
426 2501 524 2545 prior
549 2503 678 2536 aerarii
706 2508 876 2548 quaestor

157 2549 319 2593 principe
345 2549 489 2586 Nerone
515 2561 547 2584 a.
576 2551 622 2586 56
650 2551 779 2596 (Tacit.
794 2552 874 2586 Mil

155 2597 241 2642 28),
267 2597 359 2632 alter
381 2598 510 2634 eodem
538 2601 736 2644 imperante
764 2612 796 2636 a.
826 2601 873 2635 65

155 2645 380 2689 periclitatus
405 2647 584 2682 Neronem
618 2649 713 2683 circa
739 2661 875 2684 summa

154 2693 295 2730 scelera
323 2694 519 2731 distentum
550 2701 730 2742 tamquam
755 2699 873 2733 minor

156 2744 292 2777 evasit:
310 2743 389 2778 xvi
404 2744 439 2779 8.
470 2743 627 2791 Uterque
651 2747 687 2781 in
702 2746 872 2791 Hispania

157 2789 293 2836 legioni
332 2794 559 2838 praepositus
588 2793 732 2828 videtur
759 2796 873 2830 fuisse

157 2844 218 2872 aut
240 2846 451 2884 procurator
478 2841 662 2885 Caesaris3
692 2843 787 2878 idem
814 2844 872 2878 di-

160 2886 310 2923 cendum
335 2890 381 2926 de
406 2890 524 2926 Betuo
551 2890 707 2926 Chilone
734 2893 768 2925 in
786 2892 872 2928 Gal-

157 2934 206 2970 lia
235 2937 370 2976 occino.
395 2938 451 2974 cf.
469 2941 661 2975 Suetonius
676 2940 789 2976 Galba
807 2943 871 2978 12:

152 2992 402 3030 praet-estem
430 2988 472 3027 dc
507 2999 547 3025 eo
580 2991 680 3036 fama
703 2990 873 3025 saevitiae

1020 2308 1121 2342 Betui
1144 2308 1330 2342 Chilonis.-
1358 2307 1451 2351 apud
1478 2307 1669 2341 Gruterum

946 2367 980 2401 p.
991 2357 1063 2392 375
1081 2360 1106 2392 4
1121 2355 1160 2390 C.
1189 2356 1355 2391 BETVO.
1378 2355 1477 2390 TRO.
1502 2355 1666 2391 CtLOM.

946 2405 1038 2440 Hinc
1066 2405 1201 2440 Cilonis
1241 2416 1305 2450 pro
1334 2405 1494 2439 Chilonis
1531 2406 1668 2439 rescri-

945 2454 1101 2489 bendum
1128 2455 1282 2489 videtur.
1311 2454 1419 2489 Certe
1447 2454 1571 2490 Iunius
1589 2454 1667 2488 cilo

945 2505 1151 2537 nominatur
1177 2503 1239 2538 Xll
1265 2506 1324 2540 21.

1019 2564 1109 2597 quae
1136 2559 1257 2588 castra
1281 2558 1384 2587 sunt:
1415 2554 1542 2586 vitium
1572 2553 1609 2586 iu
1639 2553 1666 2586 B

946 2601 998 2636 ³1³
1025 2613 1115 2647 quae
1140 2603 1178 2635 ιἰι
1202 2603 1328 2637 casta-is
1342 2607 1423 2635 sunt
1445 2601 1528 2635 inde
1545 2612 1666 2636 emer-

945 2652 990 2683 sit
1017 2651 1111 2695 quod
1138 2651 1306 2684 librarius
1332 2651 1375 2684 ad
1404 2661 1530 2684 versus
1558 2660 1666 2693 prae-

946 2698 1107 2733 cedentis
1143 2700 1253 2734 verba
1283 2699 1489 2744 Nymphidii
1525 2699 1564 2731 in
1600 2708 1667 2730 ca..

943 2747 1026 2783 stris
1060 2748 1177 2782 oculis
1220 2749 1295 2790 suis
1333 2748 1524 2780 aberravit.
1589 2746 1667 2780 Non

944 2805 1141 2840 monerem,
1170 2798 1236 2830 nisi
1254 2795 1460 2829 Waltherus
1480 2794 1571 2829 banc
1588 2805 1667 2828 ma..

947 2844 1063 2879 culam
1090 2847 1126 2878 in
1160 2845 1281 2889 operis
1309 2848 1515 2877 contextum
1550 2843 1667 2878 admi-

946 2894 1066 2927 sisset.

1018 2947 1050 2975 ει
1078 2941 1172 2975 Helii
1202 2941 1377 2986 perditum
1414 2942 1554 2975 ierunt:
1597 2951 1661 2986 pro

946 2989 1039 3024 Helii
1065 2988 1248 3024 Mediceus
1285 2988 1453 3036 aeqiah'i,
1488 2988 1521 3025 A
1546 2991 1603 3036 egi
1627 2996 1660 3027 et
