1768 3216
101 226 188 264 2170.
214 229 273 264 70.

643 224 781 262 'LIBER
807 227 850 262 V.
904 226 991 262 Cn.
1020 227 1054 262 5.

1525 221 1598 258 ³81

100 343 267 399 gandae
294 346 432 385 tamen
461 341 711 384 multitudini
742 341 984 384 consulitur.
1044 340 1149 382 Nam
1183 343 1224 382 et
1260 351 1415 381 necare
1453 350 1603 393 quem-

102 427 224 472 quam
254 431 309 460 ex
337 418 502 473 agnatis
530 418 664 470 nefas,
700 417 946 470 animosque
974 415 1137 470 proelio
1164 418 1235 456 aut
1262 413 1477 468 suppliciis
1503 425 1606 468 per-

100 477 556 547 emptorum-'Rem
583 494 739 545 putant.

814 490 921 531 Hinc
953 488 1189 544 generandi
1208 499 1326 530 amor
1342 491 1384 529 et
1399 486 1606 530 moriendi

104 570 376 620 contemptus,
419 565 606 620 Corpora
636 563 823 606 condere
841 575 962 618 quam
982 575 1172 605 cremare
1191 576 1215 605 e
1234 573 1351 604 more
1370 560 1605 617 Aegyptio:

104 639 336 694 eademque
364 651 464 682 cura
496 643 537 681 et
566 639 620 680 de
648 638 824 681 infernis
857 637 1090 692 persuasio.

108 713 308 769 Aegyptii
337 714 538 768 pleraque
567 712 762 755 animalia
794 712 1041 767 effigiesque
1062 710 1315 765 compositas
1331 713 1585 752 venerantur
1595 722 1608 759 ;
1635 735 1768 785 “m-‘f

105 787 247 831 ludaei
277 792 417 830 mente
446 787 537 830 sola
567 798 777 851 unumque
807 797 959 828 numen
986 785 1258 839 intellegunt:
1296 784 1497 839 profanos
1536 782 1606 838 qui

743 838 871 854 ‚W'‘

0 914 4 930 =.
24 859 232 921 Qdeum
263 862 471 918 imagines
505 849 755 917 mortalibus*
779 860 967 902 materiis
998 859 1041 900 in
1071 858 1238 913 species
1254 858 1465 908 bominum
1486 857 1614 899 effin-

564 914 681 928 Ν

110 941 236 992 gant3
283 948 488 979 summum
524 935 622 977 illud
654 922 696 977 et
726 939 939 976 aeternum
970 945 1108 987 neque
1137 932 1338 974 imitabile
1366 943 1504 986 neque
1543 932 1614 972 in-
1644 920 1674 993 7:

108 1009 339 1053 teritumm.
385 1011 523 1066 Igitur
546 1009 659 1052 nulla
689 1008 912 1051 simulacra
941 1007 1115 1050 urbibus
1147 1007 1250 1059 suis,
1280 1006 1432 1049 nedum
1449 1005 1613 1059 templis
1628 996 1667 1049 io

248 1152 280 1185 1.
308 1162 430 1197 quenq.
454 1150 519 1187 Ma.

111 1199 151 1235 G.
225 1203 261 1236 4.
288 1212 341 1247 ες.
368 1199 434 1235 Ma.

116 1327 173 1357 ter
198 1321 332 1356 dictum
369 1332 434 1367 pro
461 1323 616 1368 quamvis
639 1322 831 1368 proiectis-

115 1373 206 1406 sima
230 1370 278 1404 ad
302 1370 362 1405 lib.
388 1383 484 1416 qens.
539 1370 594 1405 De
619 1370 830 1405 Iudaeorum

116 1420 289 1454 adversus
329 1418 553 1466 alienigenas
600 1419 683 1453 odio
725 1421 832 1453 etiam

115 1468 295 1503 Diodorus
331 1468 368 1501 iu
405 1469 584 1513 excerptis
618 1468 643 1502 l.
671 1467 832 1510 XXMV,

116 1516 357 1551 Philostratus
385 1518 422 1551 in
450 1517 647 1562 Apollonio
678 1517 707 1550 V
739 1519 794 1551 11.

188 1566 287 1599 inter
310 1577 347 1599 se
371 1565 463 1599 nibil
486 1565 661 1599 inlicitum
675 1576 688 1598 .·
729 1564 755 1598 T
756 1565 834 1598 aci-

116 1617 173 1647 tus
198 1613 270 1648 boc
294 1613 467 1648 iudicium
503 1615 663 1659 iniquum
700 1623 835 1647 conce-

117 1663 170 1707 pit
186 1673 232 1696 ex
255 1662 520 1696 narrationibus
536 1662 580 1696 de
595 1663 740 1695 immani
755 1671 836 1694 mo-

116 1721 195 1744 rum
237 1713 468 1755 corruptione
486 1737 496 1754 ,
558 1721 628 1756 qua
669 1720 835 1756 magnam

119 1764 256 1805 partem
298 1760 454 1794 infectus
490 1765 567 1793 erat
592 1758 747 1803 populus
771 1757 834 1791 Iu-

125 1808 296 1842 daeorum
322 1808 432 1853 paulo
461 1813 545 1842 ante
578 1807 703 1841 urbem
738 1817 851 1844 suam,

120 1855 293 1892 deletam.

201 1910 423 1939 contemnere
444 1905 547 1940 deos.-
572 1903 838 1938 multitudinem

124 1953 273 1988 deorum
299 1954 490 2000 gentilium
518 1960 702 1998 spernere,
729 1962 838 1985 unum

121 2002 226 2036 deum
252 2003 418 2036 venerari
444 2001 706 2036 imbuebantur.

194 2049 283 2085 vilia
307 2051 459 2085 habere.-
486 2050 574 2085 vitia
589 2050 745 2094 scripsit,
767 2058 839 2083 non

121 2099 208 2134 viles
225 2125 235 2142 ,
267 2104 307 2133 ut
341 2105 509 2146 parentes
544 2103 580 2133 et
625 2098 752 2133 liberos
796 2096 840 2131 ad

124 2153 281 2183 mentem
306 2148 517 2183 ludaeorum
553 2152 732 2192 tamquam
770 2157 839 2187 res,

123 2206 196 2230 non
222 2207 406 2241 personas,
432 2200 731 2241 repraesentaret.
785 2193 839 2228 Cf.

125 2249 247 2279 annot.
276 2245 319 2279 ad
347 2245 362 2279 1
387 2245 447 2280 46.

200 2304 333 2327 necare
366 2304 568 2338 quemquam
606 2304 650 2326 ea:
675 2292 841 2337 agnatis.-

127 2341 219 2375 baec
244 2341 340 2376 dicta
365 2346 449 2375 sunt
474 2340 518 2374 ad
541 2349 675 2374 morem
709 2340 844 2373 Roma-

127 2399 281 2433 norum;
310 2396 460 2435 agnatos
491 2388 563 2434 (die
590 2388 844 2433 Nachyebore-

128 2442 212 2484 nen)
241 2437 408 2484 intellige
435 2449 480 2472 ex
505 2439 685 2471 sententia
711 2437 844 2470 Roma-

129 2497 256 2520 norum
283 2496 358 2530 eos,
390 2487 451 2533 qni
477 2490 558 2531 post
584 2495 770 2519 numerum
796 2485 844 2518 li-

129 2530 295 2570 beforum
338 2546 359 2568 a
402 2534 610 2580 parentibus
660 2533 844 2568 definitum

130 2584 218 2629 ipsis
243 2583 368 2618 invitis
393 2588 600 2618 nascuntur.
635 2582 690 2617 cf.
714 2581 754 2616 G.
784 2581 842 2616 19:

126 2644 309 2667 numerum
323 2632 514 2666 liberorum
525 2632 631 2675 finire
648 2636 709 2664 aut
726 2641 845 2675 quem-

129 2692 233 2726 quant
267 2692 310 2713 ea:
336 2681 477 2725 aquatis
509 2690 640 2713 necare
672 2679 843 2723 {layt'tium

129 2729 290 2762 liabetur.
328 2727 383 2763 De
409 2738 448 2762 re
462 2727 637 2772 Iosephus
664 2738 694 2760 c.
708 2726 843 2770 Apion.
871 2723 877 2725 '

199 2823 336 2870 proelio
362 2829 423 2858 aut
448 2824 629 2870 suppliciis
645 2829 844 2870 perempto-

131 2883 229 2908 rum.-
253 2871 427 2919 supplicia
450 2872 618 2918 intellige
643 2882 715 2906 non
737 2873 843 2915 iusta,

132 2921 196 2957 sed
222 2931 315 2967 quae
342 2921 386 2955 ab
413 2920 576 2955 hostibus
601 2920 768 2955 tolerant.

206 2969 359 3006 condere
385 2981 489 3016 quam
515 2980 673 3004 cremare
691 2995 702 3013 ‚
744 2969 780 3003 h.
812 2980 843 3004 e.

618 1153 652 1186 2.
678 1150 815 1185 animos
841 1170 887 1176 —
916 1155 1080 1184 aeternos
1104 1147 1184 1183 Ma:
1209 1149 1349 1183 animas
1375 1168 1420 1175 —
1446 1152 1613 1181 aeternas

534 1200 568 1235 7.
593 1199 798 1246 prophanas
824 1196 920 1233 Gna.

1018 1197 1054 1233 9.
1080 1196 1255 1232 imitabile
1278 1196 1353 1231 Ma:
1379 1195 1545 1231 mutabile
1573 1194 1613 1230 G.

901 1319 1058 1355 condere
1103 1320 1224 1364 potius
1262 1323 1356 1353 terra
1393 1328 1497 1363 quam
1533 1327 1614 1351 cre-

900 1380 996 1403 mare
1022 1378 1124 1414 rogo.
1151 1367 1207 1401 De
1232 1369 1364 1401 omissa
1381 1367 1528 1400 notione
1546 1377 1615 1412 po-

902 1419 968 1452 lius
1005 1418 1051 1452 cf.
1082 1417 1125 1450 ad
1152 1415 1232 1449 XIlI
1259 1415 1294 1450 6.
1430 1415 1617 1459 eademque

903 1477 1018 1501 cura.-
1052 1466 1202 1510 respicit
1237 1474 1355 1498 curam
1382 1463 1526 1497 lavandi
1554 1473 1618 1496 ca-

903 1516 1057 1557 damis,
1084 1518 1200 1556 veste,
1227 1514 1423 1559 unguentis
1439 1539 1448 1555 ‚
1475 1512 1617 1546 arom'a-

901 1565 948 1597 tis
973 1562 1187 1604 instruendi,
1215 1566 1285 1595 cet.

965 1617 998 1645 et
1022 1612 1064 1645 de
1087 1610 1240 1655 infernis
1261 1610 1468 1655 persuasio.-
1495 1608 1618 1642 ludaei

905 1660 1047 1694 scilicet
1090 1661 1228 1693 animos
1265 1657 1405 1702 proelio
1443 1662 1503 1691 ant
1532 1666 1620 1701 sup-

904 1708 1023 1753 pliciis
1052 1712 1317 1752 peremptorum
1346 1711 1513 1740 aeternos
1550 1715 1621 1750 pu—

905 1762 991 1792 tant.
1023 1756 1278 1802 DeAegyptiis
1303 1766 1338 1789 v.
1352 1754 1499 1789 Diodor.
1517 1753 1546 1788 ΙΙ
1561 1754 1620 1789 93.

978 1806 1179 1839 caelestium
1212 1809 1364 1838 contra.-
1410 1803 1444 1837 h.
1472 1815 1504 1838 e.
1537 1813 1623 1847 per-

907 1856 1027 1888 suasio
1062 1853 1272 1888 caelestium
1314 1853 1393 1886 sive
1421 1851 1466 1885 de
1497 1851 1622 1886 caele-

906 1903 1019 1937 stibus
1045 1901 1250 1936 numinibus
1290 1905 1415 1935 contra
1449 1911 1488 1935 se
1516 1899 1625 1934 babet

908 1952 1001 1996 apud
1027 1951 1178 1985 ludaeos
1202 1955 1312 1994 atque
1338 1950 1553 1995 Aegyptios

991 2001 1188 2046 esfiyiesque
1234 1999 1443 2044 compositas
1465 2024 1475 2040 ‚
1515 1997 1552 2031 h.
1590 2007 1623 2030 e.

909 2059 952 2082 ex
995 2048 1148 2082 bumana
1183 2047 1307 2091 specie
1345 2052 1381 2081 et
1418 2046 1625 2080 animalium

910 2098 1034 2131 formis
1057 2098 1275 2141 compositas
1292 2122 1301 2138 ‚
1341 2095 1455 2130 veluti
1481 2094 1624 2129 Anubin

911 2147 1040 2180 canino
1068 2145 1206 2190 capite,
1231 2143 1356 2178 lovem
1382 2144 1500 2188 capite
1528 2144 1626 2176 arie-

909 2196 1005 2238 tino;
1032 2205 1067 2229 v.
1095 2193 1266 2227 Herodot.
1293 2193 1325 2226 11
1352 2193 1411 2228 40.
1464 2190 1624 2225 luvenal.

911 2243 984 2276 XV.
1023 2242 1168 2286 loseph.
1207 2246 1331 2275 contra
1365 2241 1495 2285 Apion.
1538 2239 1626 2274 125

913 2297 948 2325 et
973 2291 1032 2326 28.
1253 2324 1256 2325 γ

984 2345 1098 2372 mente
1115 2337 1193 2371 sola
1212 2348 1386 2382 unumque
1411 2346 1538 2369 numen
1566 2335 1626 2368 in-

915 2386 1104 2432 tellegunt.-
1133 2386 1201 2420 boc
1230 2385 1316 2419 dicit
1344 2388 1379 2419 et
1403 2395 1490 2418 vere
1517 2383 1629 2417 refert

914 2435 958 2469 de
984 2434 1140 2477 Iudaeis,
1168 2434 1293 2480 quales
1311 2434 1461 2468 Romani
1487 2433 1628 2478 cogrno-

913 2489 1043 2517 verunt
1077 2483 1193 2529 (conf.
1234 2482 1304 2516 Dio
1351 2480 1627 2526 xxxv1117):

913 2532 1092 2577 prioribus
1118 2531 1338 2576 temporibus
1373 2535 1409 2564 et
1434 2530 1628 2574 praecipue

915 2586 998 2615 ante
1031 2580 1178 2614 exilium
1214 2581 1321 2614 etiam
1355 2578 1476 2612 ludaei
1519 2587 1628 2620 saepe

915 2630 952 2662 in
977 2629 1218 2663 idololatriam
1246 2628 1402 2673 prolapsi
1430 2631 1522 2659 sunt.
1569 2625 1628 2658 Si-

914 2678 1015 2712 milia
1043 2677 1087 2711 de
1115 2677 1298 2711 Germanis
1324 2675 1430 2709 tradit
1458 2674 1496 2707 G.
1525 2673 1558 2708 9.

984 2729 1156 2772 profanos
1183 2726 1242 2769 qui
1260 2745 1305 2750 —
1325 2724 1513 2767 effinyant:
1540 2730 1627 2765 pro-

912 2775 1016 2808 fanus
1037 2775 1071 2808 h.
1102 2773 1126 2807 l.
1155 2774 1214 2818 qui
1244 2781 1344 2805 sacra
1370 2770 1520 2816 vulgare
1546 2779 1628 2803 sus..

915 2823 1026 2865 tinet,
1076 2822 1152 2855 sere
1190 2820 1225 2853 id
1252 2819 1347 2864 quod
1371 2820 1525 2865 impius,
1561 2829 1629 2852 ne·-

914 2871 1041 2915 sarius.

986 2919 1096 2963 igitur
1130 2916 1231 2950 nulla
1265 2915 1458 2950 simulacra
1488 2914 1631 2950 urbibus

916 2968 987 3002 suis
1004 2993 1014 3010 ‚
1047 2965 1174 3000 nedum
1201 2965 1335 3013 templis
1361 2966 1506 3002 sinunt.-
1541 2969 1629 3000 lesn-

1164 636 1414 678 Caelestium
1445 639 1605 679 contra.
1620 652 1639 681 ⁵

1607 831 1624 845 ὀ

1625 805 1768 906 &a

1676 888 1742 980 22.
