1768 3216
135 233 208 268 ³84

727 226 1032 263 HlsTontARVM
1424 238 1456 262 a.
1483 236 1519 262 u.
1544 225 1629 263 823.

131 352 256 391 vento
289 347 508 401 impellitur
548 356 683 399 neque
725 345 864 398 pisces
898 349 966 387 aut
996 347 1135 386 suetas
1180 344 1296 398 aquis
1325 343 1521 387 volucres
1551 357 1630 399 pa-

133 423 239 464 titur.
291 422 476 462 Incertae
506 420 644 461 undae
675 420 925 474 superiacta,
959 423 1004 460 ut
1033 419 1184 471 solido,
1218 418 1376 470 ferunt3
1404 417 1528 472 periti
1546 418 1632 459 im-

131 496 332 550 peritique
362 484 490 535 nandi
519 485 979 548 perinde‘at‘tfflluntur.
1022 493 1146 535 Certo
1179 493 1277 534 anni
1308 492 1492 534 bitumen
1523 499 1632 547 ege-

130 570 183 612 rit
194 583 206 621 ;
239 570 354 610 cuius
386 569 555 623 legendi
585 581 721 622 usum,
752 572 796 609 ut
827 571 989 610 ceteras
1025 572 1151 620 artes,
1186 567 1443 621 experientia
1474 565 1629 608 docuit.

99 644 234 685 6Ater
263 647 406 697 suapte
437 647 581 684 natura
613 643 750 697 liquor
781 647 822 683 et
850 654 996 696 sparso
1030 646 1151 684 aceto
1192 646 1414 684 concretus
1459 641 1632 685 innatat.

129 718 245 760 Hunc
275 731 396 760 manu
429 722 612 772 captum,
646 718 793 771 quibus
823 731 871 759 ea
904 729 1017 769 cura,
1046 717 1088 757 in
1117 729 1275 759 summa
1301 715 1420 758 navis
1440 714 1630 757 trahunt:

22 821 42 833 -.
63 799 94 842 '1
129 794 226 835 inde
255 794 367 835 nullo
402 793 568 836 iuvante
599 792 732 857 influit
747 796 1014 856 oneratque,
1068 791 1205 833 donec
1246 790 1485 833 abscindas.
1545 788 1633 832 Nec

14 864 53 925 jlf
129 869 376 911 abscindere
408 882 505 910 aere
537 868 704 910 ferrove
734 867 894 922 possis:
939 867 1045 922 sugit
1076 878 1267 908 cruorem
1295 868 1539 920 vestemque
1564 863 1635 905 in-

4 948 83 995 „sss
128 944 279 985 sectam
318 944 522 998 sanguine
562 955 642 996 quo
694 942 873 984 feminae
911 955 987 996 per
1029 953 1196 983 menses
1239 939 1502 982 exolvuntur.
1564 938 1635 982 Sic

79 1022 292 1060 ioveteres
324 1023 531 1060 auctores.
594 1017 676 1059 Sed
711 1017 832 1071 gnari
862 1017 1054 1059 locorum
1085 1016 1253 1057 tradunt
1282 1014 1488 1057 undantes
1516 1013 1633 1055 bitu-

130 1094 238 1135 mine
270 1094 399 1136 moles
427 1093 523 1147 pelli
554 1104 759 1146 manuque
791 1093 899 1134 trahi
946 1092 997 1134 ad
1029 1092 1147 1142 litus3
1197 1102 1317 1143 mox,
1360 1089 1431 1131 ubi
1477 1100 1634 1143 vapore

130 1173 280 1222 terrae,
311 1169 352 1210 vi
381 1168 483 1211 solis
515 1168 767 1220 inaruerint,
808 1167 1026 1209 securibus
1061 1167 1289 1220 cuneisque
1318 1168 1364 1205 ut
1390 1163 1530 1206 trabes
1562 1166 1632 1205 aut

269 1352 298 1385 1.
326 1350 397 1396 inp.
428 1349 491 1384 Ma.
569 1351 602 1385 2.
630 1350 781 1383 incertes
812 1359 913 1383 eraso
940 1361 956 1382 s
983 1346 1047 1391 Ma,
1075 1347 1111 1383 h.
1140 1359 1171 1382 e.
1201 1348 1373 1382 incertae:
1400 1345 1428 1381 G
1451 1347 1635 1381 incertum.

136 1399 170 1434 3.
199 1405 292 1433 certo
321 1400 408 1432 anni
427 1398 500 1432 Ma:
529 1404 623 1432 certo
651 1398 739 1431 anni
766 1403 917 1443 tempore
945 1397 982 1431 G
1012 1398 1048 1430 in
1075 1395 1127 1430 Ma
1159 1402 1309 1442 tempore
1337 1399 1391 1430 est
1418 1404 1526 1439 super
1551 1403 1637 1428 ver-

129 1458 206 1481 sum
232 1459 252 1482 a
278 1458 383 1482 manu
409 1448 558 1482 recenti.
648 1449 702 1481 11.
730 1448 801 1480 trai
827 1445 902 1480 Ma·
931 1445 959 1480 G
989 1445 1097 1480 trahi.

130 1618 215 1653 salis
240 1618 424 1663 relinquit.
485 1617 636 1652 Accedit
664 1617 771 1650 etiam
796 1626 853 1650 ars

130 1667 331 1702 accolarum
358 1667 464 1700 fossis
493 1666 709 1710 capientium
726 1675 854 1710 aquam

132 1716 252 1759 maris,
280 1726 371 1760 quae
398 1717 434 1749 in
467 1724 620 1759 vapores
648 1718 750 1747 aestu
765 1713 853 1747 solis

131 1764 289 1799 resoluta
300 1769 434 1797 tantum
450 1763 535 1798 salis
547 1763 724 1809 suggerit,
739 1772 855 1806 quan—

924 1615 1058 1664 ἱμάτια
1086 1614 1263 1664 ῥύπτειν,
1292 1613 1362 1650 ἐὰν
1382 1625 1437 1652 τις
1461 1610 1638 1660 διασείσῃ

922 1666 1070 1713 βρέξας

995 1718 1090 1746 certo
1119 1712 1206 1746 anni
1234 1710 1385 1745 bitumen
1412 1708 1547 1754 egerit:
1579 1706 1638 1742 bi-

923 1765 1044 1795 tumen
1079 1762 1158 1795 sive
1191 1759 1398 1807 ἄσφαλτον
1437 1755 1637 1804 (Eranam)

132 1818 204 1847 tum
218 1812 442 1847 Palaestinae
470 1811 603 1845 sufficit
630 1822 671 1845 ac
699 1811 853 1845 fortasse

137 1862 298 1907 pluribus
326 1861 536 1907 regionibus
563 1859 771 1894 sufficeret'.

205 1912 365 1944 incertae
395 1909 511 1943 undae
547 1913 628 1942 sunt
658 1918 745 1952 quas
772 1917 852 1941 esse

134 1959 244 1993 undas
288 1963 433 2002 propter
486 1968 599 2002 aquae
651 1956 855 1990 tarditatem

135 2011 171 2041 et
196 2006 426 2040 stabilitatem
460 2007 522 2039 vix
563 2015 752 2050 agnoscas.
805 2002 856 2036 Ita

135 2066 165 2089 c.
198 2057 242 2090 14
266 2054 405 2088 incerta
432 2054 525 2087 vada
544 2052 770 2097 appellantur
801 2062 858 2093 ea,

136 2103 179 2137 de
214 2103 343 2148 quibus
380 2104 555 2136 incertum
601 2106 674 2143 est,
720 2100 858 2134 vadane

140 2152 211 2185 sint
239 2162 366 2185 necne.
428 2150 509 2184 Alia
536 2149 803 2195 significatione
829 2147 859 2181 ll

136 2201 205 2236 23:
231 2202 341 2235 variis
363 2199 515 2243 undique
540 2197 706 2243 procellis
732 2197 862 2231 incerti

139 2249 271 2293 fluctus.
300 2247 603 2292 Oelschlaegerus
635 2246 728 2279 coni.
757 2246 858 2278 iner-

137 2302 197 2331 tes.
262 2297 489 2342 superiacta:
521 2295 566 2329 cf.
588 2294 631 2328 ad
657 2294 698 2328 Η.
726 2293 773 2327 lll
798 2293 857 2329 29.

209 2345 342 2379 solido.-
380 2345 423 2378 de
463 2343 632 2378 adverbio
672 2342 783 2376 solido
811 2342 857 2375 cf.

140 2398 266 2427 annot.v
289 2394 332 2427 ad
362 2392 376 2426 1
403 2393 459 2428 60.

209 2442 356 2486 perinde
385 2441 622 2475 attolluntur:
649 2450 684 2473 v.
712 2438 856 2482 Ioseph.

138 2488 178 2523 B.
208 2489 282 2523 Iud.
300 2491 342 2523 lv
369 2490 392 2523 8
417 2490 451 2524 4.
480 2488 695 2522 Aristoteles
716 2487 857 2521 Meteo-

73 2556 75 2559 ν
139 2537 257 2584 rolog.
293 2538 324 2571 11
350 2538 391 2572 3:
440 2540 474 2572 εἰ
501 2537 532 2571 δ’
561 2538 687 2578 ἔστιν,
727 2534 857 2580 ὥσπερ

138 2587 412 2645 μυθολογοῦσί
451 2597 573 2626 τιιες,
621 2586 660 2619 ἐν
702 2585 858 2618 Παλαι-

140 2639 248 2683 στίνῃ
276 2634 430 2677 τοιαύτη
456 2636 589 2681 Mum]
626 2635 678 2669 εἰς
718 2629 761 2675 ἢν
789 2632 859 2667 ἐάν

140 2697 193 2722 τις
222 2671 362 2744 ἐμβάλη
403 2682 598 2725 συνδήσας
641 2679 858 2724 ἄνθρωπον

142 2729 165 2776 ἢ
190 2731 401 2779 ὑποζύγιον
423 2732 598 2767 ἐπιπλεῖν
626 2732 688 2764 καὶ
717 2727 760 2764 οὐ
787 2741 857 2763 κα-

141 2781 358 2816 ταδ’ὐεσθαι
377 2778 472 2815 κατὰ
488 2780 556 2815 τοῦ
583 2776 736 2818 ὕδατος,
753 2789 854 2825 μαρ-

142 2828 274 2876 τύριον
322 2829 370 2864 ἂν
408 2831 463 2873 εἴη
511 2833 589 2867 τοῖς
630 2829 855 2888 εἰρημένοις

143 2878 298 2934 λέγουσι
325 2876 401 2924 μὲρ
440 2889 585 2923 ηικοαν
613 2874 730 2914 οὕτως
756 2874 858 2909 εἶναι

143 2925 209 2967 ῖὴν
253 2929 388 2974 λίμνην
440 2929 504 2960 καὶ
544 2919 720 2973 «fiunem
760 2921 858 2958 ω’στε

144 2976 295 3021 μηθένα
323 2969 438 3021 ἰχθὺν
464 2975 716 3022 ἐγγίνεσθαι,
749 2967 796 3007 τὰ
825 2971 859 3007 δ’

923 1809 1023 1844 lacus
1074 1809 1209 1843 Iudaici
1259 1811 1426 1842 accurate
1468 1803 1640 1839 describit

924 1858 1050 1893 Strabo
1080 1857 1161 1892 xvt
1190 1859 1212 1892 2
1238 1858 1286 1891 42
1324 1866 1408 1901 pag.
1438 1852 1521 1889 763.
1578 1853 1637 1887 lo-

926 1906 1028 1950 seph.
1057 1905 1097 1940 B.
1131 1905 1207 1940 lud.
1236 1905 1282 1939 lv
1311 1904 1390 1939 84.
1420 1903 1524 1936 Certo
1551 1902 1640 1936 anni

925 1954 1074 1999 perinde
1113 1965 1155 1988 ac
1179 1953 1292 1987 medio
1328 1952 1398 1986 diei
1422 1950 1464 1985 Η.
1491 1949 1506 1984 1
1533 1949 1580 1985 62
1607 1954 1644 1984 et

925 2003 996 2036 alia
1025 2002 1068 2036 de
1096 2002 1227 2047 quibus
1255 2001 1387 2034 dictum
1413 1999 1456 2033 ad
1481 1998 1495 2033 1
1521 1999 1580 2034 53.

997 2074 1089 2107 hunc
1113 2085 1220 2107 manu
1240 2077 1378 2117 captum
1399 2081 1518 2115 —per
1537 2080 1638 2103 men-

925 2134 979 2156 ses
1005 2121 1241 2156 exolvuntur:
1282 2125 1336 2154 est
1369 2119 1639 2166 μυθολόγημα,

926 2181 1138 2216 quamquam
1180 2171 1287 2204 etiam
1326 2179 1345 2202 a
1375 2166 1580 2211 losephol.
1611 2177 1641 2200 c.

926 2224 1129 2261 nari-,atum
1167 2223 1202 2252 et
1228 2217 1297 2251 hoc
1325 2226 1406 2250 esse
1434 2215 1513 2260 ipse
1538 2214 1644 2248 'laci-

927 2273 982 2302 tus
1009 2267 1118 2312 paulo
1158 2271 1240 2311 post
1266 2264 1448 2299 admonuit
1473 2262 1640 2305 lectores,

927 2316 986 2350 ubi
1003 2316 1149 2360 scripsit
1174 2315 1235 2349 sed
1257 2313 1537 2360 ynarilocorum
1563 2318 1642 2346 tra-

928 2366 1012 2399 dunt
1038 2375 1115 2410 sqq.
1173 2363 1227 2398 ef.
1256 2362 1345 2396 Plin.
1375 2360 1440 2395 vll
1469 2361 1531 2396 13:
1559 2361 1642 2405 quin

929 2420 961 2447 et
994 2414 1195 2447 bituminum
1242 2422 1374 2456 sequax
1412 2409 1569 2454 alioquin
1598 2419 1644 2442 ac

929 2463 1024 2495 lenta
1049 2467 1328 2494 natura—non
1356 2459 1426 2502 quit
1444 2457 1512 2491 sibi
1537 2455 1643 2491 aselli

928 2510 975 2543 ad
1019 2520 1153 2542 omnem
1192 2512 1390 2541 contactum
1429 2505 1641 2560 adhaerens,

926 2563 1175 2603 praeterquam
1211 2555 1270 2599 filo
1316 2553 1405 2598 quod
1442 2552 1513 2587 tale
1545 2554 1642 2586 virus

930 2609 1168 2651 (menstruum
1194 2603 1372 2648 feminae)
1399 2602 1576 2647 infecerit.

1000 2678 1051 2711 sic
1075 2683 1208 2712 veteres
1236 2680 1425 2709 auctores:
1468 2677 1640 2707 converte

928 2724 1027 2761 οὕτω
1058 2727 1213 2762 παλαιοὶ
1253 2728 1523 2770 ovquaqug,
1567 2731 1639 2756 non

929 2773 1047 2814 οἴτως
1091 2777 1128 2810 οἱ
1175 2776 1337 2808 παλαιοὶ
1383 2776 1640 2826 συγγραφεῖς.

926 2823 1013 2857 Nam
1041 2833 1164 2856 omnes
1197 2826 1340 2855 vetenes
1374 2823 1539 2853 auctores
1578 2818 1639 2863 qui

928 2871 971 2905 de
1001 2877 1094 2905 terra
1110 2870 1288 2916 rebusque
1316 2868 1525 2902 ludaeorum
1547 2867 1639 2900 scri-

928 2930 1031 2964 psere
1068 2920 1160 2954 hanc
1198 2917 1354 2953 fabulam
1396 2925 1580 2950 enarrasse
1618 2925 1639 2949 a

926 2970 1004 3003 veri
1031 2967 1263 3003 similitudine
1289 2965 1446 3000 alienum
1473 2968 1538 2999 est.
