1768 3216
118 210 207 253 {G-
234 213 295 250 7⁰.
585 212 721 249 LIBER
745 212 810 248 lv.
861 212 949 248 Cu.
975 210 1133 248 39-40.
1546 213 1618 247 321

115 329 373 386 inpleverat,
422 331 535 373 vires
572 331 713 374 abolet
744 331 915 373 dimissa
945 330 987 371 in
1016 329 1194 370 hiberna
1225 327 1395 382 legione
1426 328 1617 382 septima,

116 407 235 449 cuius
263 408 614 463 flagrantissimus
643 408 686 448 in
708 407 936 449 Antonium
969 419 1099 448 amor.
1158 407 1210 449 Et
1234 407 1355 448 tertia
1385 406 1522 461 legio,
1551 406 1620 448 sa-

115 482 290 525 miliaris
315 484 442 526 Arrio
475 485 586 526 Varo
617 483 750 535 miles,
781 483 822 524 in
852 483 1015 538 Syriam
1045 483 1236 524 remissa.
1278 483 1376 524 Pars
1408 483 1619 524 exercitus

115 557 160 599 in
189 557 435 601 Germanias
467 559 710 601 ducebatur.
761 528 1007 613 siffeg'b'sio
1036 548 1236 612 quidquid
1267 558 1490 611 turbidum,
1509 557 1620 600 redit

113 632 207 675 urbi
233 615 474 676 suaffma
504 634 708 689 legesque
737 638 778 676 et
811 634 949 675 munia
980 633 1309 688 magistratuum.

251 700 343 759 Quo
373 709 442 751 die
468 714 658 751 senatum
689 709 905 764 ingressus
935 712 999 750 est
1025 708 1312 761 Domitianus,
1345 708 1399 750 de
1429 707 1619 750 absentia

113 785 244 838 patris
269 784 493 838 fratrisque
536 797 586 826 ac
633 785 802 826 iuventa
846 797 920 826 sua
961 795 1094 837 pauca
1133 788 1174 825 et
1205 783 1373 825 modica
1403 782 1617 836 disseruit,

114 858 296 901 decorus
325 858 490 908 babitu3
532 863 574 899 et
609 859 767 913 ignotis
809 858 945 899 adhuc
977 857 1163 899 moribus
1197 857 1347 898 crebra
1384 857 1471 899 oris
1511 869 1620 899 con-

112 933 227 997 Q
260 945 338 987 pro
382 933 587 975 modestia
626 933 922 986 accipiebatur.
982 933 1209 974 Refer-ente
1241 915 1620 990 Caesare-*d‘e‘fe-

112 1007 334 1050 stituendis
364 1007 521 1050 Galbae
547 1007 778 1050 honoribus
796 1039 808 1060 ,
842 1008 1003 1050 censuit
1034 1007 1199 1048 Curtius
1227 1007 1448 1048 Montanus
1476 1011 1521 1047 ut
1549 1006 1620 1048 Pi-
1634 1014 1672 1043 ¹⁰

112 1082 229 1124 sonis
258 1093 424 1136 quoque
455 1082 656 1124 memoria
679 1082 978 1124 celebraretur.
1022 1082 1167 1123 Patres
1186 1086 1405 1135 utrumque
1434 1082 1617 1123 iussere:

113 1156 166 1198 de
190 1156 341 1199 Pisone
370 1157 539 1198 inritum
570 1156 657 1198 tuit.
716 1157 817 1198 Tum
848 1161 963 1198 sorte
994 1157 1108 1199 ducti
1137 1169 1214 1212 per
1244 1169 1349 1211 quos
1377 1156 1617 1198 redderen-
1668 1196 1692 1211 ῃ

30 1285 42 1293 „
107 1236 179 1276 tur
206 1231 318 1273 bello
348 1235 480 1286 rapta,
514 1232 666 1286 quique
694 1244 793 1274 aera
824 1232 964 1287 legum
1001 1237 1207 1274 vetustate
1250 1231 1420 1286 delapsa
1458 1244 1619 1273 nosce-
1661 1213 1768 1275 {mm

89 1311 207 1355 'rent
253 1306 543 1362 ligeremque,
591 1311 631 1349 et
685 1307 816 1349 fastos
856 1307 1096 1349 adulatione
1141 1311 1372 1361 temporum
1425 1291 1768 1349 soedfifose’ufsi

106 1357 690 1438 fflralsebls‘modumque
719 1382 898 1436 publicis
928 1382 1126 1436 impensis
1157 1382 1359 1424 facerent.
1418 1381 1671 1423 Redditur¹⁵

0 1440 13 1463 ὃ
109 1450 245 1503 Tettffi
273 1456 433 1498 Iuliano
462 1460 671 1509 praetura,
701 1460 920 1510 postquam
952 1457 1147 1511 cognitus
1169 1456 1300 1498 estad
1317 1457 1618 1510 Vespasianum

0 1459 382 1615 bfflgissoe
434 1531 591 1585 Gripho
630 1531 766 1573 honor
803 1532 967 1573 mansit.
1027 1531 1173 1585 Repeti
1202 1531 1301 1572 inde
1332 1532 1619 1586 cognitionem

1136 1612 1203 1619 μ.

1652 501 1768 625 m

1631 642 1768 685 {m

45 714 104 754 40

265 1675 296 1708 1.
332 1673 421 1719 inpl.
448 1673 523 1708 Ma:
562 1674 627 1720 rpt.
655 1674 695 1708 G.
794 1674 950 1718 legiones
997 1674 1074 1708 Vn.
1113 1673 1188 1708 Ma:
1233 1674 1260 1708 G
1295 1673 1432 1719 legione
1457 1676 1617 1720 septima.

116 1723 153 1758 3.
192 1723 317 1757 siriam
353 1721 418 1756 Ma·
540 1724 577 1758 4.
619 1723 784 1768 quidquid
819 1721 894 1756 Ma:
930 1723 1093 1767 quicquid
1132 1723 1171 1758 G.
1299 1726 1355 1759 12.
1395 1723 1519 1768 pisone
1550 1722 1618 1758 Ma.

114 1771 257 1806 irritum
282 1770 343 1816 Or.
444 1773 499 1807 14.
525 1772 620 1817 faed.
646 1770 712 1805 hl³.
815 1772 871 1806 15.
899 1778 1138 1805 exonerarent
1165 1770 1230 1806 Ma.
1310 1773 1383 1818 inp.
1413 1773 1479 1807 Ma.
1560 1772 1617 1808 16.

122 1819 229 1854 Tettio
255 1818 333 1854 Mn:
360 1821 462 1854 tertio
488 1820 528 1855 G.
606 1820 661 1855 17.
689 1820 888 1866 coquitione
913 1819 992 1854 ma:
1019 1820 1048 1854 G
1077 1821 1325 1866 cognitionem.

116 1958 203 1982 usus
242 1948 276 1982 ei
322 1957 394 1981 non
433 1948 608 1992 permisit.
665 1946 833 1981 Ceterum

117 1996 371 2031 Scribonianus
405 2007 617 2042 quamquam
644 2007 739 2031 nunc
775 1996 833 2030 cf-

116 2045 212 2092 fugit
236 2055 388 2091 magnae
414 2046 581 2079 fortunae
618 2050 655 2079 et
680 2045 831 2079 illustris

116 2095 273 2128 nominis
319 2093 481 2139 pericula
500 2120 511 2137 ‚
558 2094 677 2128 nihilo
715 2095 831 2127 minus

115 2142 279 2188 posthac,
307 2142 372 2176 sed
393 2142 547 2176 fortasse
570 2142 711 2176 demum
730 2143 833 2187 prin...

117 2192 198 2236 cipe
235 2190 467 2233 Domitiano,
507 2191 720 2225 interfectus
757 2196 831 2233 est3

118 2239 155 2273 id
182 2239 317 2273 clarum
344 2250 388 2272 ex
415 2239 457 2272 Η.
486 2238 498 2272 Ι
524 2239 595 2274 48:
622 2240 700 2272 Piso
722 2261 767 2266 —
787 2241 834 2274 ad

117 2287 184 2320 hoc
210 2292 344 2320 tantum
356 2287 486 2320 maiori
510 2288 621 2330 [ratri
636 2286 831 2332 praelatus,

116 2341 155 2369 ut
176 2336 280 2380 prior
305 2335 574 2378 interficeretur.

192 2406 391 2440 tribunatus
413 2407 726 2451 praefecturasque
755 2405 833 2439 lar-

118 2455 233 2499 gitur.-
263 2454 426 2488 tribunos
451 2453 635 2500 legionum
663 2459 698 2488 et
726 2465 833 2499 prae-

120 2503 238 2537 tectos
264 2501 466 2537 cohortium
488 2502 716 2536 auxiliarium
733 2504 831 2538 facit.

190 2574 333 2608 dimissa
360 2575 400 2608 in
428 2574 579 2608 hiberna
604 2574 742 2619 legione
773 2587 833 2609 se-

115 2622 248 2667 ptima.-
286 2621 436 2656 hiberna
473 2622 631 2667 legionis
658 2625 832 2667 septimae

121 2668 315 2704 Galbianae
339 2671 375 2704 in
387 2669 569 2704 Pannonia
595 2671 718 2704 suere:
745 2671 831 2705 11.11

119 2717 181 2760 86,
206 2717 253 2751 ΙΙΙ
279 2719 313 2752 7.
455 2730 543 2763 pars
584 2720 758 2752 exercitus
795 2721 834 2753 in

124 2765 334 2800 Germanias
383 2766 603 2800 ducebatur:
655 2772 757 2801 sexta
798 2773 834 2802 et

122 2819 269 2857 octava,
306 2814 580 2849 Vitellianarum
617 2817 834 2850 unaetvice-

121 2863 230 2897 sima:
270 2862 312 2897 ll.
345 2862 393 2897 lv
429 2862 477 2898 68
508 2867 544 2897 et
570 2863 629 2898 70.
683 2864 834 2898 Germa-

120 2911 202 2946 nias
240 2910 328 2946 dicit
354 2912 577 2956 provinciam
611 2913 834 2956 superiorem

124 2964 160 2995 et
185 2960 416 3004 inferiorem3
443 2971 480 2996 v.
508 2960 552 2994 ad
581 2959 622 2994 Η.
648 2959 698 2995 lv
728 2961 783 2996 17.

230 3044 356 3074 Tacitus
377 3045 431 3075 lu.

975 1947 1060 1991 Cap.
1088 1947 1148 1982 40.
1187 1952 1220 1980 et
1244 1947 1373 1993 ignotis
1398 1947 1514 1981 adhuc
1539 1959 1616 1982 mo-

902 1996 998 2029 ribus
1025 1995 1152 2029 crebra
1178 1996 1251 2030 oris
1267 1998 1426 2042 confusio
1449 2008 1516 2042 pro
1540 2009 1616 2030 mo-

903 2045 1014 2078 destia
1040 2044 1305 2090 accipiebatur:
1341 2045 1449 2078 rubor
1481 2046 1554 2079 oris
1581 2047 1617 2079 in

901 2092 1107 2127 Domitiano
1133 2104 1172 2126 re
1198 2104 1284 2128 vera
1318 2104 1391 2127 non
1418 2093 1617 2128 modestiae

901 2143 1072 2187 signum,
1110 2141 1175 2175 sed
1214 2143 1390 2176 saevitiae
1423 2143 1616 2186 iudicium,

902 2200 973 2235 quo
999 2202 1039 2223 se
1065 2195 1189 2224 contra
1214 2191 1386 2234 pudorem
1412 2191 1616 2233 muniebat;

902 2249 938 2271 v.
966 2239 1008 2272 Α.
1035 2237 1094 2273 45.
1157 2239 1350 2272 Suetonius
1382 2238 1514 2272 Domit.
1560 2239 1615 2273 18.

902 2286 1039 2319 rtinius
1066 2286 1198 2331 Paneg.
1225 2287 1294 2321 48:
1329 2288 1367 2319 in
1403 2298 1464 2319 ore
1500 2288 1617 2331 impu-

904 2334 1024 2367 dentia
1047 2333 1152 2367 muno
1178 2335 1306 2367 rubore
1331 2335 1476 2379 suffusa.
1529 2334 1617 2368 t'hi-

902 2382 1071 2416 lostratus
1109 2383 1185 2416 vita
1226 2382 1413 2427 Apollonii
1453 2382 1516 2416 vtl
1556 2382 1613 2417 28.

905 2430 985 2464 Oris
1020 2432 1179 2476 confusio
1222 2436 1276 2465 est
1314 2442 1354 2465 os
1390 2432 1469 2465 sive
1496 2431 1616 2465 vultus

902 2478 1035 2513 rubore
1062 2479 1245 2513 contusus.

958 2530 1069 2572 [astos
1095 2528 1299 2562 adulatione
1326 2535 1514 2575 temporum
1535 2531 1617 2574 soe-

904 2576 1003 2610 datos
1018 2583 1275 2611 eoeonerarenl:
1301 2577 1391 2611 haec
1406 2578 1516 2611 verba
1532 2577 1616 2622 quid

903 2625 1109 2670 significent
1135 2637 1179 2659 ex
1207 2625 1269 2659 XV
1288 2627 1345 2667 74,
1374 2625 1455 2659 XVI
1489 2628 1531 2659 12
1558 2627 1616 2658 in-

904 2673 1093 2719 telligitur.
1122 2673 1269 2707 Scilicet
1294 2679 1329 2707 et
1356 2674 1439 2707 festi
1461 2673 1538 2706 dies
1558 2673 1616 2705 iu-

903 2722 999 2767 signi
1038 2721 1244 2755 adulatione
1285 2722 1475 2766 quotannis
1514 2721 1617 2755 cele-

903 2769 1029 2803 brandi
1055 2769 1175 2813 plures
1194 2769 1329 2803 decreti
1346 2774 1446 2803 erant
1459 2774 1494 2803 et
1507 2769 1618 2814 Apri-

903 2817 949 2851 lis
984 2818 1116 2851 mensis
1154 2817 1342 2851 Neroneus
1391 2817 1615 2862 appellatus,

905 2865 1017 2898 Maius
1044 2870 1164 2899 autem
1193 2865 1346 2908 Claudii,
1375 2865 1500 2900 lunius
1526 2866 1617 2900 Ger-

904 2914 1035 2948 manici
1062 2913 1250 2947 vocabulis
1278 2916 1403 2948 mutati
1431 2919 1542 2949 eraut.

964 2963 1075 3009 repeti
1099 2962 1182 2997 inde
1207 2963 1460 3010 cognitionem:
1490 2968 1619 3009 coepta

1363 3031 1415 3072 21
