1768 3216
187 249 236 282 50
803 245 987 281 GERMAN
993 245 1070 281 IAE

187 362 324 416 plinae
356 373 630 415 concessum,
669 361 761 415 plus
807 374 1015 416 reponere
1045 362 1087 403 in
1118 362 1224 404 ‹luce
1255 374 1375 416 quam
1405 362 1449 405 in
1479 363 1680 406 exercitu.

188 436 320 477 Omne
353 436 482 477 robur
512 436 554 476 in
586 436 739 490 pedite,
773 448 893 490 quem
925 449 1051 490 super
1082 449 1195 478 arma
1222 436 1487 479 ferramentis
1517 447 1682 491 quoque

188 515 228 552 et
258 510 391 564 copiis
422 515 613 552 onerant.
673 511 792 553 Alios
821 511 874 552 ad
904 511 1108 565 proelium
1136 511 1198 552 ire
1224 511 1393 563 videam,
1429 510 1598 553 Chattos
1628 510 1682 553 ad

186 584 349 627 bellurn.
410 585 509 627 Rari
540 598 740 628 excursus
781 590 821 628 et
865 586 1034 628 fortuita
1064 598 1217 641 pugna.
1278 585 1541 640 Equestrium
1580 597 1683 627 sane

155 672 173 700 5
192 660 342 701 virium
374 660 415 701 id
442 661 670 714 proprium,
704 661 787 702 cito
818 673 968 714 parare
994 661 1227 714 victoriam,
1261 661 1343 702 cito
1381 660 1548 702 cedere.
1596 658 1684 702 Ve-

189 734 339 777 locitas
382 735 494 777 iuxta
526 735 815 789 formidinem,
861 735 1070 777 cunetatio
1113 736 1284 790 propior
1314 734 1574 777 constantiae
1604 737 1680 776 est.

185 809 236 851 Et
267 809 359 851 aliis
393 810 692 852 Germanorum
723 810 885 864 populis
912 814 1150 864 usurpatum
1180 822 1278 852 raro
1300 814 1341 852 et
1359 810 1519 864 privata
1540 809 1748 861 cuius-31

186 894 264 938 que
296 884 490 927 audentia
521 885 627 939 apud
658 885 827 927 Chattos
868 886 909 926 in
942 898 1195 928 consensum
1233 885 1384 938 vertit,
1425 888 1469 926 ut
1506 884 1682 939 primum

186 959 470 1012 adoleverint,
512 960 670 1002 crinem
709 961 963 1014 barbamque
1004 961 1269 1012 submittere,
1315 972 1394 1001 nec
1442 959 1523 1002 nisi
1562 959 1683 1000 hoste

134 1038 174 1069 ¹0
188 1045 312 1075 caeso
345 1046 500 1075 exuere
530 1035 714 1076 votivum
747 1034 1057 1089 obligatumque
1083 1035 1223 1076 virtuti
1253 1035 1340 1076 oris
1362 1033 1556 1075 habitum.
1600 1032 1682 1076 Su-

183 1120 258 1161 per
302 1108 548 1162 sanguinem
597 1113 637 1150 et
676 1109 807 1163 spolia
847 1109 1036 1151 revelant
1071 1109 1280 1162 frontem,
1323 1121 1452 1162 seque
1489 1112 1571 1150 tum
1602 1107 1682 1148 de·-

184 1193 291 1224 mum
321 1184 454 1236 pretia
487 1184 690 1226 nascendi
720 1184 930 1226 rettulisse
960 1185 1196 1238 dignosque
1225 1184 1356 1238 patria
1375 1195 1424 1225 ac
1439 1181 1681 1237 parentibus

319 1335 355 1370 6.
381 1336 474 1370 iusta
499 1334 536 1378 P,
564 1340 599 1370 et
625 1337 677 1370 sic
704 1335 850 1382 ubique.

186 1383 240 1420 12.
261 1384 388 1430 precia
413 1383 448 1419 P.
535 1384 704 1419 noscendi
729 1383 754 1418 P
781 1390 816 1419 et
842 1383 927 1419 alii:
954 1384 1118 1430 plerique
1147 1383 1327 1419 nascendi.

931 1337 964 1371 7.
991 1347 1077 1370 raro
1106 1335 1131 1369 P
1158 1346 1237 1369 cum
1263 1334 1466 1381 plerisque:
1493 1334 1554 1369 alii
1580 1344 1680 1368 rara.

1410 1382 1570 1421 retulisse
1595 1382 1633 1418 P.

970 1530 1170 1573 anulorum,
1199 1534 1234 1564 et
1254 1530 1448 1576 praecipue
1467 1529 1678 1571 ferreorum,

183 1530 335 1574 probant
374 1530 598 1575 disciplinam
643 1533 696 1577 (in
720 1531 900 1566 Ἰ’ίῖεηωῖεε-

974 1579 1105 1612 honori
1126 1583 1224 1621 erat3
1252 1589 1286 1614 v.
1307 1577 1412 1612 Plinii
1427 1577 1522 1613 RE.
1538 1576 1681 1612 XXXIII

184 1579 256 1613 heic
283 1579 346 1613 cler
380 1578 619 1625 Ueberleyuny
647 1580 900 1615 militctrisclzer

185 1627 346 1674 Schule).

249 1699 296 1732 ced
311 1697 503 1744 proelium:
531 1700 610 1734 sine
633 1700 900 1745 impedimentis

187 1751 222 1779 et
250 1753 392 1791 paratu,
441 1749 599 1792 expediti
631 1754 665 1782 et
693 1749 805 1783 leves.
858 1750 900 1784 ll.

188 1794 218 1828 ll
252 1797 319 1831 45:
355 1796 416 1830 sed
441 1798 609 1843 est-peditis
635 1804 667 1831 et
694 1804 827 1831 tantum
857 1798 904 1831 ad

180 1844 354 1889 proelium
374 1847 521 1890 egressis
540 1847 788 1880 munimentum
803 1847 902 1891 suere

185 1903 287 1926 arma
317 1900 348 1928 et
374 1895 535 1928 victoria.
589 1894 644 1929 Cf.
666 1895 708 1928 11.
734 1894 765 1928 lt
791 1895 839 1930 40
868 1899 903 1928 et

186 1940 234 1975 ibi
261 1944 458 1977 annotatio.

262 2016 471 2057 equestrium
497 2026 582 2048 sane
608 2016 737 2057 virium
760 2015 797 2050 id
812 2026 902 2060 pro-

181 2061 322 2105 prium.-
350 2064 547 2107 respiciunt
570 2063 659 2098 haec
685 2064 901 2097 contrarium

186 2109 290 2143 modo
332 2110 375 2144 de
419 2110 559 2145 Chattis
601 2112 752 2145 relatum
804 2123 902 2146 omne

186 2158 294 2192 robur
321 2159 359 2191 in
385 2159 500 2204 pedite
518 2188 527 2204 ,
556 2165 591 2194 et
618 2161 701 2194 hinc
727 2162 900 2194 rationem

188 2205 402 2250 disciplinae
447 2213 483 2242 et
534 2209 768 2243 constantiam
821 2208 902 2253 ple-

188 2265 337 2300 rumque
365 2259 625 2292 consectariam
653 2268 733 2291 esse
760 2256 902 2303 signifi-

188 2307 300 2337 catur.
335 2304 559 2348 Equestrium
587 2307 713 2340 virium
741 2311 793 2340 est
819 2306 902 2339 hre-

187 2351 415 2397 viloquentia
442 2364 503 2397 pro
521 2367 638 2389 eorum
666 2355 785 2399 quibus
803 2366 902 2388 omne

187 2401 225 2433 in
254 2402 366 2444 equite
392 2404 510 2436 robur.
611 2404 711 2437 iuxta
736 2403 902 2447 formidi-

186 2459 287 2481 nem:
313 2459 423 2493 prope
443 2452 581 2484 accedit
598 2451 641 2485 ad
661 2451 901 2493 formidinem,

187 2500 226 2529 ut
266 2496 311 2529 VI
343 2499 391 2532 42
425 2500 546 2544 populi
582 2501 764 2545 imperium
803 2501 902 2533 iuxta

188 2545 397 2580 libertatem.

261 2615 345 2660 Cap.
377 2617 436 2650 31.
489 2627 556 2650 nec
582 2618 652 2650 nisi
678 2618 773 2652 hoste
797 2630 900 2652 caeso

188 2675 314 2698 exuere
341 2685 385 2690 —-
416 2664 594 2698 habitum:
635 2664 762 2700 Civilis
790 2666 900 2700 Bata-

186 2723 272 2756 vus,
326 2714 426 2747 cuius
470 2714 623 2748 maiores
663 2726 707 2748 ex
749 2713 898 2757 Chattis,

188 2760 278 2794 idem
308 2761 421 2804 secit3
446 2761 488 2796 H.
517 2761 565 2796 IV
591 2762 650 2796 61.
686 2761 797 2796 Paulo
817 2769 900 2797 ante

186 2809 355 2843 audentia
381 2814 435 2843 est
462 2811 616 2844 audendi
642 2811 771 2854 virtus,
797 2817 835 2845 ut
864 2824 894 2846 c.

185 2858 254 2891 34:
282 2869 348 2891 nec
373 2858 485 2903 defuit
510 2860 680 2894 audentia
706 2860 836 2895 Druso.

267 2929 537 2974 ‘ignominiosum
580 2931 617 2965 id
667 2932 783 2976 qemi:
830 2932 899 2965 hoc

185 2982 327 3021 monet,
366 2980 450 3023 quia
477 2979 570 3023 apud
605 2979 785 3015 Romanos
812 2990 897 3015 usus

969 1627 993 1661 4
1029 1632 1064 1661 et
1105 1626 1241 1662 5-8.
1292 1625 1547 1661 Doederlinius
1587 1624 1680 1660 velut

969 1675 1145 1721 vinculum
1181 1675 1387 1720 parenthesi
1422 1674 1575 1719 addidit,
1618 1673 1682 1708 sed

970 1724 1151 1770 iungenda
1191 1728 1272 1758 sunt
1314 1734 1391 1757 cum
1419 1722 1531 1758 verbo
1555 1727 1680 1769 qesta,

970 1777 1006 1806 ut
1026 1777 1285 1817 componantur
1303 1773 1481 1807 contraria
1504 1778 1683 1818 gestamen

971 1826 1006 1855 et
1031 1821 1232 1856 vinculum.-
1273 1831 1353 1855 nam
1380 1821 1548 1855 Romanis
1584 1819 1682 1854 anuli

971 1875 1155 1916 gestamen
1177 1874 1265 1913 erat,
1293 1879 1364 1903 non
1382 1868 1578 1905 vinculum.
1606 1867 1682 1902 Pti-

971 1920 1052 1952 nius
1097 1918 1241 1953 XXXHI
1285 1921 1338 1953 4:
1398 1918 1439 1952 de
1478 1916 1682 1952 Prometheo

970 1969 1088 2001 omnia
1103 1967 1268 2013 sabulosa
1287 1967 1455 2010 arbitror,
1475 1976 1683 2012 quamquam

968 2015 1023 2049 itti
1049 2027 1180 2059 quoque
1217 2018 1375 2060 ferreum
1412 2014 1555 2049 anulum
1590 2014 1683 2048 dedit

969 2065 1185 2107 antiquitas,
1226 2063 1468 2108 vinculumque
1508 2063 1564 2106 id,
1609 2073 1682 2096 non

967 2117 1159 2157 =qestamen,
1187 2111 1340 2156 intelliqi
1364 2111 1484 2146 tatuit.

1041 2207 1202 2253 plurimis
1239 2208 1443 2242 Chattorum
1476 2207 1535 2244 tato
1565 2207 1683 2254 placet

969 2256 1127 2290 habitus.-
1150 2256 1296 2302 plurimi
1312 2256 1345 2290 h.
1363 2255 1387 2290 l.
1407 2261 1489 2290 sunt
1504 2255 1681 2302 permulti,

971 2309 1008 2338 ut
1036 2310 1156 2339 cetera
1182 2304 1334 2346 docent,
1360 2315 1431 2339 non
1464 2306 1578 2340 maior
1601 2314 1683 2349 pars

970 2353 1108 2397 populi.
1162 2352 1298 2394 Quibus
1321 2353 1438 2399 placet
1466 2354 1496 2387 is
1529 2352 1682 2394 habitus,

970 2402 1004 2435 h.
1035 2413 1065 2435 e.
1094 2403 1203 2435 crinis
1228 2402 1411 2446 barbaque
1446 2401 1623 2437 submissa
1647 2405 1683 2434 et

970 2449 1098 2484 anulus
1148 2450 1306 2493 ferreus,

971 2498 1075 2531 hoste
1114 2499 1165 2531 uti
1205 2498 1268 2532 illo
1305 2502 1548 2541 perseverant.
1599 2497 1683 2532 Atia

970 2547 1004 2579 in
1035 2546 1091 2579 his
1118 2546 1373 2580 Doederlinius
1401 2547 1594 2590 agnovisse
1612 2545 1681 2579 sibi

970 2595 1068 2627 visus
1087 2599 1152 2636 est,
1181 2594 1224 2627 de
1240 2594 1369 2639 quibus
1383 2594 1528 2628 scribit:
1549 2592 1680 2628 ‘Chatti

970 2643 1103 2676 crinem
1133 2642 1350 2688 barbamque
1382 2642 1592 2677 submittere
1617 2652 1681 2676 so-

970 2690 1102 2733 lebant,
1131 2690 1246 2725 donec
1272 2690 1411 2725 hostem
1439 2690 1680 2733 cecidissent3

970 2744 1041 2772 tum
1079 2739 1262 2783 ponebant
1297 2738 1478 2773 tondendo
1516 2744 1551 2773 et
1578 2739 1680 2784 quasi

969 2789 1097 2821 Virtuti
1126 2787 1350 2821 dedicabant.
1402 2787 1458 2821 Ab
1494 2787 1563 2821 hoc
1596 2785 1680 2821 inde

968 2841 1050 2869 actu
1065 2836 1284 2870 fortissimus
1303 2835 1454 2881 quisque
1474 2839 1587 2869 semet
1601 2835 1679 2879 ipse

968 2895 988 2917 a
1037 2885 1168 2918 ceteris
1216 2884 1369 2918 sortibus
1422 2883 1677 2930 distinguebat.

967 2932 1054 2966 Nam
1085 2934 1145 2978 qui
1167 2931 1309 2977 vul-qam·
1326 2931 1537 2980 fortitudine
1564 2936 1677 2974 erant,

968 2981 993 3014 ii
1019 2982 1106 3016 satis
1132 2980 1311 3015 habehant
1345 2979 1451 3015 semel
1486 2980 1582 3015 hunc
1608 2979 1676 3015 ho-

1355 2451 1379 2483 ii
1422 2450 1528 2484 etiam
1576 2458 1682 2485 caeso
1745 2482 1751 2488 ,
