1768 3216
153 255 223 291 131
729 245 1037 282 HISTORIARVM
1426 254 1459 279 a.
1487 253 1522 280 u.
1548 242 1634 282 822.

284 374 369 415 Nec
400 371 500 411 ultra
537 369 577 408 in
610 365 843 407 defectores
875 368 943 405 aut
982 363 1093 405 bona
1134 361 1376 416 cuiusquam
1407 359 1705 404 saevitumzffl

150 452 235 490 rata
269 446 382 487 fuere
414 455 553 484 eorum
594 441 662 494 qui
703 439 794 480 acie
836 438 1070 481 Othoniana
1104 435 1344 478 ceciderant
1374 439 1635 489 testamenta,

149 525 216 563 aut
243 519 309 560 lex
339 516 552 559 intestatis.
612 515 784 556 Prorsus
815 514 851 554 si
879 511 1067 553 luxuriae
1106 514 1378 565 temperaret,
1421 509 1640 553 avaritiam

146 604 227 634 non
259 593 438 633 timeres.
489 589 708 644 Epularum
740 587 862 629 foeda
895 591 934 627 et
966 585 1228 640 inexplebilis
1261 571 1425 627 libidoz‘
1446 597 1501 627 ex
1533 583 1639 628 urbe

114 672 264 723 satque
294 659 407 725 Ita'lia
453 666 711 707 inritamenta
755 662 876 717 gulae
917 661 1212 716 gestabantur,
1259 659 1539 715 strepentibus
1568 658 1636 703 {ab

144 746 317 796 utroque
354 741 456 782 mari
500 739 743 788 itineribus3
793 737 982 779 exhausti
1027 735 1316 778 conviviorum
1362 733 1637 789 apparatibus

144 798 352 871 principes
385 794 616 863 civitatuing
657 813 922 854 vastabantur
954 812 1069 865 ipsae
1101 811 1313 861 civitates3
1352 809 1640 865 degenerabat

146 904 169 932 a
210 891 352 931 labore
398 902 446 931 ac
483 889 633 930 virtute
674 887 791 928 miles
835 886 1109 928 adsuetudine
1154 885 1406 939 voluptatum
1445 887 1488 926 et
1523 892 1638 926 eon·
1680 883 1682 887 ’

145 968 295 1019 temptu
335 964 463 1006 ducis.
525 963 737 1004 Praemisit
779 962 819 1002 in
858 961 1004 1002 urbem
1047 961 1227 1002 edictum
1269 972 1350 1014 quo
1387 958 1637 1002 vocabulum

11 1030 44 1104 · ’
97 1039 322 1095 roAugusti
354 1037 562 1090 differret,
597 1037 786 1078 Caesaris
818 1048 904 1096 non
933 1036 1165 1099 reciperet,
1209 1047 1301 1076 cum
1347 1034 1399 1076 de
1428 1037 1638 1088 potestate
1672 1055 1674 1057 ·

22 1100 55 1126 ‘.
124 1113 247 1155 “nihil
280 1112 526 1154 detraheret.
574 1112 680 1152 Pulsi
712 1111 824 1152 Italia
857 1110 1150 1152 mathematici.
1200 1109 1370 1152 Cautum
1402 1120 1553 1152 severe
1583 1120 1638 1150 ne

146 1188 302 1242 equites
332 1188 503 1229 Romani
534 1187 629 1228 ludo
662 1191 701 1228 et
731 1199 858 1228 arena
889 1185 1186 1239 polluerentur.
1246 1184 1413 1226 Priores
1444 1183 1487 1226 id
1518 1183 1638 1237 prin-

146 1263 257 1317 cipes
287 1263 459 1316 pecunia
492 1266 532 1302 et
562 1262 725 1314 saepius
757 1261 797 1301 vi
840 1260 1128 1314 perpulerant3
1171 1272 1220 1300 ac
1256 1259 1455 1313 pleraque
1496 1257 1639 1300 muni-

144 1337 248 1390 cipia
281 1340 320 1377 et
350 1336 541 1378 coloniae
571 1335 883 1394 aemulabantur
915 1334 1273 1387 corruptissimum
1305 1344 1511 1387 quemque
1530 1331 1638 1376 adu-

23 1400 26 1402 *
89 1410 381 1453 ¹⁵lescentium
410 1411 542 1464 pretio
575 1396 761 1452 inlicere.
1273 1418 1279 1422 '

277 1485 356 1527 Sed
374 1485 557 1526 Vitellius
591 1485 772 1526 adventu
804 1484 943 1526 fratris
971 1488 1010 1526 et
1031 1483 1315 1538 inrepentibus
1339 1481 1637 1524 dominationis
1649 1493 1707 1533 63

144 1560 352 1613 magistris
384 1560 601 1613 superbior
633 1563 674 1600 et
704 1559 889 1601 atrocior
915 1558 1054 1600 occidi
1074 1557 1331 1599 Dolabellam
1359 1557 1494 1610 iussit,
1517 1568 1637 1611 quem

142 1634 183 1674 in
214 1634 419 1676 coloniam
450 1634 696 1688 Aquinatem
728 1635 957 1688 sepositum
989 1634 1040 1676 ab
1072 1633 1238 1675 Othone
1268 1631 1512 1674 rettulimus.
1540 1631 1638 1674 Do-
1689 1651 1697 1659 2

280 1763 308 1795 l.
336 1773 403 1795 sev.
430 1760 492 1795 Ma.

144 1820 220 1854 nep.
248 1809 312 1843 Ma.

145 1857 244 1893 cmul.
272 1857 335 1891 Ma.

568 1763 602 1796 3.
631 1761 793 1796 luxuriae
817 1760 895 1796 Ma:
932 1761 1110 1795 luxuriam
1135 1759 1194 1794 BG
1222 1764 1257 1794 et
1285 1759 1524 1794 oxonienses.
1602 1761 1639 1796 4.

410 1811 441 1844 5.
470 1810 596 1854 qulaae
623 1810 687 1844 Ma.
775 1813 829 1845 11.
862 1810 972 1844 nichil
1000 1809 1062 1843 Ma.
1162 1810 1217 1843 12.
1256 1808 1396 1842 harena
1423 1805 1488 1842 Ma.
1582 1807 1660 1842 14.-

425 1860 580 1903 quenque‘
607 1859 670 1893 Ma.
759 1859 1034 1893 adulescentium
1064 1856 1129 1901 Ma,
1161 1857 1438 1891 adolescentium
1462 1855 1502 1890 G.

217 1984 300 2029 Cap.
328 1985 394 2020 62:
440 1987 477 2018 in
504 1986 714 2030 defectores.-
741 1987 845 2020 defe-

146 2038 260 2067 ctores
270 2033 516 2079 (Abtrunniyc)
533 2035 688 2069 breviter
714 2040 748 2068 et
770 2036 846 2069 for-

145 2086 237 2116 tasse
262 2081 305 2115 ad
331 2087 481 2116 mentem
510 2083 647 2117 Vitellii
685 2085 847 2117 nomina-

145 2131 196 2164 vit
222 2129 452 2173 Othonianos,
478 2142 548 2164 non
575 2132 668 2176 quod
694 2143 712 2165 a
741 2132 848 2165 Galba

146 2178 369 2222 defecerant,
403 2180 438 2213 id
477 2180 569 2225 quod
598 2181 733 2214 fecerat
770 2182 846 2224 ipse

148 2227 334 2270 Vitellius,
373 2227 434 2261 sed
470 2229 563 2273 quod
601 2229 703 2262 huius
731 2234 847 2272 partes

144 2282 445 2321 oppugnaverant.
469 2277 538 2310 Atii
567 2277 609 2310 de
635 2277 848 2311 satellitibus

143 2324 283 2358 Maricci
310 2324 398 2358 haec
431 2326 523 2359 dicta
550 2326 753 2370 accipiunt,
789 2337 849 2360 rc-

143 2377 323 2418 pugnante
347 2383 440 2407 nexu
467 2375 690 2407 narrationis.

216 2425 417 2455 testamenta
458 2429 515 2455 αιιι
557 2422 613 2455 lex
649 2424 847 2456 intestatis:

145 2470 173 2501 si
200 2472 408 2502 testamenta
432 2469 622 2504 Othoniani
656 2472 714 2515 qui
751 2473 850 2505 ceci-

146 2516 268 2551 derant
292 2517 538 2561 reliquissent,
565 2523 639 2551 rata
667 2519 793 2562 fuere,
821 2521 851 2553 si

118 2566 260 2599 ·minus
293 2564 356 2598 sed
389 2567 443 2598 sui
488 2565 636 2600 heredes
673 2567 849 2611 adessent,

148 2613 205 2647 lex
232 2614 408 2647 intestatis
434 2614 558 2648 valuit.

218 2661 260 2694 ab
285 2668 429 2707 utroque
468 2665 560 2696 mari
593 2664 793 2698 itineribus:
833 2677 853 2699 a

147 2711 231 2743 mari
266 2709 377 2743 'rusco
423 2716 458 2745 et
498 2711 728 2746 Hadriatico:
772 2724 852 2747 nam

147 2757 270 2792 ltaliae
295 2765 474 2804 utrumque
498 2771 595 2794 marc
620 2761 761 2795 dicitur.
801 2762 853 2795 De

148 2805 287 2840 luxuria
300 2808 435 2842 Vitellii
451 2810 487 2842 in
499 2810 626 2843 itinere
637 2810 732 2844 Suet.
748 2821 778 2844 c.
797 2811 853 2846 20.

195 2854 396 2909 cpe-abutum
412 2857 557 2902 Auyusti
572 2858 739 2904 differret,
761 2858 855 2893 Cae-

151 2912 241 2935 saris
272 2914 343 2936 mm
383 2905 578 2951 reciperet:
615 2911 802 2953 utrumque
835 2916 856 2940 a

153 2954 276 3030 ῗῗιιέιὲυ
302 2950 483 2987 decretum
513 2958 597 2988 erat.
629 2954 682 2990 Cf.
704 2954 744 2991 H.
763 2953 777 2989 1
797 2955 856 2999 62,

991 1984 1076 2029 Cap.
1103 1985 1163 2020 63.
1188 1983 1406 2018 receultmm:
1434 1993 1468 2018 v.
1491 1982 1638 2021 u..188.

991 2033 1158 2067 Plancius
1179 2033 1310 2067 Varus.-
1335 2031 1402 2066 sub
1416 2032 1639 2077 Vespasiano

918 2083 1122 2126 Bithyniam
1149 2092 1212 2126 pro
1240 2080 1389 2115 consule
1405 2081 1510 2124 rexit,
1538 2082 1640 2116 cuins

918 2134 969 2165 rei
1016 2132 1220 2165 memoriam
1267 2130 1426 2164 servavit
1476 2139 1639 2164 nummus

917 2180 1169 2214 Nicaeensium
1221 2178 1316 2223 apud
1357 2177 1517 2213 Pellerin
1551 2176 1637 2213 uel.

920 2230 960 2262 de
992 2229 1083 2262 Med.
1112 2228 1141 2262 Π
1169 2238 1200 2272 p.
1232 2227 1292 2262 39.

991 2278 1085 2322 apud
1105 2300 1143 2306 —
1171 2278 1395 2322 praefectum
1418 2274 1516 2310 urbis
1538 2274 1640 2310 obie-

921 2327 991 2359 cit.-
1019 2325 1193 2370 praefecti
1222 2325 1320 2359 urbis
1345 2334 1426 2358 cum
1451 2327 1549 2359 esset
1574 2334 1640 2358 co-

921 2379 1040 2408 &rcere
1066 2375 1213 2408 servitia
1239 2380 1272 2407 cl
1297 2372 1388 2418 quod
1413 2373 1542 2407 civium
1571 2383 1641 2414 an·-

921 2423 1026 2456 dacia
1052 2423 1225 2456 turbidum
1252 2422 1412 2467 (vin),
1442 2420 1547 2455 huius
1573 2421 1642 2454 tri-

921 2471 1030 2505 bunal
1058 2472 1094 2505 in
1122 2481 1229 2505 causa
1245 2470 1438 2505 seditionis
1463 2469 1550 2504 adiit
1576 2479 1642 2504 ac...

923 2525 1076 2555 cusat-or.

994 2570 1171 2602 cohortem
1205 2577 1294 2612 quae
1328 2566 1448 2601 ostiae
1493 2571 1639 2612 ayone.-

924 2619 998 2663 egit
1024 2618 1076 2651 ibi
1106 2615 1427 2661 septimadecimu3
1454 2613 1528 2649 vid.
1557 2613 1600 2649 Η.
1628 2613 1643 2648 1

923 2666 970 2701 80
996 2671 1031 2700 et
1058 2670 1178 2699 annot.
1207 2664 1251 2699 ad
1275 2663 1434 2698 Annales
1458 2662 1508 2696 lv
1535 2663 1594 2699 27.

994 2726 1108 2748 seram
1132 2715 1272 2749 ventam
1293 2717 1370 2758 post
1394 2710 1508 2746 scelus
1532 2721 1644 2756 quae-

926 2763 1043 2796 rebat.-
1070 2773 1141 2796 non
1166 2762 1235 2796 sibi
1262 2762 1404 2795 veniam
1432 2759 1642 2806 quaerebat,

926 2814 963 2842 ut
989 2813 1128 2855 accepit
1157 2808 1331 2853 Orellius,
1372 2808 1435 2843 sed
1461 2812 1644 2850 accusato,

927 2859 1128 2894 confitendo
1160 2859 1288 2894 deesse
1332 2856 1567 2901 probationes
1610 2859 1646 2890 et

927 2905 1142 2942 delationem
1170 2905 1414 2952 imprudenter
1441 2907 1650 2950 susceptam-

931 2965 1031 2989 esse:
1058 2955 1121 2991 sed
1145 2960 1231 2990 tune
1255 2953 1388 2998 scelus,
1414 2953 1449 2989 id
1476 2957 1533 2988 ent
1557 2962 1644 2988 eae-

931 3001 992 3038 des
1021 3002 1244 3047 Dolabellae,
1269 3005 1447 3049 patratum
1465 3001 1536 3038 iam
1554 3003 1644 3038 erat.
