1768 3216
797 192 993 228 NERONE.
1565 193 1646 229 mi

222 321 225 323 ·
283 305 367 348 Has
401 306 526 362 igitur
557 308 724 350 nomina
754 309 926 350 Domitii
968 323 1017 351 ac
1049 309 1230 352 Neronis
1273 308 1509 364 explicandi
1549 308 1641 352 vias

148 391 241 423 cum
271 384 358 423 tuto
385 382 551 437 ingredi
578 395 662 424 non
694 385 912 437 possimus,
945 385 1066 426 aliam
1096 384 1360 438 anquiramus
1377 387 1419 425 et
1439 396 1531 426 eam
1546 383 1645 438 qui-

149 454 245 500 dem
274 468 382 510 quae
412 456 519 498 haud
549 457 677 512 longe
706 463 927 512 repetatur.
988 459 1159 501 Scilicet
1177 459 1382 500 Domitius
1403 458 1444 500 ei
1476 457 1643 501 fabulae

148 541 301 573 nomen
333 530 435 583 suit,
480 532 590 585 quod
625 533 660 573 is
694 533 763 586 qui
793 534 965 587 posthac
994 534 1105 575 Nero
1134 533 1451 588 cognominatus
1490 536 1555 574 est
1588 544 1642 576 eo

149 607 365 659 tempore,
413 618 494 660 quo
526 620 594 648 res
627 612 872 663 argumento
903 608 1022 649 huius
1047 612 1285 662 praetextae
1315 611 1510 650 conserta
1533 619 1644 662 age-

149 677 288 732 batur,
318 680 501 722 nondum
533 679 645 721 Nero
678 681 891 734 Claudius,
921 683 996 724 sed
1028 685 1124 723 tunc
1148 681 1351 723 Domitius
1371 680 1643 723 Aenobarbua

147 758 323 796 vocatus
352 759 430 808 est,
462 756 573 810 quod
603 769 733 811 puero
748 757 939 809 Domitio,
974 769 1058 799 non
1086 757 1265 811 principi
1294 755 1463 809 Neroni,
1485 756 1643 810 primae

151 833 295 883 partes
326 831 383 872 ibi
414 831 687 873 demandatae
719 836 850 874 erant.
903 831 1021 882 Quod
1052 820 1269 886 antequam
1298 831 1464 886 longius
1494 842 1646 885 perse-

150 915 270 958 quar,
302 904 438 946 lector
463 906 661 959 respiciat
690 906 815 947 velim
844 906 1054 959 paulisper
1084 906 1134 947 ad
1163 906 1282 947 locos
1313 906 1406 947 illos
1437 917 1561 960 supra
1590 915 1646 948 ex

152 977 332 1032 Dialogo
359 978 549 1020 Tacitino
578 992 614 1020 c.
641 979 668 1021 3
693 983 734 1020 et
769 980 816 1020 11
847 979 930 1020 huc
960 979 1247 1032 transcriptos.
1295 979 1341 1019 ln
1370 979 1510 1032 priore
1527 978 1645 1021 Mar-

152 1063 226 1094 cus
257 1052 371 1107 Aper
402 1053 585 1107 loquitur
612 1057 652 1094 et
682 1053 715 1094 is
742 1065 844 1095 vero
875 1052 1043 1094 nomine
1085 1052 1206 1094 amici
1244 1053 1309 1094 sui
1350 1052 1528 1094 fabulam
1556 1052 1649 1094 Do-

45 1155 49 1158 »
103 1169 112 1175 ,
151 1127 309 1168 mitium
341 1128 542 1181 appellat:
574 1128 615 1169 in
648 1127 778 1170 altero
808 1129 1017 1170 Maternus
1047 1127 1291 1181 pervulgata
1318 1126 1486 1170 licentia
1505 1127 1648 1179 utitur,

152 1214 244 1245 cum
277 1213 385 1254 eum,
417 1202 486 1255 qui
515 1213 591 1243 suo
620 1202 788 1243 nomine
819 1201 1019 1242 Domitius
1050 1206 1222 1242 vocatus
1254 1205 1330 1252 est,
1362 1201 1531 1243 nomine
1550 1204 1647 1254 post

152 1279 362 1330 assumpto
394 1274 599 1317 Neronem
641 1276 914 1329 appellavit5:
962 1275 1042 1316 hoc
1073 1275 1182 1316 enim
1213 1274 1381 1316 nomine
1411 1274 1574 1316 facilius
1605 1278 1647 1316 et

153 1350 275 1392 citius
306 1362 428 1404 quem
459 1349 618 1391 diceret
658 1350 919 1392 audientibus
959 1349 999 1389 in
1045 1349 1284 1391 memoriam
1324 1348 1500 1403 redegit.
1574 1348 1645 1390 Sin

154 1427 301 1466 contra
332 1437 478 1465 verum
509 1423 673 1466 fabulae
702 1435 855 1465 nomen
878 1421 990 1463 Nero
1021 1423 1181 1474 suisset,
1213 1422 1315 1463 nihil
1339 1427 1429 1465 erat
1445 1434 1519 1464 cur
1532 1422 1646 1464 Mar-
1707 1463 1718 1475 s

156 1511 230 1541 cus
259 1497 375 1552 Aper
403 1498 574 1555 Domitii
600 1510 752 1540 nomen
784 1499 826 1539 in
853 1498 1044 1540 oratione
1074 1510 1148 1539 sua
1178 1501 1364 1551 poneret.

291 1572 372 1614 Sed
404 1572 508 1613 baec
540 1572 774 1626 explicandi
803 1573 909 1613 ratio
940 1576 1022 1613 tum
1052 1571 1213 1613 demum
1244 1571 1352 1612 bene
1384 1583 1430 1612 se
1460 1569 1641 1622 habebit,

155 1658 262 1698 cum,
294 1647 504 1700 quomodo
533 1659 635 1700 puer
662 1647 862 1689 Domitius
887 1647 1041 1700 primas
1072 1649 1207 1699 partes
1238 1645 1279 1685 in
1312 1647 1524 1698 praetexta
1554 1644 1647 1685 Ma-

154 1722 262 1764 terni
295 1722 502 1763 sustinere
531 1722 723 1775 potuerit⁷
756 1720 1027 1775 probabiliter
1057 1718 1374 1761 ostenderimus.
1448 1717 1491 1759 ld
1521 1717 1646 1772 igitur

155 1809 266 1839 nunc
299 1807 485 1851 agamus.

291 1871 399 1913 Sat-is
431 1875 573 1912 notum
604 1873 665 1910 est
687 1873 726 1911 et
745 1882 766 1910 a
789 1868 932 1909 Tacito
951 1868 1026 1919 (Χί
1050 1869 1122 1918 12)
1141 1866 1422 1919 Suetonioque
1439 1865 1557 1918 (Ner.
1581 1864 1645 1917 6).

153 1945 371 1996 traditum,
412 1946 587 1998 primam
621 1943 789 1984 Domitii
828 1947 1004 1983 aetatem
1046 1941 1181 1982 multis
1209 1940 1410 1995 periculis
1442 1939 1647 1981 obiectam

154 2020 302 2071 fuisse,
334 2019 372 2060 si
401 2019 565 2072 quidem
598 2017 765 2059 Valeria
794 2016 1017 2059 Messalina
1051 2015 1212 2057 Claudii
1242 2013 1435 2056 Caesaris
1473 2023 1580 2054 uxor
1609 2015 1649 2054 et

152 2093 272 2136 matri
310 2093 491 2135 Neronis
528 2092 787 2146 Agrippinae
834 2103 999 2144 semper
1045 2090 1209 2131 insensa
1262 2089 1393 2142 ipsum
1439 2090 1643 2140 tamquam

153 2167 380 2209 Britannici
409 2167 614 2208 aemulum
642 2166 741 2207 odio
771 2163 1110 2219 persequebatur.
1172 2162 1352 2204 Infestus
1386 2161 1476 2201 eius
1495 2160 1535 2200 in
1555 2160 1649 2200 Do-

151 2241 309 2282 mitium
342 2241 501 2281 animus
534 2240 680 2280 favore
709 2238 849 2292 populi
885 2237 1074 2288 Romani,
1120 2236 1229 2277 hunc
1263 2239 1306 2274 ut
1334 2235 1499 2274 unicam
1537 2231 1646 2273 Ger-

152 2314 305 2356 manici
347 2313 534 2354 subolem
575 2312 814 2354 venerantis
857 2324 906 2352 ac
947 2310 1151 2360 foventis,
1186 2308 1353 2349 multum
1387 2304 1637 2347 irritabatur.

153 2389 414 2442 Quapropter
444 2386 611 2440 saepius
643 2386 684 2425 in
716 2396 767 2426 eo
800 2387 888 2424 erat
918 2387 962 2424 ut
992 2386 1175 2424 extrema
1221 2382 1262 2422 in
1292 2380 1562 2435 Agrippinam
1607 2382 1647 2420 et

154 2463 278 2504 filium
310 2462 399 2503 eius
431 2460 614 2502 auderet.
675 2458 893 2500 Emanavit
921 2457 1041 2499 etiam
1072 2457 1111 2497 in
1142 2456 1290 2510 vulgus
1323 2456 1473 2496 missos
1493 2467 1516 2495 a
1535 2454 1648 2495 Mes-

155 2536 286 2579 salina
320 2536 389 2589 qui
419 2534 640 2575 Domitium
673 2545 844 2586 puerum
875 2531 1162 2573 meridiantem
1191 2529 1522 2583 strangularent‚
1570 2526 1645 2568 sed

158 2621 233 2651 eos
266 2609 407 2649 divino
439 2607 593 2648 auxilio
626 2606 676 2647 ab
708 2605 841 2646 atroci
873 2605 1037 2658 incepto
1067 2603 1255 2657 repulsos
1287 2613 1394 2644 esse.
1480 2600 1539 2640 De
1566 2610 1646 2652 qua
1703 2597 1705 2599 ’

157 2684 266 2725 fama
279 2680 561 2725 Suetoniuml.
585 2693 621 2721 c.
653 2680 758 2721 baec
791 2682 1025 2721 narrantem
1058 2678 1293 2720 audiamus:
1321 2674 1459 2728 qratia
1487 2671 1646 2725 quidem
1708 2719 1712 2722 ,

158 2761 197 2799 et
220 2755 407 2810 potentia
435 2766 566 2807 usque
599 2765 647 2794 eo
677 2751 818 2807 floruit
846 2752 1120 2803 (Domitius),
1162 2755 1206 2790 ut
1235 2751 1447 2790 emanaret
1475 2745 1518 2787 in
1548 2745 1646 2786 vut-

271 2920 305 2956 5.
334 2919 458 2956 eadem
485 2917 595 2954 venia
621 2917 779 2953 Tacitum
804 2926 907 2951 usum
933 2925 1013 2951 esse
1028 2914 1075 2949 Vl
1106 2915 1147 2950 15
1180 2923 1199 2949 a
1224 2924 1281 2949 me
1306 2913 1356 2949 ibi
1381 2889 1553 2947 monitum
1576 2913 1642 2945 est.
