1768 3216
146 243 196 280 m
730 220 1029 261 ms'rORIARVM
1411 222 1444 247 a.
1471 220 1508 245 11.
1535 208 1621 245 822.

151 361 270 410 atque
300 350 428 393 Icelus
459 355 659 389 consensu
689 352 772 382 non
804 343 884 380 tam
908 350 1031 380 unum
1062 336 1238 390 aliquem
1270 330 1471 374 fovebant
1499 338 1623 384 quam

149 431 281 473 alium.
339 426 476 477 Neque
506 422 592 463 erat
622 416 774 458 Galbae
805 415 946 468 ignota
978 409 1151 452 Othonis
1183 420 1231 448 ac
1267 404 1345 446 Titi
1374 401 1485 444 Vinii
1515 400 1624 443 ami-

151 504 244 546 citia
261 516 272 553 3
303 505 341 543 et
369 495 597 541 rumoribus
627 491 728 533 nihil
759 488 923 532 silentio
955 482 1333 532 transmittentium,
1376 477 1471 532 quia
1500 475 1624 518 Vinio

148 579 269 622 vidua
299 574 393 625 filia,
427 570 590 613 caelebs
610 567 732 619 Otho,
764 576 895 620 gener
917 575 965 604 ac
982 573 1104 603 socer
1124 556 1447 601 destinabantur.
1490 550 1627 594 Credo

117 657 187 696 set
215 651 276 694 rei
304 647 494 704 publicae
532 654 669 686 curam
699 640 886 691 subisse,
928 638 1075 680 frustra
1116 648 1138 677 a
1178 633 1344 675 Nerone
1387 627 1628 679 translatae,

146 728 183 771 si
212 724 316 780 apud
349 722 550 764 Othonem
579 717 892 770 relinqueretur.
952 712 1133 764 Namque
1169 708 1274 751 Otho
1310 705 1528 761 pueritiam
1560 702 1629 744 in-

149 801 326 852 curiose,
358 793 680 840 adulescentiam
704 790 932 845 petulanter
957 791 1114 842 egerat,
1146 788 1287 839 gratus
1304 780 1460 824 Neroni
1483 789 1630 822 aemu-

148 875 303 917 latione
347 872 479 913 luxus.
538 869 680 921 quue
733 866 813 907 iam
859 865 1084 918 Poppaeam
1137 859 1354 909 Sabinam,
1400 852 1630 910 principale

152 952 358 999 scortum,
407 949 451 986 ut
490 942 593 997 apud
637 941 844 983 conscium
885 938 1124 988 libidinum,
1175 934 1445 987 deposuerat,
1494 928 1631 995 donee

102 1038 140 1066 ιο
154 1021 364 1064 Octaviam
394 1031 564 1061 uxorem
595 1016 844 1058 amoliretur.
888 1013 985 1054 Mox
1014 1014 1245 1065 suspectum
1278 1009 1317 1049 in
1349 1006 1495 1050 eadem
1519 1004 1632 1059 Pop-

152 1108 255 1151 paea
299 1096 340 1136 in
382 1092 636 1148 provinciam
679 1089 926 1132 Lusitaniam
978 1087 1117 1141 specie
1163 1084 1384 1139 legationis
1431 1080 1629 1136 seposuit.
1665 1129 1672 1136 ι

156 1171 260 1212 Otho
292 1169 463 1211 comiter
493 1166 772 1209 administrata
802 1162 1014 1218 provincia
1054 1161 1207 1215 primus
1254 1160 1294 1200 in
1324 1161 1462 1212 partes
1492 1161 1634 1198 trans-

155 1256 348 1299 gressus,
391 1255 468 1284 nec
499 1242 640 1296 segnis
672 1244 733 1292 et,
775 1239 908 1280 donec
939 1236 1086 1278 bellum
1118 1236 1215 1286 suit,
1257 1235 1364 1276 inter
1392 1234 1634 1287 praesentes

156 1317 535 1372 splendidissimus,
579 1327 691 1369 spem
724 1313 956 1367 adoptionis
988 1311 1123 1352 statim
1154 1312 1394 1362 conceptam
1426 1307 1562 1349 acrius
1595 1305 1637 1346 111

105 1406 143 1436 ¹5
158 1392 246 1434 dies
277 1391 474 1450 rapiebat,
508 1389 737 1432 faventibus
767 1388 973 1442 plerisque
993 1386 1176 1436 militum,
1207 1396 1338 1437 prona
1356 1383 1396 1423 in
1426 1394 1519 1424 eum
1545 1380 1635 1423 aula

155 1439 621 1508 Neronffsiiiiileni.
683 1462 763 1506 Sed
795 1462 921 1503 Galba
951 1465 1045 1515 post
1074 1460 1238 1500 nuntios
1261 1457 1532 1500 Germanicae
1562 1455 1704 1498 se-14

295 1602 327 1635 1.
356 1598 526 1634 consensi}
554 1598 627 1633 Ma:
657 1598 683 1632 G
710 1609 888 1632 consensu.
964 1598 997 1633 2.
1028 1597 1082 1630 titi
1106 1596 1182 1630 uini
1207 1594 1271 1629 Ma.
1370 1595 1403 1629 3.
1434 1593 1545 1628 nichil
1571 1592 1635 1629 illa.

155 1649 189 1684 4.
217 1648 352 1694 caeleps
376 1647 441 1682 Ma.
525 1649 556 1682 5.
585 1649 684 1692 reip.
713 1645 777 1681 Ma.
857 1646 891 1680 8.
920 1657 1031 1691 poppe
1057 1645 1121 1679 Ma.
1201 1643 1410 1690 principale*
1435 1642 1499 1678 Ma.
1580 1645 1635 1679 10.

156 1697 337 1731 Octaviam
361 1706 504 1730 uxorem
531 1694 595 1738 Ma,
623 1695 769 1729 Octavia
791 1705 880 1727 uxor
907 1693 977 1727 BG.
1058 1704 1194 1739 poppca
1224 1691 1288 1727 Ma.
1375 1695 1427 1727 11.
1453 1693 1638 1739 provincia

156 1744 229 1780 Ma:
256 1745 283 1780 G
304 1745 502 1791 prouincia.
580 1744 634 1778 14.
665 1744 758 1778 indie
782 1742 847 1786 Ma,
876 1752 947 1775 11011
974 1741 1101 1776 Furiae
1128 1743 1165 1775 in
1186 1741 1287 1775 diem.

158 1862 383 1905 interponat:
422 1871 500 1893 nam
536 1871 559 1894 a
585 1860 704 1894 littera
730 1871 750 1893 a
778 1869 862 1904 pro-

930 1860 968 1892 in
1002 1859 1121 1903 fomite
1154 1860 1340 1903 [lammam.
1392 1859 1446 1893 De
1481 1869 1519 1893 re
1546 1858 1639 1894 Sue-

160 1911 254 1943 xima
279 1909 378 1942 vocis
405 1908 578 1941 consulem
610 1908 747 1951 syllaba
774 1907 864 1941 hau-

931 1908 1049 1940 tonius
1081 1906 1161 1940 0111.
1191 1908 1225 1941 5.

160 1959 224 1991 riri
260 1969 278 1990 c
310 1967 330 1990 a
367 1956 607 2000 subsequente
652 1968 671 1990 c
714 1957 865 1990 nominis
916 1990 920 1996 .

165 2005 363 2039 Cornelium
388 2004 585 2038 oblitterari
612 2004 718 2038 facile
739 2005 865 2048 potuit.

162 2053 216 2087 De
242 2052 337 2087 Icelo
363 2063 396 2086 v.
427 2058 545 2087 annot.
579 2052 620 2086 ad
648 2064 679 2087 c.
710 2053 743 2087 6.

237 2112 342 2145 eoque
369 2101 441 2134 iam
466 2101 660 2146 Poppaeam
688 2122 733 2127 --
761 2101 866 2146 depo-

167 2150 256 2183 suit:
282 2159 375 2182 1111110
399 2149 559 2183 breviter
585 2148 673 2182 hanc
704 2160 776 2183 rem
803 2149 867 2182 ab-

167 2197 287 2239 solvit,
313 2208 414 2242 quam
443 2198 623 2242 copiosius
651 2202 685 2231 et
711 2198 868 2243 diligen-

168 2246 239 2279 tius
267 2250 435 2279 executus
452 2251 504 2279 est
521 2246 703 2290 aliquanto
730 2251 808 2291 post
833 2247 867 2279 iu

165 2293 360 2327 Annalibus
386 2293 464 2327 XIII
489 2295 534 2328 45
565 2299 599 2328 et
624 2294 692 2338 46;
728 2295 772 2328 cf.
803 2306 868 2328 an-

166 2346 237 2376 not..
265 2341 307 2375 ad
332 2341 409 2375 Xlll
439 2342 496 2376 45.
590 2344 627 2375 in
652 2344 869 2388 provinciam

168 2389 386 2423 Lusitaniam
419 2391 530 2435 specie
562 2391 743 2436 legationis
769 2404 869 2437 sepo-

168 2437 261 2470 suit:
285 2438 427 2472 Sueten.
454 2437 534 2472 Oth.
562 2440 605 2473 3:
632 2441 796 2485 sepositus
823 2446 869 2474 est

167 2496 231 2530 per
267 2497 406 2519 causam
441 2486 624 2531 legationis
657 2490 694 2520 in
728 2488 870 2522 Lusita-

168 2533 264 2566 niam
277 2544 288 2566 .·
306 2534 350 2567 cf.
365 2539 482 2568 annot.
495 2534 536 2568 ad
551 2535 618 2569 H.I
639 2538 691 2571 10.
739 2539 870 2582 primus

169 2581 208 2613 in
232 2587 353 2625 partes
379 2588 638 2628 transyressus:
666 2586 759 2620 conf.
786 2585 870 2619 Plu-

168 2628 282 2663 tarchi
310 2629 419 2663 Galba
446 2642 475 2664 c.
503 2632 560 2666 20.

242 2689 336 2722 spem
376 2679 568 2724 adoptionis
605 2682 719 2714 statim
745 2693 871 2716 conce-

164 2730 262 2770 ptam
286 2727 403 2759 acrius
439 2730 478 2760 in
510 2728 581 2761 dies
613 2729 789 2774 rapiebat.-
829 2730 871 2764 ad

169 2772 435 2808 similitudinem
461 2775 620 2810 flammae
640 2778 761 2812 fomite
784 2789 873 2813 con-

172 2825 295 2863 ceptae
321 2827 515 2868 raptaeque
546 2824 634 2859 haec
661 2825 754 2860 dicta
779 2833 870 2862 sunt.

171 2867 313 2911 Proprie
379 2871 549 2916 Virgilius
587 2874 676 2908 Aen.
718 2875 733 2908 I
782 2877 872 2910 175:

171 2917 382 2961 suscepitque
397 2921 510 2963 ignem
523 2920 628 2964 foliis,
649 2929 748 2967 atque
769 2924 874 2957 arida

125 2975 129 2980 ·
175 2964 308 2998 circum
325 2967 537 3001 nutrimenta
565 2969 667 3014 dedit,
693 2973 875 3019 rapuitque

1006 1953 1090 1999 Cap.
1121 1958 1175 1989 14.
1227 1956 1399 1989 accersiri
1423 1956 1536 1990 iubet:
1564 1955 1641 1989 sor-

934 2014 1021 2037 mam
1050 2003 1246 2047 pleniorem
1275 2009 1310 2038 et
1336 2005 1450 2038 minus
1477 2005 1640 2039 usitatam

935 2052 1047 2097 elegit
1073 2051 1234 2094 't‘acituS,
1275 2053 1317 2086 ab
1350 2052 1546 2087 editoribus
1574 2064 1641 2087 au-

937 2105 1035 2134 ctore
1063 2101 1088 2134 1.
1108 2100 1163 2135 Fr.
1186 2101 1365 2135 Gronovio
1392 2112 1513 2146 parum
1538 2108 1641 2136 caute

934 2154 1102 2183 remotam
1131 2154 1166 2183 et
1192 2154 1359 2184 imitatam
1390 2151 1535 2185 arcessi.
1563 2150 1641 2185 ‘Sed

935 2198 977 2231 ab
1009 2198 1177 2231 accedere
1203 2199 1303 2232 verbi
1331 2200 1502 2234 causativi
1531 2200 1642 2234 forma

937 2251 1004 2279 tam
1022 2258 1160 2280 arcesso
1189 2258 1290 2291 quam
1319 2259 1462 2282 accerso
1489 2247 1641 2291 ducitur,

937 2300 971 2328 et
1006 2295 1203 2329 infinitivus
1233 2296 1330 2330 verbi
1366 2298 1576 2341 posterioris
1606 2299 1640 2331 111

936 2345 1075 2387 passiva
1100 2345 1278 2388 positione
1305 2346 1410 2379 modo
1430 2346 1548 2392 legem
1569 2351 1643 2381 ter-

936 2394 1006 2426 tiae
1023 2395 1203 2439 συζυγίας
1218 2395 1396 2439 (accersi),
1414 2395 1519 2429 modo
1534 2406 1643 2441 quar-

936 2446 993 2475 tae
1031 2442 1202 2475 accersiri
1234 2443 1408 2487 sequitur.
1460 2443 1514 2479 Cf.
1542 2444 1643 2479 Doe-

937 2489 1079 2523 derlinii
1107 2490 1301 2535 Synonym.
1331 2496 1365 2526 et
1392 2491 1600 2539 Etymolog.
1618 2497 1643 2526 t.

935 2537 981 2571 111
1011 2549 1045 2582 p.
1079 2538 1148 2574 281
1185 2543 1219 2572 et
1256 2539 1465 2574 Forcellinii
1500 2541 1645 2576 lexicon

939 2587 975 2620 111
1003 2586 1187 2621 Germania
1219 2589 1364 2624 editum.
1416 2589 1530 2624 Etiam
1547 2591 1645 2634 prior

936 2635 1118 2670 Mediceus
1158 2635 1306 2670 sormam
1342 2649 1486 2677 accerso
1525 2643 1646 2672 tuetur

937 2683 984 2716 lv
1011 2684 1070 2727 29,
1100 2684 1191 2719 alter
1217 2685 1308 2719 infra
1337 2697 1367 2721 c.
1396 2686 1456 2722 38.
1490 2686 1544 2722 De
1569 2686 1645 2721 Ru-

936 2731 1048 2766 bellio
1075 2732 1200 2767 Plauto
1223 2745 1257 2768 v.
1286 2734 1361 2769 tnd.
1389 2734 1472 2769 hist.

1010 2781 1088 2814 Piso
1113 2782 1238 2816 Marco
1256 2783 1384 2817 Crasso
1412 2789 1444 2817 et
1457 2783 1647 2818 Scribonia

938 2829 1094 2874 yenitus:
1119 2836 1285 2874 parentes
1314 2831 1454 2864 Pisonis
1475 2831 1645 2867 Claudius

939 2879 1084 2911 necavit
1126 2881 1260 2923 (minus
1299 2884 1398 2913 recte
1437 2879 1645 2916 Plutarchus

943 2926 979 2958 in
1007 2926 1107 2961 Galb.
1149 2929 1196 2962 23
1230 2929 1330 2962 necis
1364 2933 1545 2964 auctorem
1571 2931 1646 2965 Ne-

943 2984 1069 3009 ronem
1095 2975 1240 3024 tradit),
1267 2977 1354 3011 item
1390 2976 1535 3014 fratrem
1566 2980 1643 3016 eius
