1768 3216
600 701 1194 752 ADDITAMENTVM
1411 639 1431 679 '

174 819 249 862 AD
289 819 519 862 DIALOG!
560 817 678 860 CAP.
721 821 748 858 3
791 817 866 857 ΕΤ
910 819 961 857 11
1002 815 1077 856 ΒΕ
1117 814 1392 857 MATERNO
1429 813 1616 857 POETA

283 903 527 956 EIVSQVE
568 903 804 945 DOMITIO
848 900 976 943 SIVE
1018 901 1246 943 NERONE
1288 899 1510 942 FABVLA

698 986 1046 1030 PRAETEXTA
1064 988 1088 1028 ¹.

283 1231 373 1280 Quo
417 1241 525 1270 anno
556 1228 757 1282 Diatoqus
798 1228 848 1269 de
888 1226 1166 1280 Oratoribus,
1205 1240 1229 1268 a
1273 1226 1468 1270 Cornelio
1501 1226 1644 1269 Tacito

146 1306 297 1348 iuvene
329 1304 591 1357 conscriptus
622 1307 662 1344 et
694 1303 843 1355 editus,
875 1303 1039 1344 habitus
1072 1314 1166 1344 esse
1195 1301 1376 1358 fingitur,
1409 1301 1449 1343 h.
1479 1315 1516 1344 e.
1535 1313 1644 1344 anno

146 1384 239 1434 post
271 1379 477 1420 Christum
508 1382 647 1419 natum
682 1378 993 1432 septuagesimo
1026 1377 1169 1431 quinto
1198 1377 1289 1419 sive
1330 1380 1451 1418 sexto
1481 1377 1646 1430 Vespa-

149 1454 256 1496 siani
286 1453 485 1507 principis
516 1453 732 1494 consulatu
764 1453 840 1504 (cf.
867 1465 903 1493 c.
932 1453 1019 1506 17),
1052 1463 1157 1494 unus
1180 1464 1232 1493 ex
1262 1451 1643 1503 interlocutoribus,

149 1529 354 1572 Curiatius
367 1528 578 1570 Maternus
610 1532 753 1569 orator
784 1532 824 1569 et
853 1531 991 1581 poeta,
1023 1530 1190 1580 praeter
1220 1526 1378 1580 aliquot
1404 1525 1646 1582 tragoedias

149 1603 312 1646 Graeco
341 1614 459 1645 more
490 1601 742 1656 compositas
774 1601 879 1642 duas
910 1604 1147 1656 praetextas
1189 1601 1419 1654 scripserat
1455 1604 1498 1643 et
1531 1600 1650 1643 reci-

150 1682 326 1731 taverat,
360 1677 582 1718 Domitium
605 1689 743 1729 unam,
776 1676 946 1718 alteram
963 1676 1171 1717 Catonem.
1232 1676 1430 1718 Catonem
1461 1675 1652 1730 proximo

152 1753 221 1795 die
254 1765 374 1806 quam
410 1751 661 1805 colloquium
694 1751 746 1792 de
778 1750 1015 1792 oratoribus
1046 1750 1230 1792 habitum
1263 1763 1357 1793 esse
1389 1750 1520 1792 fertur
1537 1750 1654 1792 reci-

150 1831 310 1869 taverat
340 1839 389 1868 ac
418 1825 590 1867 liberius
623 1837 729 1879 quae
758 1825 932 1866 sentiret
962 1824 1004 1865 in
1044 1838 1094 1866 ea
1136 1824 1273 1866 fabula
1315 1824 1503 1866 elocutus
1545 1823 1654 1878 apud

149 1902 379 1956 potentium
410 1900 570 1942 animos
604 1899 851 1940 offenderat.
896 1899 957 1940 De
987 1899 1067 1940 hac
1098 1911 1145 1940 re
1175 1899 1341 1941 Marcus
1372 1898 1488 1953 Aper
1505 1902 1652 1953 patro-

153 1988 230 2017 nus
263 1986 480 2017 causarum
509 1979 549 2016 et
580 1975 738 2016 amicus
768 1974 945 2014 Materni
977 1973 1084 2027 apud
1118 1973 1303 2015 Tacitum
1335 1977 1395 2024 (c.
1419 1973 1468 2024 3)
1487 1972 1656 2028 protulit

154 2062 260 2103 quae
292 2053 543 2102 sequuntur:
590 2049 694 2089 adeo
724 2053 761 2088 te
791 2047 1029 2101 traqoedc'ae
1059 2047 1165 2089 istae
1195 2060 1278 2088 non
1305 2047 1486 2099 satiant,
1526 2045 1658 2100 inquit

152 2123 281 2175 Aper,
313 2134 392 2175 quo
424 2122 557 2162 minus
586 2121 750 2162 omissis
779 2121 1012 2162 orationum
1044 2124 1083 2161 et
1110 2133 1336 2162 causarum
1358 2120 1507 2162 studiis
1537 2132 1655 2162 omne

151 2200 309 2249 tempus
335 2197 454 2237 modo
486 2196 602 2237 circa
631 2195 827 2248 Medeam,
858 2209 951 2236 ecce
981 2208 1090 2236 nanc
1118 2195 1235 2236 circa
1257 2194 1467 2248 Thyestem
1499 2206 1655 2236 consa-

150 2283 254 2324 mas,
286 2283 376 2312 cum
409 2274 446 2311 te
476 2274 534 2311 tot
564 2269 791 2311 amicorum
823 2282 1004 2320 causae,
1036 2274 1095 2310 tot
1124 2269 1381 2311 coloniarum
1407 2273 1447 2311 et
1476 2268 1656 2311 munim·-

231 2432 261 2465 1.
291 2430 343 2464 De
382 2430 540 2464 Materno
582 2431 784 2476 fabulisque
822 2431 865 2464 ab

153 2490 196 2514 eo
234 2479 441 2522 compositis
478 2489 569 2524 quae
611 2479 678 2513 hoc
715 2479 866 2513 Addita.-

149 2532 271 2561 mento
299 2527 533 2570 disputantur,
561 2528 646 2561 olim
674 2540 693 2561 a
721 2539 866 2562 me'ex-

150 2577 268 2620 posita
297 2579 378 2608 sunt
404 2577 440 2608 in
466 2576 570 2610 tertio
607 2577 723 2619 capite
759 2587 866 2620 prae-

150 2624 298 2658 fationis
311 2622 474 2667 opusculi
488 2625 540 2657 sic
555 2623 716 2668 inscripti
731 2636 738 2656 :
756 2625 866 2658 Octa-

149 2674 210 2706 via
244 2672 442 2706 Praetexta.
506 2672 664 2706 Curiatio
702 2673 865 2706 Materno

150 2721 387 2763 vindicatam,
417 2720 464 2754 acl
487 2720 593 2754 libros
621 2722 780 2765 antiquos
807 2732 867 2754 re-

153 2770 339 2814 coynitam,
368 2769 463 2802 brevi
488 2769 716 2802 adnotatione
732 2770 866 2802 instru-

153 2824 244 2852 ctam
270 2818 376 2851 edidit
395 2818 604 2851 Franctscus
622 2819 736 2852 Ritter
758 2817 866 2851 West-

151 2865 257 2910 salus.
289 2866 432 2900 Bonnac
459 2864 804 2900 MDCCCXXXXIH.
830 2865 865 2899 8.

152 2914 233 2947 Illic
283 2915 410 2959 capitis
457 2915 728 2958 inscriptionem
775 2913 867 2947 hanc

153 2962 283 3006 posui:
329 2962 485 2997 Materni
507 2969 715 3009 praetextae
742 2963 866 2998 Domi-

937 2432 1003 2465 tius
1020 2437 1051 2465 et
1065 2431 1164 2474 Cato,
1186 2430 1390 2477 traqoediae
1403 2440 1500 2464 more
1518 2429 1655 2465 Graeco

938 2480 1065 2513 Medea
1091 2486 1122 2514 et
1147 2480 1388 2525 Agamemnon
1425 2484 1456 2512 et
1486 2478 1654 2524 Thyestes.

936 2528 972 2560 ln
1018 2530 1147 2562 ceteris
1185 2538 1364 2573 perpauca
1400 2537 1496 2561 nunc
1538 2526 1656 2562 addita

935 2582 1016 2609 sunt
1042 2582 1103 2610 aut
1126 2581 1272 2611 mutata.

1007 2650 1040 2682 2.
1070 2647 1140 2682 Diu
1165 2651 1241 2682 erat
1264 2651 1498 2692 posteaquam
1519 2645 1655 2681 Cilnius

938 2696 1123 2730 Maecenas
1170 2696 1354 2730 Octaviam
1393 2704 1517 2739 parum
1553 2693 1654 2730 cele-

937 2744 1071 2778 bratam
1109 2745 1311 2789 scripserat.
1367 2742 1508 2777 Persius
1546 2753 1654 2788 prae-

938 2797 1069 2826 textam
1117 2793 1236 2827 Veseio
1289 2797 1341 2838 (v.
1379 2792 1542 2826 Suetonii
1580 2793 1655 2826 vita

937 2840 1054 2886 Pers.)
1083 2840 1150 2874 sibi
1178 2841 1314 2875 fecerat
1341 2841 1497 2883 iuvenis,
1526 2839 1591 2875 sed
1616 2839 1652 2872 in

937 2889 1066 2936 vulgus
1096 2900 1138 2923 ea
1164 2899 1235 2923 non
1262 2889 1357 2924 edita
1386 2893 1450 2926 est,

1009 2961 1043 2995 3.
1071 2961 1231 2996 Nominis
1264 2960 1414 2996 formam
1447 2960 1485 2996 in
1511 2960 1652 2995 Nerone
