1768 3216
54 631 112 672 40
123 620 304 665 tionibus
336 630 598 668 censeantur.

714 215 800 251 Cn.
827 217 983 255 39—40.

1539 224 1614 261 241

122 321 331 366 Vatinium
362 337 571 370 concursu
612 330 737 372 totius
767 332 945 375 civitatis
983 338 1024 375 et
1060 339 1280 377 accusatos
1320 339 1363 379 et
1399 335 1613 391 defensos,

121 401 168 439 ut
194 397 491 454 frigidissimos
520 414 684 458 quoque
714 410 903 449 oratores
935 408 1022 462 ipsa
1062 410 1260 452 certantis
1299 410 1440 465 populi
1478 412 1616 454 studia

125 471 311 516 excitare
341 478 383 515 et
412 475 643 519 incendere
673 481 894 533 potuerint.
955 481 1096 537 ltaque
1124 484 1304 526 Hercule
1335 485 1540 528 eiusmodi
1558 486 1616 528 lt-

122 545 189 588 hri
220 551 383 601 extant,
429 554 473 591 ut
502 551 582 605 ipsi
611 565 775 607 quoque
805 556 874 609 qui
906 562 1081 611 egerunt
1111 570 1195 600 non
1226 559 1318 601 aliis
1349 561 1482 615 magis
1515 573 1615 603 ora-

659 627 743 669 Iam
773 642 875 671 vero
908 631 1126 674 contiones
1157 633 1358 676 adsiduae
1390 638 1431 675 et
1471 635 1608 677 datum
1627 647 1646 679 5

121 695 188 737 ius
217 698 545 750 potentissimum
579 713 782 756 quemque
812 705 993 746 vexandi
1024 710 1145 760 atque
1175 708 1263 761 ipsa
1304 709 1615 751 inimicitiarum

124 769 286 824 gloria,
333 785 424 814 cum
464 787 511 816 se
541 775 705 828 plurimi
736 777 986 821 disertorum
1017 792 1070 822 ne
1100 794 1124 822 a
1150 781 1292 823 Publio
1325 783 1490 836 quidem
1519 784 1616 826 Sci-

122 844 250 898 pione
278 850 349 888 aut
377 848 506 890 Lucio
538 850 650 892 Sulla
680 856 749 892 aut
779 852 922 895 Gnaeo
948 854 1143 909 Pompeio
1172 856 1457 910 abstinerent,
1489 862 1530 900 et
1561 858 1615 900 ad

122 918 399 963 incessendos
429 924 639 978 principes
669 926 808 979 viros,
856 932 899 968 ut
941 933 1005 969 est
1044 934 1189 971 natura
1230 931 1436 984 invidiae,
1476 932 1617 987 populi

123 1005 289 1049 quoque
320 1000 362 1036 et
385 1001 614 1039 ceterorum
634 1000 784 1052 pronis
815 1001 983 1043 auribus
1013 1006 1240 1056 uterentur,
1275 1010 1469 1058 quantum
1489 1006 1670 1049 ardo-io

122 1080 213 1112 rem
243 1069 449 1126 ingeniis,
489 1085 591 1126 quas
620 1075 858 1117 oratoribus
903 1077 1019 1119 iaces
1062 1078 1364 1120 admovebant!

218 1249 254 1284 4.
282 1249 418 1294 eyerint
443 1249 512 1284 litt.
542 1251 557 1284 i
580 1250 770 1285 subnotata
799 1257 833 1285 et
859 1262 1036 1296 superscr.
1063 1265 1083 1286 o
1109 1253 1145 1287 P.

126 1296 163 1330 Ρ.
190 1296 227 1331 Ρ.
301 1297 338 1332 8.
369 1297 476 1332 Lucio
503 1299 635 1332 adiecit
661 1300 788 1334 editor.

1437 1081 1528 1123 Non
1565 1081 1618 1123 de

1244 1254 1278 1287 5.
1308 1265 1406 1287 conc.
1435 1255 1468 1287 l'.
1583 1256 1617 1289 7.

863 1300 964 1346 Sylla
989 1300 1026 1343 P,
1055 1301 1134 1334 Sita
1161 1301 1198 1334 F.
1280 1302 1345 1336 Gn.
1374 1301 1409 1335 P.
1500 1302 1554 1337 10.
1586 1308 1619 1340 el

125 1350 320 1381 ceterorum
340 1347 466 1392 pronis
492 1347 628 1382 editor:
656 1354 688 1382 et
713 1348 901 1383 histriones
927 1359 1006 1383 curn
1034 1350 1164 1383 ceteris
1191 1349 1227 1382 P.

125 1512 305 1548 defensus.
362 1512 494 1548 Extant
543 1516 621 1548 eius
665 1517 837 1550 orationis

124 1562 325 1608 fragmenta
337 1567 374 1596 et
385 1562 667 1598 Commentarius
678 1566 835 1599 Asconii.

201 1634 310 1668 Titum
322 1634 513 1670 Milonem.-
541 1636 623 1669 tttito
650 1637 694 1669 de
721 1638 754 1670 vi
775 1647 838 1670 ac-

125 1687 268 1716 cusatus
308 1688 362 1717 est
400 1695 431 1717 a.
472 1684 568 1725 702,
605 1696 626 1718 a
663 1683 838 1719 Cicerone

125 1731 255 1765 trustra
279 1731 461 1765 defensus.
512 1732 697 1767 Ciceronis
724 1735 838 1767 oratio

124 1790 194 1812 non
221 1781 257 1813 iu
281 1780 415 1814 iudicio
441 1780 562 1815 habita
585 1787 652 1824 est,
678 1783 741 1816 sed
761 1787 839 1827 post

122 1830 256 1872 scripta
282 1834 319 1863 et
347 1828 454 1863 edita.

207 1900 355 1934 Lucium
394 1900 570 1934 Bestiam:
627 1900 839 1945 Calpurnius

124 1948 267 1991 Bestia,
293 1960 313 1982 e
339 1949 515 1993 petitione
539 1955 727 1994 praeturae
762 1961 840 1984 am-

123 1997 218 2031 bitus
242 2007 326 2031 reus
352 2008 385 2032 a.
408 1997 500 2040 698,
526 2009 546 2032 a
574 1996 748 2032 Cicerone
773 1998 840 2032 de-

123 2045 247 2079 tensus
273 2051 338 2079 est.
367 2045 494 2079 Cicero
515 2046 558 2080 ad
577 2046 745 2088 Quintum
765 2047 841 2080 fra-

123 2098 211 2128 trem
229 2093 262 2128 lt
287 2095 322 2136 3,
353 2093 507 2139 Philipp.
538 2094 581 2128 ,xl
607 2096 628 2130 5
656 2100 691 2130 et
716 2094 779 2128 ΧΠ
803 2096 839 2130 8.

207 2164 363 2199 Publium
415 2165 617 2199 Vatinium:
666 2166 761 2200 conf.
797 2166 839 2199 ad

124 2223 155 2246 c.
182 2215 240 2248 21.

196 2307 356 2352 Cap.40.
386 2308 494 2342 Lucio
521 2308 647 2341 Sulla:
684 2317 839 2351 praeno-

126 2366 207 2390 men
233 2356 367 2399 Sullae,
397 2356 607 2399 compendio
620 2355 660 2388 L.
689 2365 838 2398 expres-

123 2415 198 2438 sum
225 2405 261 2438 in
288 2404 379 2439 libro
400 2405 615 2450 antiquiore,
636 2414 656 2437 a
678 2404 837 2448 proximo

122 2454 239 2487 scriba
265 2453 470 2499 neglectum
499 2459 565 2487 est.
601 2451 688 2486 Nam
715 2462 838 2485 omnes

123 2506 196 2536 tres
229 2503 290 2548 qui
326 2503 362 2535 in
404 2501 604 2545 exemplum
635 2500 838 2534 referuntur

123 2551 191 2584 viri
224 2549 366 2584 nobiles
399 2556 432 2583 et
468 2550 554 2583 clari
591 2554 649 2582 aut
675 2547 837 2592 simplice

122 2601 267 2632 nomine
303 2603 363 2630 aut
402 2598 494 2631 binis
542 2596 715 2631 vocandi.
737 2601 836 2629 erant

123 2646 191 2690 (cf.
217 2646 260 2680 ad
276 2645 459 2688 x11130):
486 2645 596 2679 Taciti
624 2649 741 2678 autem
756 2649 835 2678 stu..

122 2694 217 2728 dium
255 2694 506 2728 concinnitatis
549 2703 619 2726 non
653 2694 834 2737 permisit,

122 2747 160 2775 nt
200 2743 294 2776 inter
333 2742 495 2776 Publium
549 2742 752 2785 Scipionem
799 2746 835 2775 et

123 2791 281 2826 Gnaeum
295 2790 501 2835 Pompeium
518 2799 582 2823 suo
602 2789 834 2834 praenomine

122 2839 220 2875 Sulla
247 2845 397 2874 careret.
425 2839 486 2873 Sic
499 2838 605 2883 paulo
626 2843 710 2872 ante
727 2838 835 2883 quin-

122 2899 191 2934 que
217 2887 359 2922 nobiles
388 2888 538 2923 Romani
572 2897 695 2921 omnes
727 2896 835 2930 prae-

121 2937 325 2974 nominihus
350 2938 424 2972 suis
452 2934 623 2983 appellati
647 2939 742 2972 sunt.
779 2933 833 2971 Cf.

227 3022 350 3054 Tacitus
370 3021 424 3053 tv.

908 1515 1051 1550 v146:
1096 1516 1183 1549 Gaio
1223 1515 1373 1548 Caesari
1413 1517 1505 1559 [orte
1543 1522 1618 1550 orto

905 1576 1065 1598 sermone
1092 1563 1234 1597 Lucium
1272 1564 1406 1597 Sullam
1439 1563 1620 1607 inridenti,

906 1614 1023 1646 omnia
1049 1611 1170 1646 Sullae
1195 1613 1280 1645 titia
1306 1618 1338 1645 et
1366 1611 1499 1645 nullam
1523 1611 1618 1646 eius-

907 1662 982 1695 dem
1000 1662 1159 1695 virtulem
1184 1660 1382 1694 habiturum
1403 1660 1592 1706 praedia-it.

962 1731 1084 1778 populi
1109 1742 1239 1776 quoque
1265 1737 1296 1764 ct
1323 1737 1516 1765 ceterorum
1531 1742 1620 1776 pros

906 1781 961 1814 nis
975 1781 1119 1814 auribus
1133 1786 1335 1813 uterentur.-
1360 1779 1536 1813 vocabulo
1560 1791 1620 1813 ce-

908 1836 1059 1863 terorum
1078 1828 1295 1874 significavit
1319 1828 1478 1861 ordinem
1505 1838 1620 1873 eque-

907 1883 1035 1919 strem,
1075 1888 1118 1911 ex
1153 1876 1332 1910 nobilibus
1361 1881 1536 1921 quotquot
1561 1877 1620 1910 in-

907 1926 1076 1960 videbant
1103 1927 1188 1959 viris
1220 1924 1419 1958 illustribus
1455 1930 1490 1959 et
1520 1925 1620 1969 prin-

909 1975 1059 2018 cipibnS,
1088 1974 1192 2007 etiam
1221 1982 1283 2007 eos
1309 1974 1368 2018 qui
1396 1984 1440 2006 ex
1466 1974 1621 2006 munici-

908 2025 975 2067 piis
1001 2028 1037 2056 et
1064 2022 1216 2056 coloniis
1250 2022 1284 2054 in
1322 2020 1443 2054 urbem
1482 2031 1621 2054 conve-

907 2076 1045 2104 nerant.
1082 2069 1292 2114 Corruptela
1318 2069 1488 2103 librorum
1515 2079 1621 2102 manu

908 2121 1118 2164 scriptorum
1157 2119 1344 2152 histriones
1378 2128 1422 2151 ex
1448 2126 1621 2161 compen-

908 2179 965 2212 dio
993 2175 1235 2223 &rozl-(pnis,
1262 2178 1407 2220 opinor,
1444 2177 1620 2220 originem

907 2226 1018 2259 duxit.
1094 2225 1289 2259 {leumanni
1332 2223 1619 2267 supplementum

906 2273 1160 2307 adrectioribus
1174 2282 1237 2316 pro
1264 2271 1392 2304 tradito
1420 2276 1451 2304 et
1477 2271 1619 2304 histrio·

904 2333 966 2354 nes
995 2321 1051 2355 vel
1080 2320 1160 2354 ideo
1187 2330 1256 2353 non
1280 2317 1532 2353 admittendum
1560 2318 1619 2351 vi-

906 2368 1019 2406 detur,
1051 2369 1145 2413 quod
1175 2367 1304 2402 vocula
1331 2367 1475 2400 innoxia
1502 2371 1538 2400 et
1564 2367 1620 2400 ci:

907 2422 959 2450 tra
984 2417 1241 2450 dubitationem
1277 2426 1363 2449 sana
1397 2418 1461 2461 (et)
1499 2419 1620 2449 atten-

907 2471 1009 2499 tatur.
1046 2465 1140 2498 ldem
1170 2465 1238 2498 boc
1263 2463 1478 2497 monendum
1504 2462 1619 2497 habeo

907 2513 1076 2548 adversus
1108 2512 1330 2547 Doederlinii
1378 2513 1620 2546 coniecturam

906 2563 1004 2596 istius
1026 2562 1150 2608 pronis
1176 2571 1238 2605 pro
1266 2567 1297 2594 et
1322 2560 1529 2601 histriones,
1571 2569 1618 2591 ne

906 2610 990 2656 quid
1024 2610 1138 2644 dicam
1181 2610 1224 2643 de
1272 2609 1481 2653 pronomine
1519 2607 1618 2640 istius

906 2669 975 2692 non
1003 2663 1085 2703 apte
1114 2658 1266 2692 adiecto.

963 2740 1190 2773 admovebant
1207 2751 1217 2771 .-
1245 2743 1391 2772 auctore
1409 2737 1616 2770 neumanno

903 2788 1024 2832 plures
1051 2787 1206 2822 editores
1241 2790 1399 2820 statuunt
1433 2789 1513 2828 post
1547 2783 1618 2818 hoc

903 2836 1049 2870 verbum
1076 2837 1258 2880 ingentem
1277 2834 1410 2868 hiatum
1426 2843 1517 2867 esse.
1546 2830 1618 2867 Sed

904 2884 993 2918 nihil
1035 2883 1194 2918 excidit:
1245 2893 1323 2917 nam
1360 2882 1539 2917 Maternus
1570 2879 1616 2914 de

904 2932 1031 2970 eodem
1071 2936 1281 2981 argumento
1306 2957 1317 2977 ,
1370 2929 1464 2977 quod
1510 2927 1615 2967 modo

1354 3007 1407 3053 16
