1768 3216
304 51 351 65 η
793 14 825 39 '¹¹
916 19 958 59 f
1039 20 1067 63 ,ff
1171 34 1174 39 ·

310 67 340 132 J
358 85 441 121 {2³³
513 60 544 110 5⁸27
569 104 571 107 Α
627 69 662 100 ‘⁵52‘
775 105 779 114 ι
838 48 971 87 3³⁴5*
1040 29 1324 127 fffhfspft

178 128 194 142 f
221 127 252 150 μζ
770 118 777 125 “

754 222 1066 260 HISTORIARVM
1421 231 1452 254 a.
1481 229 1516 254 u.
1545 218 1631 255 823.

138 236 213 270 360

137 350 289 405 pulsis,
335 346 444 401 quod
473 345 514 386 di
540 342 811 397 prohibeant,
849 340 1046 384 Romanis
1090 338 1187 393 quid
1229 337 1341 380 aliud
1371 348 1496 392 quam
1524 336 1635 378 bella

141 423 320 465 omnium
350 421 455 460 inter
487 430 532 458 se
562 416 748 471 gentium
781 415 991 457 existent?
1043 413 1390 467 Oetingentorum
1434 422 1635 453 annorum

139 497 304 537 fortuna
338 491 643 545 disciplinaque
677 502 904 549 compages
914 489 1046 565 jaffe
1069 487 1266 565 coaluit,
1308 498 1415 540 quae
1456 485 1637 556 CQH

82 561 84 563 ’
140 570 231 611 sine
266 568 393 609 exitio
427 563 748 608 convellentium
785 576 870 605 non
912 567 1063 618 potest.
1126 562 1207 604 Sed
1246 561 1368 619 vobis
1416 560 1638 602 maximum

107 644 364 687 sdiscrimen
384 673 395 694 ,
439 653 570 696 penes
603 652 706 694 quos
740 651 881 681 aurum
915 643 955 680 et
982 650 1111 692 opes,
1151 637 1402 691 praecipuae
1434 635 1636 678 bellorum

138 729 305 759 causae.
366 715 546 757 Proinde
577 727 722 768 pacem
765 718 807 754 et
843 713 1017 765 urbem,
1061 724 1181 766 quam
1224 711 1324 752 vieti
1372 710 1639 763 victoresque

138 792 287 833 eodem
320 790 411 831 iure
443 789 692 840 obtinemus,
726 791 860 830 amate
893 787 1030 828 colite.
1092 786 1289 828 Moneant
1318 796 1395 826 vos
1422 785 1639 838 utriusque

139 866 331 907 lortunae
365 864 612 905 documenta
643 875 696 903 ne
728 862 1032 904 contumaciam
1064 872 1155 902 cum
1186 859 1375 914 pernicie
1406 871 1527 913 quam
1559 858 1641 900 ob-

139 940 327 992 sequium
361 951 451 979 eum
484 938 710 979 securitate
740 934 919 978 malitis‘.
980 935 1066 977 Tali
1099 935 1290 976 oratione
1319 933 1517 988 graviora
1547 944 1641 974 me-

87 1017 303 1054 mtuentes
337 1011 570 1075 composuit
601 1010 831 1075 erexitque.
880 992 990 1077 βω
1012 1000 1223 1076 ὧιωϋιῖ
1283 1010 1367 1052 &aa
1392 989 1669 1075 W

272 1086 535 1127 Tenebantur
581 1086 742 1126 victore
793 1084 982 1125 exercitu
1023 1082 1209 1134 Treviri,
1259 1094 1350 1123 cum
1405 1080 1548 1123 Civilis
1599 1085 1708 1130 et75

0 1154 3 1161 ⁴
40 1147 41 1150 Ἰ
140 1160 348 1202 Classicus
381 1160 534 1201 misere
563 1159 614 1200 ad
635 1158 840 1200 Cerialem
868 1157 1078 1211 epistulas,
1112 1168 1283 1210 quarum
1303 1155 1408 1197 haee
1434 1155 1638 1197 sententia

141 1234 230 1286 fuit,
263 1234 577 1287 Vespasianum,
610 1245 857 1286 quamquam
887 1231 1054 1272 nuntios
1087 1229 1369 1281 occultarent,
1402 1229 1639 1291 excessisse
1670 1255 1674 1259 -

138 1309 245 1358 vita3
286 1308 432 1349 urbem
479 1311 600 1360 atque
646 1307 804 1348 Italiam
838 1307 1000 1347 interno
1045 1305 1156 1346 bello
1191 1308 1474 1357 consumptam
1489 1316 1500 1354 3
1547 1303 1641 1345 Mu-

86 1398 125 1427 15
141 1383 251 1424 ciani
283 1395 331 1423 ac
362 1382 589 1423 Domitiani
619 1393 727 1423 vana
759 1386 799 1422 et
827 1381 920 1422 sine
952 1380 1110 1421 viribus
1142 1378 1324 1420 nomina.
1387 1378 1430 1420 Si
1463 1377 1640 1419 Cerialis

138 1457 355 1510 imperium
399 1455 623 1497 Galliarum
670 1455 796 1506 velit,
841 1455 955 1508 ipsos
1002 1453 1150 1494 finibus
1198 1452 1424 1494 eivitatium
1472 1464 1640 1494 suarum

140 1535 379 1573 contentos:
412 1531 448 1571 si
478 1530 680 1583 pioelium
686 1511 866 1602 mallet,
898 1540 951 1570 ne
980 1528 1021 1569 id
1053 1527 1220 1581 quidem
1253 1527 1451 1569 abnuere.
1501 1526 1567 1568 Ad
1591 1539 1641 1568 ea

284 1668 314 1701 1.
338 1667 432 1712 pulsi
457 1667 536 1701 11²¹:
565 1667 592 1702 G
841 1666 891 1700 dii
915 1666 942 1700 G
970 1671 1005 1700 et
1032 1665 1089 1700 Or.

148 1715 288 1749 Treveri
313 1726 407 1749 nunc
435 1715 497 1749 Ma.
555 1718 610 1751 12.
640 1715 736 1762 eplas
763 1726 842 1748 cum
869 1715 932 1748 lin.
964 1713 1028 1755 Ma,
1060 1715 1143 1747 item
1171 1724 1265 1747 mox,

139 1765 287 1798 nuncios
313 1763 365 1798 G:
392 1764 483 1798 ACF
509 1765 635 1798 menliz'.
723 1763 778 1798 16.
806 1764 879 1809 ipso
908 1761 979 1797 Ma:
1007 1763 1035 1796 G
1059 1763 1163 1808 ipsos.

1195 1666 1249 1701 10.
1290 1676 1391 1710 conp.
1418 1664 1484 1700 Ma.
1585 1667 1640 1700 11.

616 1667 737 1714 pulsis.

1330 1715 1385 1749 13.
1413 1714 1554 1748 nuntios
1577 1712 1644 1756 Ma,

931 1918 967 1923 -κ
1004 1897 1035 1930 εἰ
1058 1897 1231 1942 proelium
1257 1896 1401 1930 mallet:
1445 1901 1643 1941 temporum

930 1946 1078 1978 mutatio
1106 1955 1177 1978 non
1203 1950 1338 1979 temere
1364 1945 1538 1979 admissat
1565 1956 1645 1979 nam

929 1992 1022 2037 quod
1050 1993 1164 2026 altero
1179 1993 1337 2027 membro
1366 1993 1536 2027 barbarus
1561 2003 1657 2033 ora-,

930 2046 985 2073 tor
1023 2042 1179 2084 promit,
1230 2041 1265 2074 id
1309 2047 1488 2086 tamquam
1528 2043 1644 2075 minus

142 1898 214 1930 iam
249 1902 309 1930 aut
354 1899 429 1942 fato
467 1897 547 1931 huic
578 1898 723 1942 imperio
759 1908 858 1930 secus

143 1945 301 1986 accidat,
340 1947 396 1978 cut*
430 1946 568 1979 dubium
599 1952 647 1979 est
673 1945 756 1989 quin
793 1956 858 1990 per

144 1993 260 2026 orbem
281 1998 456 2026 terrarum
476 1994 632 2035 vastitas,
652 1993 754 2034 bella,
773 2005 855 2026 cae—

145 2041 202 2074 des
229 2041 402 2074 oria-ntur.
442 2042 578 2076 Monuit
604 2041 758 2084 Lipsius,

1681 2057 1687 2091 ‚w
1669 1902 1692 2052 αν-Ἀξς,

217 2089 277 2121 di.-
306 2088 355 2121 dii
380 2088 414 2121 h.
435 2089 458 2121 l.
485 2089 627 2122 videtur
653 2090 772 2122 inesse
794 2088 857 2131 Ma,

146 2137 206 2182 qui
235 2136 322 2170 alibi
355 2136 502 2169 formam
532 2138 567 2170 (Ιί
591 2148 632 2170 ac
663 2138 715 2170 dis
742 2137 856 2170 offert.

144 2185 316 2219 Nimirum
345 2184 381 2217 cli
407 2189 461 2218 est
486 2186 541 2218 dei
567 2190 602 2218 et
628 2186 679 2218 dis
706 2190 760 2218 est
786 2186 858 2219 dcis

147 2243 218 2266 una
254 2232 391 2275 syllaba
431 2233 629 2276 prolatum,
671 2235 858 2278 ipsumque

148 2282 242 2323 deis,
267 2281 296 2313 si
325 2291 389 2324 per
414 2292 518 2314 unam
545 2282 720 2324 syllabam
749 2283 857 2316 effer-

145 2334 224 2371 tur,
253 2339 273 2362 a
298 2328 349 2361 dis
377 2329 514 2372 littera,
551 2340 620 2362 non
649 2340 758 2372 sono,
785 2330 857 2364 dif-

145 2378 227 2411 fert.
257 2376 359 2410 Conf.
387 2377 430 2411 ad
456 2377 503 2411 IV
533 2378 591 2412 55.
642 2379 703 2411 Dii
730 2383 764 2412 et
792 2379 857 2412 diis

143 2430 243 2459 recte
269 2425 496 2468 scriberetur,
525 2426 553 2458 si
572 2431 640 2459 tam
660 2426 736 2460 dius
753 2437 856 2471 quam

146 2474 228 2506 (leus
255 2472 455 2506 diceretur:
492 2474 555 2506 sed
594 2474 629 2507 id
657 2485 761 2508 secus
790 2480 854 2508 est.

145 2522 242 2554 Haec
269 2531 376 2555 eausa
413 2527 467 2554 est
501 2532 561 2554 eur
600 2522 692 2565 apud
732 2527 855 2565 poetas

144 2579 322 2613 nunquam
365 2570 442 2603 sive
473 2570 521 2602 (1ίί
550 2570 628 2602 sive
656 2570 721 2603 diis
748 2571 855 2603 inve-

145 2618 274 2651 niatur.

212 2676 318 2711 penes
343 2677 425 2710 quos
451 2677 576 2699 αιινιινη
601 2671 632 2699 et
665 2678 764 2711 opes.-
808 2667 853 2699 ef.

142 2712 232 2747 Anu.
261 2713 307 2747 111
335 2715 394 2756 46,
426 2713 472 2747 XI
499 2713 551 2748 18.
653 2714 771 2748 eodem
796 2715 854 2747 iu-

143 2772 202 2794 re:
240 2767 412 2796 memorat
440 2763 620 2796 civitatem
647 2762 852 2805 Romanam,

144 2819 211 2853 qua
224 2809 358 2844 Treviri
385 2816 422 2844 ut
450 2810 615 2844 coloniae
634 2810 732 2844 cives
769 2816 852 2844 ute-

142 2856 281 2900 bantur,
309 2859 490 2904 Lingones
517 2870 537 2892 a
554 2858 702 2892 Vitellio
732 2859 851 2893 donati

143 2904 309 2938 videntur
337 2907 462 2941 fuisse.

216 2951 300 2997 Cap.
329 2955 385 2989 75.
441 2956 472 2988 si
505 2955 656 2990 Cerialis
685 2977 730 2982 —
758 2956 851 3000 velit,

931 2089 1116 2132 probabile
1151 2094 1186 2123 et
1220 2090 1281 2122 vix
1321 2094 1532 2123 eventurum
1560 2100 1647 2134 pro-

929 2139 1080 2171 nuntiat.
1134 2138 1193 2172 Sic
1228 2148 1293 2171 nos
1334 2147 1497 2183 quoque:
1544 2150 1647 2176 ‘menn

931 2186 1085 2219 Cerialis
1112 2185 1232 2229 walle,
1260 2191 1295 2219 et
1321 2197 1441 2219 rursus
1468 2185 1581 2220 wollte
1609 2199 1648 2221 er

929 2234 1014 2267 aber
1034 2234 1155 2268 lieber.
1177 2233 1323 2269 Inversa
1340 2240 1541 2279 temporum
1555 2245 1647 2269 con-
1679 2245 1686 2267 ς

928 2283 1118 2316 secutione
1149 2294 1178 2315 c.
1207 2284 1274 2318 20:
1315 2284 1346 2316 si
1375 2294 1474 2316 nemo
1501 2283 1647 2318 obsiste-

928 2336 992 2373 ret,
1020 2332 1202 2364 innoxium
1218 2332 1296 2365 ιιἐεν
1324 2334 1421 2376 fore.-
1465 2333 1521 2365 sin-
1545 2343 1648 2366 arma

929 2385 1133 2421 occurrant,
1160 2382 1258 2424 ferro
1285 2381 1379 2414 viam
1407 2381 1622 2415 inventuros.

1001 2428 1047 2460 ad
1077 2429 1315 2466 Domitianum
1340 2429 1458 2462 misit:
1482 2429 1581 2462 misit
1610 2430 1645 2462 in

928 2475 1095 2518 oppidum
1123 2475 1345 2520 Lugdunum,
1374 2476 1434 2509 ubi
1461 2481 1544 2510 tunc
1567 2477 1645 2510 Do-

928 2524 1114 2565 mitianusg
1142 2534 1177 2556 v.
1209 2534 1238 2556 c.
1266 2523 1325 2557 85.

1000 2570 1085 2614 Cap.
1114 2571 1172 2606 76.
1224 2583 1371 2615 quarum
1397 2577 1534 2605 terrore
1561 2574 1642 2616 fra-

928 2624 1004 2651 ctae
1019 2640 1063 2644 „-
1081 2620 1173 2652 vires
1200 2620 1460 2653 obtererentur:
1494 2630 1643 2664 compo-

928 2672 1057 2699 nuntur
1089 2669 1213 2713 frangi
1252 2673 1287 2701 et
1331 2669 1460 2710 obteri3
1506 2669 1643 2703 fractae

926 2716 1021 2749 vires
1053 2716 1131 2749 sine
1165 2718 1200 2750 vi
1235 2721 1341 2759 sunt„
1385 2716 1538 2751 obtritae
1564 2718 1642 2751 sine

926 2763 1135 2797 substantia.

1002 2812 1121 2846 Gallos
1152 2812 1233 2857 quid
1268 2813 1367 2846 alind
1404 2824 1507 2857 quam
1529 2823 1639 2858 prae-

926 2860 1005 2893 dam
1043 2861 1252 2895 victoribus.-
1297 2861 1432 2895 directa
1474 2862 1638 2895 oratione

926 2913 1040 2942 esset:
1059 2909 1153 2943 Galli
1168 2909 1249 2954 quid
1265 2908 1362 2943 aliud
1381 2921 1483 2954 quam
1498 2909 1640 2956 praeda

923 2956 1138 2992 victoribus?
1168 2957 1221 2992 Ea
1246 2958 1283 2991 in
1310 2958 1415 2992 tertia
1439 2961 1500 2996 aut
1525 2959 1637 3002 prima
