1768 3216
732 270 999 308 PRAEFATIO.
1548 269 1612 308 vll

113 384 283 434 hmani
318 386 406 429 oris
447 387 602 440 speciei
633 388 907 431 adsimilare¹
956 402 1011 431 ex
1047 387 1324 444 maynitudine
1353 393 1393 430 et
1420 388 1614 444 dionante

115 459 350 505 coelestium
374 461 568 505 arbitrati
598 468 704 508 sunt.
765 463 901 506 Lucos
932 477 984 506 ac
1013 476 1184 506 nemora
1203 468 1495 506 consecrantes
1511 464 1615 507 deo-

117 548 288 591 rumque
318 537 551 580 nominibus
579 539 836 591 appellantes
870 543 1073 581 secretum
1109 538 1212 580 illud
1251 539 1344 580 sola
1379 539 1616 581 reverentia

117 611 510 665 consummabantur.
571 613 776 666 Auspicia
792 618 807 641 ²
840 618 879 655 et
908 618 1044 656 sortes
1071 625 1195 667 quam
1222 613 1401 655 maxime
1418 615 1433 641 ³
1463 612 1611 655 obser-

114 684 284 730 nubant.
346 686 530 729 Sortium
556 687 806 729 consuetudo
839 689 1017 741 simplex
1049 692 1155 729 erat.
1198 686 1361 741 Viryam
1383 687 1615 742 fruqiferae

115 759 262 805 arbori
292 760 473 803 decisam
500 761 545 802 in
573 762 767 803 surculos
800 761 1090 815 amputabant,
1121 774 1273 815 eosque
1301 761 1410 804 notis
1439 760 1615 815 quibus-

115 835 211 877 dam
257 835 459 878 discretos
493 848 623 889 super
666 836 885 878 candidam
925 840 1078 878 vestem
1123 840 1273 878 temere
1311 848 1363 878 ac
1403 835 1576 890 fortuito
1593 838 1614 863 ⁴

113 908 379 964 sparyebant.
442 910 556 962 Mox,
589 911 627 951 si
653 910 823 964 publica
840 915 855 939 ὁ
887 910 1132 953 consultatio
1159 910 1262 965 fuit,
1304 910 1505 954 sacerdos
1527 923 1611 964 po·-

110 984 225 1038 puli,
262 984 302 1026 si
327 984 502 1038 privata
519 1020 529 1040 ,
575 985 667 1039 ipse
691 980 1039 1039 'paterfamiliaso
1077 989 1276 1038 precatus
1307 985 1404 1027 deos
1435 985 1614 1028 coelum-

114 1070 192 1113 que
217 1058 450 1112 suspiciens
481 1064 545 1100 ter
572 1060 757 1113 sinqulos
787 1060 889 1111 tulit,
920 1059 1186 1113 sublatosque
1201 1059 1627 1115 secunduminpres-y

114 1145 206 1179 sam
228 1138 324 1176 ante
352 1138 491 1177 notam
518 1134 814 1187 interpretatus
844 1138 917 1176 est.
979 1133 1025 1177 Si
1048 1133 1373 1187 prohibuerunt,
1417 1134 1532 1175 nulla
1562 1134 1611 1175 de

115 1207 257 1251 eadem
285 1221 333 1250 re
353 1209 448 1262 ipsa
470 1209 534 1251 die
552 1213 567 1237 ⁷
605 1209 879 1251 consultatio:
912 1209 950 1250 si
976 1208 1226 1261 pennis-sum
1245 1213 1337 1260 est,
1367 1210 1615 1251 eventuumss

115 1282 250 1325 adhue
276 1284 379 1337 fides
410 1284 664 1338 eoeiyebatur.
735 1284 887 1327 Acium
922 1295 1047 1324 voces
1077 1283 1322 1336 volatusque
1353 1283 1615 1337 interroqare

110 1359 331 1411 proprium
365 1359 496 1413 yentis
534 1359 644 1402 itlius
685 1363 778 1401 erat
785 1372 800 1407 ,·
852 1370 1050 1412 equorum
1087 1369 1247 1410 quoque
1285 1357 1518 1412 praesaqia
1562 1371 1614 1401 ac

112 1432 289 1477 monitus
321 1433 524 1486 experiri,
554 1433 814 1486 hinnitusque
845 1445 897 1474 ac
926 1432 1116 1486 fremitus
1146 1431 1375 1474 observare
1389 1445 1406 1481 ,-
1435 1444 1511 1476 neo
1540 1431 1614 1475 ulti

890 1627 969 1660 dam
1007 1636 1093 1660 suae
1130 1625 1258 1659 aetatis
1300 1625 1496 1661 lectoribus
1532 1625 1614 1661 evi-

890 1675 1009 1709 tando.

190 1629 221 1662 1.
253 1627 436 1671 Scriptura
474 1626 564 1661 haec
597 1627 840 1661 memorabilis

115 1675 249 1711 indicio
277 1680 331 1710 est
355 1677 392 1709 in
409 1675 605 1720 exemplari
628 1675 840 1710 Germanico

117 1724 413 1759 assimilationem
432 1734 504 1758 non
531 1725 580 1758 ita
605 1724 776 1767 valuisse,
803 1729 841 1757 ut

118 1775 154 1807 in
181 1773 284 1807 libris
311 1773 394 1807 inde
421 1773 544 1807 seculo
573 1773 840 1817 quintodecimo

119 1823 156 1856 in
172 1821 278 1856 ltalia
291 1821 493 1865 descriptis.
522 1822 734 1855 Conferatur
746 1823 840 1866 quod

118 1881 201 1905 mox
224 1871 388 1916 sequitur
411 1871 619 1915 inpressam.

950 1746 984 1781 6.
1012 1746 1294 1791 paterfamilias:
1324 1745 1361 1778 in
1388 1745 1520 1779 nostris
1547 1755 1615 1780 co-

886 1849 991 1889 pater
1027 1843 1214 1888 familiae:
1257 1842 1293 1876 id
1335 1841 1535 1876 Ruodolfus
1576 1843 1612 1876 in

889 1892 1039 1926 formam
1065 1891 1133 1925 sibi
1159 1892 1274 1937 magis
1308 1890 1522 1925 familiarem
1555 1891 1614 1925 vi-

190 1943 224 1976 2.
267 1942 428 1987 auspicia
454 1947 486 1976 et
510 1947 646 1978 sortes.-
681 1941 772 1975 haec
797 1952 841 1976 ex
890 1940 993 1975 detur
1019 1941 1253 1975 convertisse.

890 1794 1030 1829 dicibus
1070 1800 1224 1839 excepto
1254 1793 1524 1829 vindobonensi
1560 1799 1615 1828 est
1661 1803 1666 1807 ·

117 1990 257 2024 decimo
284 1991 403 2035 capite
434 1990 644 2024 Germaniae
672 1995 842 2034 excerpta

117 2043 211 2072 sunt.
242 2038 293 2072 lbi
322 2049 386 2072 nos
407 2039 562 2085 legimus
582 2039 742 2084 auspicia
760 2050 841 2072 sor-

117 2093 256 2132 tesque,
291 2087 399 2133 idque
426 2088 647 2122 immutatum
677 2087 839 2122 Ruodol-

117 2136 174 2170 fus
203 2136 286 2170 stilo
312 2146 378 2171 suo
406 2135 701 2171 accommodavit.

185 2207 221 2242 3.
250 2218 353 2252 quam
377 2207 550 2241 maxime:
592 2206 705 2241 Taciti
734 2206 838 2241 locu-

116 2256 250 2290 tionem
292 2261 328 2290 ut
371 2257 429 2301 qui
474 2256 626 2289 maz-ime
661 2260 838 2300 tamquam

116 2305 233 2338 minus
269 2304 410 2338 solitam
449 2309 485 2337 et
526 2305 600 2337 suis
643 2303 838 2337 lectoribus

119 2351 306 2386 obscuram
318 2352 516 2386 Ruodolfus
542 2352 671 2385 vitavit
699 2362 739 2385 ac
761 2363 838 2385 ma-

119 2401 176 2446 gis
202 2399 387 2446 vulgarem
414 2399 608 2433 substituit.

190 2470 226 2506 4.
253 2472 425 2516 fortatico.-
451 2471 486 2504 in
513 2470 579 2504 hac
606 2469 719 2503 forma
740 2468 851 2503 Ruo-‘

119 2519 238 2554 dolfus
258 2519 363 2564 plane
389 2520 567 2554 consentit
585 2529 663 2553 cum
680 2518 838 2555 Pontano

120 2573 155 2603 et
174 2568 382 2604 melioribus
399 2569 608 2602 Germaniae
625 2567 744 2601 libris:
775 2578 839 2601 co·

118 2617 188 2651 dex
215 2618 406 2651 Vaticanus
445 2617 566 2659 2964,
616 2617 838 2660 Kappianus‚

118 2666 343 2700 Monacensis
365 2667 513 2709 fortuitu
538 2666 702 2698 offerunt.

191 2759 225 2792 5.
262 2758 293 2791 si
325 2758 466 2802 publica
501 2758 708 2791 consultatio
747 2758 838 2802 [nait.-

118 2806 230 2840 Taciti
258 2806 365 2840 verba
404 2808 435 2840 si
467 2806 605 2852 publice
641 2805 840 2840 consuletur

119 2855 161 2888 ad
205 2855 434 2898 praeteritum
486 2860 622 2899 tempus
665 2854 839 2888 transfor-

118 2906 276 2936 maturus
290 2903 380 2937 haec
407 2903 566 2937 scribere
593 2902 716 2936 maluit
736 2913 837 2947 quam

118 2952 149 2985 si
181 2951 317 2996 publice
360 2952 628 2991 consulebatur,
675 2951 839 2985 voculam

115 2998 254 3046 publice
290 3005 465 3046 tamquam
496 3010 564 3033 non
592 2999 677 3033 satis
707 2998 838 3033 diluci-

965 2012 998 2046 7.
1026 2013 1105 2057 ipsa
1129 2011 1209 2045 die:
1249 2010 1319 2044 hoc
1346 2009 1526 2044 Ruodolfo
1553 2011 1614 2044 vi..

891 2060 994 2094 detur
1018 2060 1140 2094 valere
1167 2058 1286 2093 eodem
1313 2059 1379 2093 die.
1430 2059 1615 2093 Devitavit

887 2108 1085 2142 'l'acitinum
1110 2109 1149 2142 in
1173 2108 1320 2142 eundem
1361 2107 1451 2143 diem
1477 2112 1515 2141 ut
1543 2109 1612 2142 mi-

888 2168 953 2191 nus
980 2157 1137 2192 solitum.

960 2229 995 2264 8.
1036 2234 1246 2262 eventuum:
1285 2227 1411 2259 mirum
1449 2225 1615 2261 videatur

889 2277 958 2310 hoc
984 2276 1200 2310 vocabulum
1240 2274 1459 2309 successisse
1492 2275 1529 2306 in
1554 2273 1614 2307 lo..

889 2336 967 2358 cum
981 2325 1130 2358 Tacitini
1146 2324 1404 2368 auspiciorum:
1432 2322 1495 2355 sed
1513 2321 1614 2355 Ruo-

889 2372 1008 2407 dolfus
1036 2372 1128 2407 haud
1164 2371 1271 2405 dubie
1308 2369 1398 2405 illud
1430 2369 1544 2415 elegit
1575 2374 1615 2402 ut

888 2421 961 2453 suis
998 2420 1195 2455 lectoribus
1244 2418 1357 2464 magis
1403 2417 1613 2460 dilucidum,

889 2473 995 2514 atque
1022 2470 1224 2513 exprimere
1253 2466 1370 2501 voluit
1396 2466 1492 2511 quod
1519 2465 1613 2500 Galli

889 2518 1013 2552 dicunt
1038 2521 1253 2559 evenemcns,
1279 2525 1346 2551 nos
1365 2515 1613 2560 (bedeutunqs-

888 2566 992 2610 volte)
1021 2567 1240 2612 Beqeqnisse.
1310 2564 1404 2598 Ante
1430 2568 1548 2598 tamen
1576 2568 1613 2597 et

890 2614 996 2659 paulo
1024 2619 1104 2659 post
1124 2614 1361 2660 auspiciorum
1379 2621 1508 2646 nomen
1535 2612 1613 2655 ipse

1205 2673 1300 2696 nunc
1331 2670 1459 2695 vocem
1499 2669 1613 2704 magis

1411 2708 1487 2741 Non
1526 2717 1612 2741 vere

890 2674 960 2697 non
999 2665 1157 2697 vitavit:

890 2712 1097 2757 generalem
1136 2710 1342 2755 anquisivit.

889 2760 977 2793 dicit
1015 2761 1258 2794 Massmannus
1311 2757 1378 2789 hoc
1433 2761 1613 2789 eventuum

889 2813 1065 2852 sumptum
1094 2818 1173 2841 esse
1202 2817 1246 2840 ex
1275 2815 1318 2838 eo
1346 2804 1439 2849 quod
1470 2804 1534 2836 sub
1567 2803 1611 2836 fi-

890 2867 968 2889 nem
997 2857 1124 2899 capitis
1157 2865 1176 2888 a
1207 2854 1329 2888 Tacito
1364 2853 1518 2896 positum
1545 2857 1611 2894 est,

889 2915 958 2948 qua
981 2905 1141 2948 qravium
1180 2901 1348 2936 bellorum
1380 2906 1519 2934 euentus
1546 2912 1610 2934 ea·-

886 2953 1052 2998 plorant:
1079 2962 1158 2985 nam
1185 2950 1232 2985 ibi
1250 2950 1355 2984 huius
1368 2950 1520 2983 nominis
1538 2948 1610 2983 aliu

889 3011 1032 3045 prorsus
1059 3004 1113 3034 est
1139 2998 1366 3045 significatio.
