1768 3216
165 230 245 270 332

224 351 245 386 2
272 349 332 385 80.
362 349 394 382 A
425 347 480 382 13.
516 346 706 381 consilium
733 350 769 381 et
795 345 903 380 finem

227 411 249 445 2
284 407 354 450 59,
392 407 415 442 3
449 407 481 442 7.
520 407 703 452 genitivus
740 405 902 440 attributi

222 467 314 512 apud
343 466 454 502 verba
483 466 739 501 aestimandiA
766 467 800 502 6.
833 477 901 512 ge-

216 527 354 562 nitivus
393 527 576 561 nominum
614 528 650 561 in
700 521 759 554 '⁶7¹⁵
802 527 900 561 desi-

215 589 376 623 nentium
403 589 438 622 in
465 589 479 622 i
508 588 714 622 formatus-4
739 587 797 622 55.
826 598 894 633 ge·

215 649 320 684 nitivi
349 647 515 695 gerundii
538 658 639 682 rarus
662 657 747 681 usus
775 651 810 682 et
836 647 895 681 of-

164 738 168 741 .
220 709 377 744 fensioni
406 709 584 743 obnoxius
615 709 657 743 13
688 708 746 744 26.
794 708 900 754 geni-

218 770 315 804 tivus
342 770 487 804 nomine
525 779 650 803 carens
688 778 758 814 quo
786 768 898 802 susti-

221 835 348 865 neatur
371 829 485 865 1416.
514 829 542 863 Η
571 829 593 862 4
620 829 678 864 83.
708 828 754 863 cf.
778 829 819 863 15
840 828 899 863 68.

217 898 300 936 gen.
337 891 447 935 partis
475 901 494 924 e
522 889 633 924 verbo
663 889 822 933 pendens
853 889 895 923 15

214 951 279 986 53.
307 950 335 985 G
366 952 419 986 15.
451 951 633 997 genitivus
657 951 840 983 nominum
859 950 894 983 iu

215 1011 272 1045 ius
311 1010 513 1046 cadentium
555 1010 793 1045 antecedente
826 1019 894 1043 vo-

217 1071 286 1105 cali
324 1072 349 1105 ll
385 1072 406 1105 2
442 1071 501 1106 66.
546 1071 614 1105 duo
660 1071 811 1117 genitivi
848 1081 893 1104 ex

213 1130 339 1165 eodem
381 1131 524 1165 nomine
569 1131 711 1165 diversa
755 1132 896 1165 ratione

216 1190 415 1235 pendentes
442 1191 534 1236 apud
555 1191 713 1226 Tacitum
739 1201 810 1224 non
839 1192 898 1224 in-

221 1251 416 1284 veniuntur
452 1252 478 1284 ll
507 1252 530 1286 3
561 1253 615 1286 10.
658 1252 841 1297 genitivus
867 1255 902 1284 et

220 1308 398 1344 ablativus
437 1321 481 1344 ex
515 1310 703 1344 adiectivis
741 1310 900 1355 pendens

217 1370 247 1404 H
276 1370 299 1403 4
327 1370 386 1405 66.
427 1371 610 1416 genitivus
649 1381 711 1415 pro
739 1370 898 1405 ablativo

222 1440 301 1464 cum
329 1440 450 1475 praep.
480 1442 524 1465 ex
553 1432 580 1465 11
610 1431 633 1465 4
660 1431 719 1466 83.

161 1501 257 1537 gens
318 1490 401 1525 fidei
459 1491 647 1526 commissa
705 1492 899 1536 patientior

216 1551 442 1586 emendatum
472 1553 498 1586 Η
527 1552 550 1586 3
575 1553 609 1587 5.

163 1611 310 1658 gentilis
328 1611 351 1647 6
375 1611 434 1646 32.
453 1612 613 1658 gentium
635 1612 779 1645 nomina
798 1621 889 1657 quae

208 1672 244 1705 in
270 1671 325 1705 ius
350 1681 420 1705 non
449 1670 618 1706 desinunt
649 1672 674 1705 Η
704 1673 726 1706 2
752 1671 810 1706 29.

161 1742 277 1778 genus
304 1742 368 1776 pro
395 1737 505 1778 gente
534 1733 561 1766 Η
590 1733 613 1767 2
638 1729 681 1766 4.·

152 1793 384 1838 geometria,
412 1802 483 1826 non
511 1793 755 1839 geometricae
773 1818 782 1835 ‚
810 1791 888 1826 for-

207 1864 263 1888 ma
289 1853 449 1888 Tacitina
479 1853 506 1888 0
534 1853 593 1887 31.

162 1913 326 1948 Germani
353 1913 568 1948 vocabulum
588 1918 642 1947 est
659 1913 784 1947 Latine
799 1922 889 1948 con-

211 1985 357 2009 versum
396 1978 674 2020 cognomentum
702 1973 795 2019 quod
823 1983 892 2018 po-

212 2034 287 2078 puli
317 2044 360 2069 eo
387 2034 580 2080 significati
603 2034 671 2069 sibi
693 2034 895 2069 indiderant

211 2092 238 2126 G
268 2093 301 2127 2.

163 2151 373 2187 Germaniae
398 2153 500 2187 triste
525 2152 641 2186 solum
673 2158 708 2187 et
744 2153 884 2187 coelum

213 2212 241 2247 G
265 2213 299 2247 2.

166 2272 376 2307 Germaniae
402 2272 532 2317 plurali
566 2255 718 2307 numero
752 2272 796 2306 de
825 2282 892 2306 an-

211 2333 310 2378 tiqua
331 2332 521 2367 Germania
547 2332 636 2367 vitio
664 2331 890 2366 tribuendum

206 2392 353 2427 videtur
380 2394 408 2427 H
436 2393 459 2426 4
490 2394 545 2428 17.
573 2393 604 2428 A
633 2395 687 2429 15.

160 2451 386 2487 Germaniam
433 2452 574 2487 Tacitus
628 2463 700 2487 non
750 2453 892 2497 scripsit

209 2523 330 2547 amore
357 2513 508 2558 quodam
547 2513 674 2547 ductus
711 2518 746 2547 et
775 2512 890 2547 admi-

207 2574 348 2608 ratione
376 2573 630 2608 Germanorum
658 2574 685 2608 G
710 2574 769 2608 33.
817 2583 887 2619 quo

209 2638 371 2678 tempore
398 2645 476 2669 eam
505 2634 656 2669 ediderit
674 2633 700 2668 G
719 2634 777 2668 37.
801 2634 890 2667 l‘ro-

208 2703 300 2728 oern.
329 2705 360 2728 c.
388 2693 422 2729 9.

160 2751 428 2789 Germaniarum
484 2755 750 2799 provinciarum
808 2753 887 2787 finis

207 2815 376 2850 dirimens
403 2815 494 2849 Arar
518 2815 648 2849 fluvius
682 2816 708 2848 Η
742 2816 756 2848 1
787 2814 845 2849 56.

157 2874 374 2911 ,Germanica
409 2877 554 2910 nomina
592 2875 733 2910 Tacitus
759 2874 886 2910 Latine

204 2936 356 2974 reddere
382 2936 478 2974 solet
507 2936 535 2972 G
560 2938 582 2975 2
608 2940 644 2972 et
671 2936 705 2973 9.

846 226 988 264 INDEX

955 344 1188 380 Germanicae
1213 342 1380 389 legiones
1407 340 1439 376 Η
1466 341 1482 375 1
1513 341 1570 377 18.
1604 349 1675 376 -co-

1002 404 1125 438 hortos
1154 402 1395 448 (praetoriae)
1428 402 1457 436 Η
1485 402 1509 437 3
1534 399 1594 436 69.

953 465 1152 500 Germanici
1176 463 1310 509 duplex
1337 471 1435 497 error
1450 462 1486 496 in
1514 461 1675 496 exercitu

999 537 1019 560 e
1045 526 1197 560 navibus
1235 525 1271 558 in
1291 523 1428 557 Amisia
1461 520 1675 567 exponendo

993 588 1016 622 2
1042 586 1076 620 8.
1107 586 1183 620 eius
1209 584 1327 619 studia
1353 580 1551 618 litterarum
1573 581 1595 616 2
1614 581 1673 617 83.

948 645 1201 681 Germanorum
1236 654 1372 691 genera
1400 643 1559 690 quinque
1585 641 1612 676 G
1639 641 1673 675 2.

999 707 1214 752 praecipuus
1243 704 1330 740 deus
1358 703 1574 746 Mercurius,
1610 700 1675 737 sed

998 765 1217 811 proeliorum
1260 765 1395 799 arbiter
1439 764 1530 799 Mars
1569 761 1597 797 G
1637 761 1673 797 9.

1002 826 1094 873 quod
1141 826 1272 861 Caesar
1309 829 1428 860 narrat
1462 823 1583 860 Solem
1629 833 1671 857 ac

995 886 1128 921 Lunam
1165 886 1208 920 ab
1252 887 1296 920 iis
1337 885 1485 920 deorum
1524 893 1673 919 numero

995 947 1120 982 ductos
1151 958 1243 990 esse,
1271 946 1341 981 hoc
1357 940 1422 992 per
1439 955 1595 981 errorem
1610 945 1672 979 vi-

995 1007 1100 1042 detur
1127 1008 1391 1042 coniectavisse
1421 1006 1508 1041 ibid.
1549 1016 1672 1041 eorum

996 1068 1152 1102 feminac
1183 1068 1300 1102 lineos
1327 1068 1478 1102 amictus
1503 1067 1547 1102 ab
1583 1068 1672 1112 ipsis

998 1134 1117 1164 textos
1156 1128 1347 1175 gestabant
1379 1127 1406 1162 G
1445 1129 1518 1165 17..
1550 1137 1671 1162 eorum

996 1191 1086 1223 ratio
1113 1187 1360 1223 discumbendi
1388 1187 1416 1222 G
1440 1189 1499 1224 22.
1525 1187 1671 1222 vivendi

1000 1251 1058 1284 via
1085 1250 1323 1283 Romanorum
1355 1248 1533 1282 contraria
1560 1247 1586 1282 G
1613 1248 1672 1283 22.

1000 1309 1107 1343 iidem
1142 1308 1252 1343 Taciti
1282 1313 1443 1352 tempore
1483 1312 1598 1342 certas
1636 1311 1672 1342 et

999 1370 1086 1403 lixas
1112 1369 1216 1403 sedes
1241 1367 1420 1403 habebant
1446 1367 1475 1402 G
1499 1367 1558 1403 26.

948 1429 1160 1476 gerundium
1203 1428 1361 1463 ablativo
1401 1427 1556 1473 positum
1592 1438 1670 1462 cum

997 1491 1203 1524 accusativo
1231 1489 1385 1523 nominis
1412 1488 1434 1523 6
1460 1488 1519 1522 45.
1546 1489 1577 1522 A
1596 1488 1630 1523 9.

942 1555 1128 1598 gestamen
1148 1551 1191 1584 de
1204 1560 1308 1584 curru
1325 1553 1530 1594 usurpatum
1550 1550 1588 1583 11
1609 1548 1669 1583 33.

942 1611 1056 1657 gigni,
1079 1610 1257 1657 generari,
1280 1609 1392 1652 nasci,
1419 1607 1505 1642 ferri
1526 1606 1570 1659 de
1589 1618 1669 1642 me-

984 1669 1080 1704 tallis
1108 1675 1144 1704 et
1169 1669 1371 1716 margaritis
1399 1668 1431 1702 A
1461 1668 1514 1701 12.

939 1731 1153 1778 gladiatoria
1186 1740 1333 1764 munera
1369 1727 1498 1764 edendi
1532 1737 1666 1762 neces-

986 1793 1072 1826 sitas
1114 1791 1276 1825 iniuncta
1318 1788 1568 1836 quaestoribus
1624 1788 1666 1821 11

987 1853 1045 1888 22.
1076 1856 1242 1896 exempta
1269 1861 1288 1885 a
1314 1851 1457 1885 Nerone
1493 1850 1535 1884 13
1562 1849 1596 1884 5.

940 1912 1143 1958 gladiorum
1159 1923 1242 1946 usus
1264 1913 1300 1946 in
1324 1909 1558 1957 effringendis
1577 1918 1662 1954 por-

992 1974 1037 2006 tis
1068 1974 1095 2007 H
1125 1974 1148 2008 3
1174 1973 1233 2008 29.

946 2033 1084 2079 gloriae
1111 2043 1220 2068 sensu
1248 2036 1416 2067 concreto
1445 2031 1467 2066 3
1491 2030 1550 2065 45.

938 2093 1082 2139 glossae
1107 2093 1331 2126 librariorum
1370 2093 1385 2125 1
1420 2090 1443 2125 8
1471 2094 1506 2124 et
1531 2090 1599 2132 77,
1642 2090 1664 2123 2

989 2155 1068 2186 let
1097 2146 1661 2194 9‚338,449et60‚63

987 2216 1022 2245 et
1047 2211 1093 2245 23
1121 2215 1157 2245 et
1184 2209 1242 2252 24,
1274 2211 1316 2244 12
1347 2208 1394 2244 40
1421 2213 1458 2243 et
1483 2207 1525 2241 41
1557 2211 1592 2241 et
1617 2205 1662 2242 47

992 2275 1027 2305 et
1052 2270 1096 2305 57
1126 2275 1161 2304 et
1186 2270 1233 2305 65
1260 2274 1295 2304 et
1321 2269 1380 2312 67,
1411 2269 1454 2303 13
1485 2264 1526 2302 16
1554 2271 1589 2301 et
1616 2265 1661 2301 41

992 2335 1027 2365 et
1053 2331 1119 2374 55,
1153 2329 1197 2365 14
1222 2331 1245 2366 2
1272 2334 1309 2364 et
1335 2329 1382 2364 20
1408 2333 1444 2363 et
1470 2329 1511 2363 51
1543 2331 1578 2361 et
1602 2326 1663 2370 61,

990 2393 1104 2426 1512
1132 2395 1167 2425 et
1196 2392 1239 2425 13
1267 2395 1302 2424 et
1327 2389 1374 2424 43
1412 2394 1447 2423 et
1472 2388 1519 2423 49
1557 2391 1592 2422 et
1618 2386 1664 2421 53

991 2456 1027 2485 et
1053 2450 1100 2486 54
1134 2456 1170 2485 et
1196 2451 1242 2485 72
1280 2455 1316 2484 et
1344 2449 1407 2493 74,
1450 2448 1492 2483 16
1522 2450 1538 2481 1
1580 2451 1616 2482 et
1642 2446 1663 2481 2

989 2517 1024 2546 et
1056 2512 1099 2545 14
1125 2516 1161 2545 et
1191 2511 1230 2545 17
1261 2515 1296 2544 et
1322 2511 1379 2545 22.
1416 2510 1441 2543 ll
1475 2511 1486 2542 1
1518 2509 1540 2542 3
1569 2508 1662 2542 ettl

988 2571 1091 2607 ct27
1122 2576 1157 2605 et
1184 2570 1231 2606 69
1270 2569 1403 2613 et81‚
1447 2568 1468 2602 2
1496 2569 1515 2603 7
1551 2573 1587 2603 et
1617 2568 1664 2603 23

990 2628 1665 2676 et74,32et7et21et56,4

982 2694 1002 2726 5
1032 2697 1067 2726 et
1098 2693 1139 2726 12
1177 2695 1212 2725 et
1241 2691 1283 2725 15
1326 2694 1362 2724 et
1392 2689 1436 2723 19
1477 2693 1512 2722 et
1551 2687 1598 2722 26
1629 2691 1664 2721 et

987 2752 1034 2787 28
1061 2757 1096 2786 et
1123 2751 1169 2785 42
1205 2755 1240 2785 et
1267 2751 1336 2793 53,
1380 2749 1450 2785 58
1494 2753 1529 2783 et
1559 2749 1603 2784 12
1629 2754 1664 2784 et

984 2813 1173 2856 19et23.
1225 2808 1520 2846 G3et7et9
1555 2810 1659 2845 et21

986 2878 1020 2907 et
1047 2873 1107 2908 43.
1153 2873 1184 2907 A
1210 2872 1233 2908 9
1268 2876 1304 2907 et
1329 2872 1376 2907 25
1412 2875 1448 2906 et
1473 2871 1521 2908 30
1553 2875 1588 2907 et
1613 2870 1661 2908 36

985 2938 1021 2971 et
1049 2932 1108 2970 44.
1137 2931 1164 2968 Ο
1195 2934 1213 2970 1
1242 2937 1278 2969 et
1303 2934 1362 2970 20.
1529 2951 1532 2954 ·
