1768 3216
791 249 878 285 ΟΑΡ.
904 249 1012 286 6-7.
1583 250 1653 286 1¹71

166 366 451 422 consurgendi
482 366 795 422 adsistendique
826 368 934 409 inter
962 371 1148 413 tacentes
1178 371 1219 410 et
1247 368 1289 409 in
1318 379 1443 410 unum
1476 379 1661 410 conver-

167 440 265 483 s‘os!
323 441 441 483 coire
476 442 692 495 populum,
737 447 777 484 et
820 442 1097 484 circumfundi
1127 455 1352 494 coronam,
1395 447 1436 483 et
1467 442 1662 497 accipere

167 514 377 557 adfectum
418 527 719 570 quemcumque
759 521 902 558 orator
943 517 1146 558 induerit!
1222 517 1397 572 Vulgata
1437 516 1662 558 dicentium

165 589 320 644 gaudia
351 594 393 630 et
423 591 706 644 imperitorum
740 603 904 645 quoque
936 591 1068 633 oculis
1090 592 1278 645 exposita
1306 602 1566 645 percenseo:
1594 590 1663 631 illa

165 664 399 706 secretiora
430 669 471 706 et
498 669 655 707 tantum
686 666 786 720 ipsis
817 667 1030 707 orantibus
1065 671 1163 707 nota
1195 666 1352 708 maiora
1387 670 1494 707 sunt.
1566 665 1695 707 Sive⁵

166 742 404 780 acmratam
430 739 749 794 meditatamque
773 740 933 794 profert
962 740 1208 792 orationem,
1243 744 1306 781 est
1337 739 1544 795 quoddam
1573 739 1663 781 sio-

163 816 209 853 ut
252 813 382 867 ipsius
424 814 643 866 dictionis,
698 815 753 856 ita
807 815 950 870 gaudii
992 815 1155 869 pondus
1197 819 1237 856 et
1274 815 1532 865 constantia3
1574 814 1664 856 sivc

165 898 316 928 novam
349 891 390 928 et
418 892 632 930 recentem
663 901 803 930 curam
834 901 918 930 non
949 890 1041 930 sine
1072 889 1209 943 aliqua
1240 889 1517 943 trepidatione
1537 887 1663 930 animi

164 959 358 1013 attulerit,
389 961 480 1015 ipsa
510 962 748 1004 sollicitudo
785 963 1051 1005 commendat
1090 967 1281 1005 eventum
1322 968 1363 1004 et
1403 962 1665 1004 lenocinatur

161 1033 375 1089 voluptati.
436 1036 519 1078 Sed
552 1037 845 1091 extemporalis
877 1038 1080 1079 audaciae
1111 1042 1235 1092 atque
1261 1038 1391 1091 ipsius
1422 1037 1663 1079 temeritatis
1680 1046 1717 1075 ιο

163 1109 232 1150 vel
261 1110 486 1164 praecipua
518 1111 754 1154 iucunditas
785 1116 859 1154 est.
921 1113 1022 1154 Nam
1058 1112 1100 1153 in
1130 1112 1301 1167 ingenio
1335 1123 1523 1165 quoque,
1556 1110 1664 1152 sicut

162 1183 206 1225 in
234 1195 353 1240 agro,
385 1196 633 1239 quamquam
665 1186 745 1227 alia
777 1186 847 1227 diu
874 1190 1066 1228 serantur
1092 1190 1213 1240 atque
1237 1186 1518 1237 elaborentur,
1553 1197 1657 1240 gra-

122 1257 271 1304 vtiora
302 1261 439 1300 tamen
471 1271 577 1312 quae
607 1270 682 1300 sua
713 1263 859 1313 sponte
890 1264 1128 1300 nascuntur.
1190 1259 1410 1314 Equidem,
1442 1262 1484 1299 ut
1516 1258 1568 1300 de
1600 1271 1665 1300 me

161 1331 253 1385 ipse
282 1332 438 1384 fatear,
467 1345 550 1374 non
582 1346 674 1374 eum
706 1333 814 1374 diem
843 1333 1059 1375 laetiorem
1092 1334 1161 1388 egi
1192 1345 1273 1387 quo
1305 1333 1404 1373 milii
1435 1332 1541 1373 latus
1573 1332 1664 1373 cla-

162 1419 237 1449 vus
268 1407 429 1449 oblatus
462 1412 550 1460 est,
598 1408 664 1449 vel
708 1420 788 1462 quo
827 1408 951 1450 homo
984 1420 1116 1450 novus
1149 1413 1190 1449 et
1221 1409 1264 1449 in
1294 1407 1462 1449 civitate
1493 1406 1715 1449 minime¹⁵

258 1568 289 1601 1.
316 1578 386 1601 ass.
415 1566 451 1608 P,
479 1571 517 1600 ut
547 1567 652 1601 solet.
745 1574 777 1601 et
802 1568 841 1601 in
869 1567 944 1602 FP:
979 1568 1018 1600 in
1043 1566 1222 1601 editiones
1250 1571 1406 1600 veteres.
1483 1568 1516 1601 2.
1545 1576 1666 1599 comm

159 1625 239 1649 cum
267 1616 397 1650 ceteris
426 1615 469 1648 P:
502 1616 658 1649 correxit
682 1616 878 1651 Acidalius.
987 1617 1022 1651 3.
1052 1617 1308 1661 quemcumque]
1340 1614 1536 1660 ᾳηᾱάοσιιᾳς
1561 1613 1599 1656 Ρ,
1628 1614 1664 1648 in

156 1675 228 1710 mg.
253 1675 483 1709 quacunque.-
510 1663 537 1697 F
563 1675 823 1709 quemcunque..
914 1664 1068 1698 induerit
1096 1665 1228 1708 scripio
1254 1676 1279 1696 a:
1304 1674 1410 1707 super
1436 1674 1458 1696 u
1484 1662 1521 1696 P.
1621 1663 1654 1697 5.

155 1713 240 1756 ipsis
263 1713 444 1746 orantibus
469 1723 510 1756 pr
537 1712 573 1755 P,
602 1723 680 1746 corr
708 1714 751 1747 ab
778 1713 824 1748 al.
853 1724 896 1746 m.
927 1713 994 1757 ipsi
1019 1714 1149 1746 oranti.
1224 1712 1260 1747 6.
1286 1714 1423 1756 profert
1450 1711 1496 1744 P:
1521 1712 1657 1757 perfert

155 1760 195 1802 F,
222 1759 284 1795 alii
312 1761 440 1806 adfert.
514 1761 550 1795 8.
580 1762 717 1795 animus
745 1773 824 1795 cuin
852 1762 982 1795 ceteris
1010 1760 1055 1794 P:
1085 1761 1240 1795 correxit
1266 1759 1433 1794 Pichena.
1538 1759 1572 1796 9.
1599 1770 1660 1793 so-

155 1809 298 1844 licitudo
319 1809 355 1843 P.
458 1810 513 1843 11.
541 1821 624 1842 nam
649 1811 790 1855 inyem‘o
815 1809 880 1852 FP,
908 1809 971 1843 sed
998 1810 1034 1842 in
1066 1808 1089 1842 P
1116 1809 1159 1842 ab
1187 1809 1232 1842 al.
1261 1819 1366 1842 manu
1393 1818 1570 1853 superscr.
1600 1809 1652 1850 in,

156 1856 251 1903 quod
275 1869 322 1892 ex
347 1859 442 1892 coni.
470 1858 653 1902 supplevit
680 1858 875 1901 Acidalius,
903 1860 985 1892 item
1013 1857 1196 1891 Pithoeus,
1252 1858 1307 1892 12.
1341 1857 1415 1891 alica
1438 1867 1494 1890 om
1512 1856 1551 1900 F,
1582 1866 1653 1890 non

156 1905 193 1940 P.
280 1907 335 1942 14.
362 1907 436 1952 ipse
463 1905 510 1939 P:
536 1908 610 1952 ipso
637 1905 676 1939 F.

155 2017 268 2052 ceteri
301 2017 484 2061 accipiunt
522 2017 638 2062 ignari
677 2011 745 2050 lioc
777 2016 873 2051 velie

154 2069 191 2100 et
214 2064 333 2100 moliri
358 2069 555 2099 oratorem..
595 2065 649 2099 Cf.
678 2069 800 2099 annot.
828 2066 871 2099 ad

153 2113 197 2149 11.
224 2112 275 2148 1v
300 2114 359 2149 57.

225 2185 370 2231 vulgata
396 2184 583 2218 dicentium
606 2183 762 2229 qaudia:
789 2185 868 2219 vul-

150 2238 238 2279 gata
281 2234 448 2279 (bekannt
481 2233 703 2278 9ewordene)
738 2233 869 2278 gaudia

153 2291 223 2315 non
236 2286 318 2314 sunt
342 2282 519 2326 ”utqui-ia,
547 2284 586 2312 ut
607 2282 748 2324 accepit
760 2280 868 2315 Orel-

152 2329 244 2371 lius,
283 2329 375 2363 illud
408 2334 526 2362 tamen
557 2329 770 2373 exquisitius
796 2328 866 2362 dici

153 2377 381 2420 existimans,
408 2375 471 2411 sed
498 2386 589 2421 quae
617 2386 638 2409 a
664 2376 774 2422 vulgo
801 2385 866 2410 co-

153 2426 254 2472 gnita
277 2431 379 2459 sunt:
405 2428 635 2470 opponuntur
655 2426 774 2458 statim
808 2435 866 2458 se-

153 2477 319 2509 creatora.

222 2556 350 2580 novam
370 2550 402 2579 et
427 2551 602 2579 recentem
626 2555 749 2579 curam
774 2545 867 2591 (eine

150 2605 239 2628 neue
263 2594 337 2628 und
359 2594 492 2638 [rische
505 2594 663 2638 Arbeit).·
694 2604 787 2626 nova
815 2597 869 2626 est

152 2652 243 2687 quae
270 2652 384 2686 nuper
402 2643 612 2686 composita,
637 2651 759 2674 recens
774 2651 866 2686 quae

151 2694 278 2723 natura
302 2700 366 2723 sua
395 2690 453 2723 vel
490 2691 612 2733 specie
646 2689 772 2732 probat.
799 2699 868 2721 no-

151 2748 230 2772 vam
257 2748 296 2771 se
323 2747 415 2771 esse.
454 2737 557 2771 Cont.
588 2738 677 2771 c.8:
705 2737 867 2771 libentius

151 2787 242 2820 enim
266 2787 366 2820 novis
401 2791 431 2819 et
458 2785 653 2819 recentibus
680 2797 781 2830 quam
808 2797 866 2818 re-

148 2836 249 2868 motis
277 2840 309 2867 et
341 2834 547 2867 oblitteratis
586 2834 750 2879 cremplis
774 2839 863 2867 uto-r.

152 2884 193 2916 tl.
215 2882 262 2916 IV
289 2883 357 2918 65:
395 2883 505 2916 donec
531 2893 623 2915 nova
650 2888 681 2915 et
710 2883 866 2915 recentia

150 2933 233 2966 iura
277 2932 316 2964 in
362 2937 563 2965 vetustatem
620 2931 866 2964 consuetudine

150 2985 343 3015 vertantur.
388 2978 608 3014 Vocabulum
636 2990 723 3013 eura
749 2978 784 3013 id
814 2979 865 3012 si-

943 2017 1089 2063 gnificat
1116 2016 1211 2062 quod
1238 2027 1323 2050 cura
1349 2016 1530 2058 efficitur,
1575 2015 1610 2049 h.
1640 2015 1663 2050 l.

945 2066 1167 2108 orationem3
1207 2075 1272 2098 nos
1309 2065 1473 2099 Germani
1516 2064 1666 2098 dicimus

943 2115 1021 2148 eine
1034 2114 1168 2148 Arbeit.
1195 2114 1255 2147 Sic
1269 2125 1301 2148 c.
1317 2114 1359 2147 3:
1391 2114 1532 2147 dimissa
1546 2114 1666 2158 priore

942 2174 1043 2197 cura.
1075 2162 1125 2196 111
1146 2162 1212 2198 24:
1238 2164 1271 2196 si
1306 2183 1351 2188 —
1385 2162 1504 2207 plures
1529 2161 1577 2195 ad
1602 2173 1666 2195 eu-

941 2222 1003 2245 ras
1049 2212 1155 2245 vitam
1201 2211 1433 2257 producet-03
1489 2209 1538 2243 lv
1594 2210 1634 2243 11
1657 2231 1666 2252 :

938 2271 1083 2303 quorum
1106 2260 1145 2292 in
1169 2270 1292 2292 manus
1312 2270 1399 2291 cura
1419 2263 1540 2291 nostru
1558 2257 1652 2301 (An-

939 2307 1073 2340 nalium
1100 2311 1208 2352 opus)
1237 2307 1382 2340 venerit.

1010 2375 1255 2421 extemporalis
1273 2396 1317 2401 —
1336 2375 1540 2409 temeritatis
1555 2387 1567 2409 .·
1608 2375 1654 2416 cf.

940 2423 1152 2466 Quintiliani
1180 2424 1209 2458 X
1230 2425 1252 2459 6
1278 2424 1321 2458 6:
1353 2423 1486 2468 alioqui
1514 2424 1570 2458 vel
1597 2435 1664 2458 ea:-

939 2472 1165 2518 temporalem
1191 2473 1418 2506 temeritatem
1442 2472 1535 2506 malo
1561 2483 1665 2518 quam

938 2521 1030 2554 male
1056 2521 1301 2555 cohaerentem
1325 2521 1584 2566 cogitationem.
1620 2521 1663 2555 Ut

939 2569 1079 2603 'l'acitus
1108 2569 1364 2604 iucunditatem
1395 2569 1576 2603 facultatis
1618 2581 1662 2603 cx

940 2623 1100 2663 tempore
1120 2617 1262 2652 dicendi
1285 2617 1455 2658 laudavit,
1481 2618 1529 2650 ita
1555 2617 1659 2651 utili-

940 2671 1047 2700 tatem
1059 2666 1301 2710 Quintilianus
1316 2668 1338 2700 Χ
1355 2666 1373 2699 7
1402 2668 1412 2699 l
1448 2665 1657 2700 celebravit.

1022 2763 1106 2806 Cap.
1136 2764 1166 2797 7.
1232 2763 1321 2795 tatus
1369 2761 1486 2795 clarus
1517 2761 1656 2795 oblatus

940 2818 1010 2847 est.-
1051 2813 1083 2844 Ιι.
1115 2822 1146 2844 e.
1176 2812 1210 2843 in
1241 2820 1422 2843 numen-uin
1450 2814 1653 2844 senatorum

941 2862 1019 2904 (qui
1046 2858 1238 2904 laticlavii)
1268 2864 1432 2902 receptus
1458 2869 1546 2892 sum.

1012 2932 1048 2963 in
1099 2931 1238 2964 civitate
1281 2931 1419 2963 minime
1459 2929 1653 2975 favorabili

940 2983 1066 3015 natus:
1091 2978 1187 3023 Aper
1214 2979 1249 3012 in
1265 2977 1404 3013 Gallica
1422 2978 1571 3023 quadam
1598 2980 1653 3013 ci-
