1768 3216
771 248 1078 284 HISTORIARVM
1457 260 1489 285 a.
1523 260 1559 285 u.
1588 249 1675 286 823.

178 257 250 291 356

178 373 218 413 in
253 371 437 412 civitates
467 367 651 419 remittit,
683 378 732 408 ac
761 366 953 408 nuntiare
984 365 1098 406 iubet
1124 364 1318 406 sufficere
1339 365 1514 419 imperio
1534 365 1676 421 legio-

176 458 275 487 nes:
323 444 429 486 socii
471 442 521 483 ad
565 441 703 483 munia
742 441 857 495 pacis
899 441 1116 492 redirent,
1163 439 1303 481 securi
1335 439 1449 480 velut
1480 439 1673 482 confecto

175 519 299 570 bello,
333 516 445 570 quod
478 516 690 559 Romanae
721 528 866 558 manus
899 515 1178 568 excepissent.
1240 514 1368 556 Auxit
1399 525 1447 556 ea
1477 526 1547 556 res
1575 513 1677 556 Gal-

174 592 307 633 lorum
339 591 605 645 obsequium:
650 604 746 633 nam
787 595 957 645 recepta
988 590 1199 632 iuventute
1231 589 1396 631 facilius
1428 589 1580 630 tributa
1609 591 1680 630 to·-

143 666 377 718 5leravere,
407 666 628 727 proniores
661 665 720 725 ad„
746 665 901 717 officia,
935 663 1389 730 (IUOdijgnj-Q'·
1449 663 1504 704 At
1534 662 1679 705 Civilis

173 744 212 782 ct
242 720 1024 794 Classicus-*ubi{iitssfiffi'*'ff³“1ito1·e1n‚
1073 751 1223 781 caesos
1265 739 1490 791 Treviros,
1531 742 1680 780 cuncta

170 814 358 856 hostibus
389 826 588 869 prospera
623 827 842 868 accepere,
879 814 1030 868 trepidi
1062 826 1109 855 ac
1137 818 1436 868 properantes,
1480 812 1575 855 dum
1604 813 1674 855 di-

171 901 338 943 spersas
370 901 539 931 suorum
573 889 717 943 copias
749 889 1000 942 conducunt,
1035 889 1195 930 crebris
1228 889 1391 930 interim
1424 888 1576 930 nuntiis
1590 888 1679 930 Va-

173 963 372 1005 lentinum
423 976 623 1006 monuere
666 976 719 1004 nc
759 976 944 1006 summac
982 964 1042 1004 rei
1090 963 1318 1017 periculum
1373 963 1544 1005 faceretss
1615 961 1677 1004 Eo

111 1052 155 1082 ιο
171 1038 357 1092 rapidius
390 1031 579 1090 Cerialis,
613 1038 752 1080 missis
784 1038 826 1078 in
855 1037 1195 1079 Mediomatricos
1228 1038 1296 1091 qui
1314 1037 1510 1079 breviore
1528 1036 1678 1078 itinere

173 1112 363 1167 legiones
410 1113 451 1153 in
489 1112 652 1154 hostem
687 1116 928 1164 verterent,
973 1116 1187 1154 contracto
1230 1112 1338 1166 quod
1380 1115 1469 1154 erat
1507 1111 1678 1152 militum

174 1187 430 1242 Mogontiaci
486 1191 761 1240 quantumque
807 1199 947 1228 secum
991 1191 1308 1239 transvexerat,
1354 1186 1490 1228 tertiis
1530 1184 1679 1228 castris

0 1247 9 1309 ζ’
39 1262 151 1301 istm
174 1261 438 1316 Rigodulum
458 1262 595 1314 venit3
642 1274 763 1316 quem
792 1262 928 1303 locum
959 1274 1110 1316 magna
1142 1262 1406 1303 Trevirorum
1438 1272 1561 1303 manu
1592 1260 1681 1303 Va-

6 1364 87 1387 r.
167 1323 348 1377 lentitius
382 1336 621 1388 insederat,
654 1337 863 1378 montibus
896 1341 965 1378 aut
997 1336 1170 1378 Mosella
1204 1348 1326 1378 amne
1356 1339 1556 1390 saeptum.
1629 1335 1680 1376 Et

113 1423 151 1452 15
165 1410 383 1451 addiderat
414 1410 550 1452 fossas
582 1410 808 1464 obicesque
834 1423 1044 1452 saxorum.
1109 1410 1197 1452 Nec
1228 1411 1473 1452 deterruere
1506 1423 1554 1452 ea
1586 1420 1682 1452 mu-

162 1484 344 1525 nimenta
375 1485 603 1526 Romanum
637 1485 785 1526 ducem
813 1496 893 1538 quo
925 1484 1060 1526 minus
1089 1485 1268 1538 peditem
1294 1497 1563 1539 perrumpere
1590 1485 1659 1525 iu—
1713 1493 1717 1497 ·

164 1556 302 1609 beret,
338 1558 516 1612 equitum
546 1558 680 1599 aciem
711 1559 753 1599 in
783 1558 933 1600 collem
967 1559 1166 1613 erigeret,
1200 1562 1340 1613 spreto
1372 1558 1522 1611 hoste,
1555 1571 1678 1613 quem

169 1635 328 1673 temere
363 1632 585 1674 collectum
614 1632 722 1674 haud
756 1634 810 1675 ita
842 1633 937 1675 loco
981 1633 1115 1675 iuvari
1155 1638 1199 1674 ut
1238 1645 1322 1674 non
1366 1633 1456 1687 plus
1500 1634 1587 1675 suis
1637 1633 1680 1674 in

171 1705 325 1747 virtute
357 1707 480 1748 soret.
539 1707 706 1749 Paulum
738 1720 881 1750 morae
911 1709 952 1749 in
981 1721 1187 1760 ascensu,
1238 1707 1675 1767 dnmgmissilia'lio-

0 1791 155 1860 ,stne
170 1780 290 1841 stium
322 1781 655 1834 praevehuntur:
698 1787 743 1824 ut
787 1787 955 1824 ventum
997 1784 1038 1824 in
1070 1795 1240 1835 manus,
1293 1782 1499 1823 deturbati
1528 1782 1676 1823 ruinae

0 1895 49 1925 [a.
86 1872 122 1918 ς
169 1854 295 1896 modo
326 1855 665 1909 praecipitantur.
726 1857 777 1898 Et
806 1869 903 1910 pars
935 1857 1115 1911 equitum
1146 1856 1417 1910 aequioribus
1449 1844 1676 1911 iugis-Eir-

12 1940 14 1943 ,
54 1934 65 1946 Α,
101 1933 118 1951 „1

867 726 873 729 ,
880 721 1047 728 ...aff—m

890 1993 924 2028 5.
953 1993 1013 2038 ad]
1043 1999 1079 2027 at
1107 1993 1171 2028 Ma.
1303 1994 1336 2029 6.
1366 2005 1462 2028 cesos
1494 1993 1560 2028 Ma.
1615 1993 1673 2029 12²

1119 2042 1172 2076 17.
1198 2042 1347 2088 frigeret
1373 2041 1438 2086 Ma,
1462 2043 1587 2089 fiqeret
1619 2040 1648 2076 G

316 1994 351 2030 3.
379 1995 471 2029 ausit
497 1993 572 2028 Ma:
601 1994 628 2028 G
654 1994 765 2028 auxit.

170 2043 327 2088 Moyont.
354 2042 426 2077 Ma:
456 2054 617 2087 magone.
648 2042 687 2076 G.
755 2043 809 2076 14.
837 2047 967 2087 septum
996 2041 1054 2076 Or.

171 2092 322 2137 erigeret
347 2090 577 2126 Puteolanus.
664 2090 719 2124 18.
747 2090 831 2124 haut
858 2088 924 2126 Ma.

177 2218 301 2255 verat,
331 2212 529 2257 Linyonum
554 2211 814 2257 opulentissima
842 2211 896 2245 ci-

174 2262 267 2294 vitas
306 2272 394 2305 quae
434 2261 481 2294 acl
509 2257 654 2294 Cirilefn.
690 2260 896 2302 desciverat,

177 2320 255 2342 cum
293 2309 500 2343 adveniente
538 2310 695 2342 exercitu
731 2309 898 2342 Caesaris

171 2356 435 2402 populationem
474 2358 629 2399 timeret,
659 2357 748 2401 qood
774 2362 899 2390 contra

179 2407 459 2450 expectationem
502 2406 675 2439 inviolata
721 2405 812 2439 nihil
857 2417 899 2438 ea:

180 2453 286 2487 rebus
313 2456 384 2488 suis
409 2455 598 2496 amiserat,
628 2454 676 2487 acl
702 2453 898 2498 obsequium

177 2502 329 2535 redacta
357 2503 581 2549 septuaginta
612 2501 714 2535 mitia
739 2507 898 2535 armato-

177 2561 257 2584 rum
285 2551 432 2585 tradidit
458 2553 502 2585 ei.
553 2549 651 2584 Haec
675 2551 898 2593 transcripsit

176 2599 213 2631 in
241 2608 305 2632 sua
333 2599 486 2633 loannes
514 2598 788 2633 Sar-isberiensis
817 2599 842 2631 V
863 2598 896 2640 7,

178 2648 240 2690 qui
269 2647 379 2681 Taciti
411 2647 455 2681 de
486 2647 541 2680 his
576 2646 683 2680 rebus
718 2647 897 2680 narratio-

177 2705 258 2728 nem
296 2701 514 2740 compertam
551 2695 706 2728 nondum
749 2694 896 2736 habuit3

175 2753 211 2775 v.
242 2742 469 2777 Prooemium
499 2753 533 2787 p.
552 2742 692 2777 XXXVI
720 2748 839 2776 annot.
857 2744 890 2777 2.

244 2793 435 2836 proniores
460 2792 507 2825 ad
524 2793 654 2836 officia,
682 2791 772 2835 quod
790 2802 891 2836 sper-

174 2839 381 2872 nebantur.-
425 2842 558 2885 quippe
594 2840 687 2873 dites
723 2845 822 2874 erant
857 2844 892 2872 et

175 2886 341 2920 imbelles
369 2888 432 2929 (XI
456 2888 533 2934 18).
565 2887 676 2922 Taciti
700 2887 810 2922 verba
838 2887 891 2920 ir-

173 2935 343 2968 risionem
384 2936 508 2980 populi

173 2982 299 3016 tinent.

556 2936 746 2983 degeneris
799 2945 890 2971 con-

1041 2212 1098 2255 τμη·
1123 2211 1282 2245 bretiore
1310 2211 1437 2245 itinere
1463 2210 1618 2256 leyiones
1643 2211 1682 2244 in

967 2259 1097 2293 hostem
1131 2265 1337 2294 ter-terent:
1389 2259 1554 2306 legiones
1594 2259 1682 2293 dicit

970 2309 1117 2352 primani
1155 2313 1189 2342 et
1221 2312 1355 2342 sextam
1391 2308 1562 2342 decimam!
1587 2333 1596 2350 ‚
1636 2307 1681 2341 de

969 2367 1114 2401 quarum
1142 2356 1303 2390 discessu
1330 2357 1365 2389 in
1394 2356 1682 2390 Mediomatricos

970 2417 999 2439 c.
1021 2405 1066 2440 70
1095 2407 1296 2449 expositum
1325 2409 1390 2439 cst.
1421 2405 1683 2439 Mediomatrici

968 2463 1074 2497 supra
1109 2453 1325 2498 Mogontiaci
1375 2455 1545 2498 regiones
1601 2462 1679 2487 cum

969 2501 1183 2543 habitarent,
1211 2502 1377 2545 legiones
1404 2501 1680 2535 indevbreviore

966 2550 1023 2582 via
1052 2548 1217 2582 Treviros
1243 2550 1335 2582 verti
1362 2554 1547 2592 poterant,
1575 2559 1678 2594 quam

967 2598 995 2630 si
1024 2602 1107 2631 ante
1134 2597 1398 2643 Mogontiacum
1431 2597 1474 2631 ad
1501 2597 1677 2631 Cerialem

966 2647 1162 2679 venissent.
1219 2645 1370 2679 Cerialis
1404 2646 1481 2690 ipse
1517 2646 1678 2690 proxima

966 2695 1025 2728 via
1052 2705 1092 2728 ac
1117 2694 1211 2728 bene
1236 2695 1371 2727 munita
1402 2705 1421 2727 a
1447 2694 1677 2740 Mogontiaco

966 2742 1007 2775 ad
1047 2742 1219 2776 Mosellae
1258 2743 1368 2786 ripam
1407 2752 1472 2786 per
1503 2743 1676 2776 montium

962 2792 1046 2836 iuga
1081 2801 1122 2825 ac
1170 2790 1281 2825 saltus
1332 2790 1552 2837 (Hunsrtick)
1585 2800 1676 2825 con-

962 2839 1086 2872 tendit.

1028 2887 1239 2932 Riyodutum
1273 2897 1383 2931 prope
1418 2887 1582 2920 Treviros
1621 2886 1675 2920 si-

961 2939 1033 2968 tum
1061 2941 1148 2979 erat,
1175 2940 1214 2969 ut
1239 2940 1338 2980 patet
1363 2947 1406 2969 ex
1434 2947 1464 2969 c.
1485 2936 1531 2971 72
1556 2935 1671 2968 initio.

960 2983 1105 3019 Retinet
1130 2994 1260 3019 nomen
1285 2984 1388 3019 vicus
1404 2983 1488 3020 Riot
1511 2981 1672 3018 secundo
