1768 3216
210 225 282 265 822
774 218 1084 259 msromaa‘vm
1487 236 1520 260 a,
1539 231 1591 261 „⁴
1616 223 1702 263 823.

208 347 316 387 inter
338 343 566 390 Musonium
582 339 728 381 Rufum
759 343 798 380 et
826 338 1011 381 Publium
1043 339 1232 382 Celerem
1259 339 1427 394 placuit,
1460 339 1704 383 damnatus-

209 433 286 474 que
331 418 491 460 Publius
534 420 573 457 et
604 415 754 458 Sorani
783 415 973 458 manibus
1005 416 1277 458 satisfactum.
1331 415 1512 470 Insignis
1536 415 1701 469 publica

203 492 426 535 severitate
455 491 544 532 dies
577 502 628 531 ne
663 490 855 543 privatim
889 489 1055 544 quidem
1087 489 1210 532 laude
1243 490 1388 532 caruit.
1449 490 1604 532 Iustum
1634 489 1704 545 iu-

203 567 354 608 dieium
383 565 574 620 explesse
604 563 819 607 Musonius
852 564 1096 607 videbatur:
1136 565 1303 607 diversa
1348 564 1456 607 sama
1487 564 1701 607 Demetrio

170 642 397 695 scynicam
430 644 587 682 sectam
618 639 829 693 professo,
863 640 971 694 quod
1002 640 1264 682 manifestum
1293 652 1411 682 reum
1442 639 1702 682 ambitiosius

201 729 320 770 quam
359 715 574 757 honestius
627 714 899 757 defendisset.
961 715 1042 769 Ipsi
1087 715 1228 757 Publio
1273 727 1410 770 neque
1452 715 1611 757 animus
1659 715 1700 756 in

197 790 393 845 periculis
432 802 567 844 neque
599 789 733 832 oratio
765 790 1055 844 suppeditavit.
1117 791 1247 846 Signo
1278 790 1447 833 ultionis
1491 790 1535 831 in
1569 801 1700 833 accu-

197 870 359 909 satores
396 865 507 918 dato,
540 865 641 920 petit
673 878 695 907 a
715 865 898 908 Caesare
933 865 1073 907 lunius
1105 867 1330 920 Mauricus,
1362 871 1407 909 ut
1439 870 1700 928 commenta-

196 943 352 984 riorum
394 940 683 1001 principa-lium
735 944 982 996 potestatem
1027 942 1191 983 senatui
1238 941 1420 994 faceret,
1467 925 1698 996 per-''vquos

146 1027 184 1056 ιυ
197 1006 390 1059 nosceret
414 1002 533 1070 quem
560 1016 735 1071 quisque
753 1016 1035 1058 accusandum
1062 1017 1338 1071 poposcisset.
1388 1016 1698 1059 Consulendum

196 1092 267 1134 tali
298 1104 421 1146 super
450 1104 496 1134 re
529 1091 758 1146 principem
791 1092 1021 1145 respondit
1059 1092 1233 1134 Senatus
1275 1092 1566 1134 inchoantibus
1607 1092 1765 1147 pri-41

59 1203 65 1206 ,
123 1210 128 1225 ·.
196 1167 378 1209 moiibus
412 1166 725 1231 iusiurandum
756 1167 973 1221 concepit,
1022 1179 1102 1221 quo
1149 1168 1334 1209 certatim
1380 1179 1526 1209 omnes
1561 1167 1699 1223 magi-

45 1224 55 1232 *
114 1229 119 1231 ’
196 1246 361 1295 stratus,
397 1242 529 1284 ceteri
559 1227 606 1284 ut
632 1225 878 1284 sententiam
910 1242 1182 1297 rogabantur,
1216 1241 1320 1284 deos
1352 1245 1479 1284 testes
1510 1241 1699 1284 advoca-

194 1318 293 1359 bant
322 1317 423 1359 nihil
457 1329 536 1372 ope
574 1329 649 1360 sua
693 1317 843 1359 sactum
886 1329 966 1372 quo
1009 1317 1251 1372 cuiusquam
1291 1317 1404 1359 salus
1444 1317 1697 1373 laederetur,

143 1401 180 1430 ¹⁵
194 1405 329 1447 neque
360 1406 405 1435 se
435 1393 663 1447 praemium
695 1397 763 1435 aut
800 1392 1004 1434 honorem
1047 1405 1099 1434 ex
1145 1392 1377 1435 calamitate
1424 1392 1575 1435 civium
1620 1403 1698 1436 ee·-

194 1469 322 1523 pisse,
356 1468 528 1523 trepidis
561 1472 601 1511 et
630 1468 758 1511 verba
791 1469 892 1510 iuris
926 1468 1091 1510 iurandi
1121 1481 1195 1522 per
1224 1468 1364 1510 varias
1394 1471 1506 1510 artes
1531 1471 1700 1510 mutan·
1761 1518 1768 1522 ⁴

195 1544 329 1598 tibus,
372 1544 463 1598 quis
494 1543 641 1599 flagitii
673 1544 931 1586 conscientia
973 1544 1120 1584 inerat.
1180 1542 1416 1585 Probabant
1447 1541 1697 1599 religionem
1733 1523 1768 1586 ξ’.

888 1604 993 1663 432
995 1635 1050 1677 μ
1108 1595 1330 1666 misas..
1369 1592 1768 1703 ‘amurgam

0 1673 56 1711 ‘'¹‘'
322 1682 588 1721 ¹1.mas0nium
614 1685 683 1720 litt.
711 1697 733 1719 a
759 1696 937 1730 supersci.
965 1696 984 1719 o
1013 1685 1092 1719 Ma·
1083 1711 1091 1718 .
1119 1685 1330 1719 mussonimn
1357 1683 1396 1719 G
1493 1685 1528 1720 3.
1556 1641 1768 1720 cantuum

193 1733 260 1769 Ma.
341 1735 508 1769 iudicium
540 1734 644 1769 Gna:
673 1735 843 1769 indicium
867 1733 1066 1768 Einestius.
1153 1735 1187 1769 5.
1220 1734 1400 1768 abitiosius
1425 1731 1502 1768 Ma.
1529 1733 1558 1768 G
1581 1719 1768 1786 ambi-fh

194 1785 326 1817 tiosius.
429 1785 461 1818 7.
489 1784 584 1830 subp.
614 1782 678 1818 Ma.
786 1783 821 1818 8.
848 1784 1004 1818 metricus
1031 1781 1136 1817 Gll²¹2
1166 1783 1350 1817 Mauricus
1374 1781 1585 1816 Beroaldus.
1659 1781 1695 1818 9.
1752 1780 1768 1805 Ἰ

192 1834 330 1877 faceret
358 1835 448 1876 quae'
474 1844 539 1878 per
566 1832 639 1867 M²¹:
667 1842 758 1867 corr.
783 1832 818 1865 in
847 1831 885 1866 G.
959 1833 1002 1868 10
1040 1832 1153 1877 quae
1144 1830 1207 1865 Ma.
1272 1833 1327 1866 11.
1355 1830 1436 1866 talis
1467 1829 1541 1865 w.
1566 1830 1594 1865 G
1619 1830 1695 1866 mh.

197 1883 252 1916 12.
282 1882 463 1926 concaepit
490 1880 554 1916 Ma.
647 1883 701 1916 l4.
743 1892 907 1926 cusquam
933 1881 999 1915 Ma.
1099 1880 1165 1914 led.
1193 1879 1259 1914 Ma.
1354 1881 1409 1915 ¹5.
1432 1880 1605 1926 premium
1627 1879 1695 1914 Ma.

195 1930 339 1975 cepisset
364 1929 440 1964 Ma:
469 1931 597 1976 cepisse
625 1929 664 1965 G.
735 1930 790 1965 17.
821 1930 964 1975 flayiliis
990 1928 1065 1964 Ma:
1094 1929 1120 1963 G
1149 1930 1285 1975 flagilii.

0 1273 67 1299 lu*

13 1641 17 1648 »
128 1643 146 1652 ,.
229 1630 247 1644 “-
306 1618 407 1654 »³⁴⁴
475 1618 486 1627 “
570 1620 609 1660 Ρ

23 1649 66 1686 (j
127 1645 494 1677 ;,‘c'1·'··‘›-‹
603 1637 683 1664 Μὶν

196 2063 356 2109 cognitio
385 2067 480 2107 erat,
509 2074 586 2097 cum
613 2069 757 2098 senatus
784 2065 910 2109 proxi-

194 2122 252 2146 me
276 2116 359 2146 ante
387 2112 625 2155 consultavit3
653 2123 688 2147 v.
717 2123 794 2157 cap.
822 2114 875 2149 10.

267 2161 393 2194 iustum
425 2162 592 2195 iudicium
627 2160 782 2206 explesse
827 2162 910 2196 Mu-

148 2215 159 2256 η’
196 2210 315 2242 sonins
340 2209 551 2244 videbatur:
591 2210 759 2244 iudicium
802 2210 910 2255 (Pro-

142 2302 143 2305 ,
196 2260 283 2305 cess)
313 2262 366 2291 est
390 2258 571 2292 iudicialis
606 2263 751 2292 senatus
779 2260 910 2304 cogni-

143 2333 144 2336 ,
195 2306 271 2348 tio,
307 2305 350 2340 de
379 2317 448 2352 qua
476 2308 577 2341 vocis
606 2308 641 2341 vi
674 2307 791 2341 lexica
819 2317 910 2341 con-

136 2354 141 2395 j
195 2354 367 2398 sulenda3
396 2367 499 2400 quam
527 2355 634 2400 paulo
655 2361 738 2390 ante
757 2355 910 2390 inchoa-

132 2414 135 2431 ,ε
194 2407 265 2435 tam
293 2405 344 2447 (c.
366 2405 426 2449 10)
453 2414 522 2437 non
547 2404 790 2448 imperfectam
817 2405 909 2438 omi-

128 2456 131 2461 ’
195 2450 241 2483 sit
267 2450 476 2495 Musonius,
512 2453 574 2486 sed
614 2453 658 2486 ad
691 2453 796 2487 finem
825 2464 909 2497 per..

128 2494 133 2500 *
196 2499 309 2541 duxit,
338 2498 372 2533 h.
403 2511 434 2533 e.
463 2501 575 2534 verbo
603 2500 762 2534 'l'acitino
789 2501 910 2546 emple-

133 2537 138 2553 “
194 2549 253 2580 vit.
306 2547 404 2581 mitto
431 2553 466 2581 et
501 2549 663 2593 improbo
704 2560 795 2594 quae
823 2549 908 2582 olim

140 2594 141 2597 ’
195 2595 238 2630 ad
277 2596 446 2630 tuendum
489 2598 658 2631 indicium
698 2598 907 2641 conscripsi.

266 2644 465 2678 Demetrio.-
508 2645 698 2679 ambitiosa
744 2645 908 2680 defensio

193 2693 228 2726 in
257 2703 300 2727 eo
326 2694 441 2739 magis
470 2691 569 2737 mira,
598 2695 681 2740 quia
706 2694 798 2728 idem
829 2704 909 2727 mo-

192 2743 298 2776 rienti
325 2740 503 2776 Thraseae
547 2744 737 2777 sanctitate
774 2753 908 2776 morum

193 2791 365 2824 Soranum
393 2793 560 2836 aequanti
585 2791 789 2835 adstiterat3
834 2791 907 2825 vid.

192 2839 270 2873 xv1
303 2840 362 2873 34

275 2887 397 2921 Iunius
432 2889 641 2924 Mauricus}
688 2888 800 2923 frater
839 2888 908 2922 fuit

191 2934 229 2968 L.
255 2935 405 2970 Aiuleni
436 2937 603 2982 Rustici,
648 2938 684 2972 in
711 2937 858 2972 exilium
887 2948 908 2971 a

191 2981 396 3019 Domitiano
414 2985 551 3030 pulsus,
569 2997 647 3022 cum
666 2986 776 3022 frater
791 2990 906 3021 morte

983 2062 1153 2098 multatus
1180 2068 1264 2097 est:
1292 2063 1334 2097 A.
1362 2063 1421 2098 45.
1462 2060 1591 2098 Occiso
1617 2061 1696 2098 Do-

983 2113 1131 2146 mitiano
1150 2112 1327 2146 Mauricus
1354 2112 1390 2145 in
1417 2111 1542 2146 urbem
1568 2110 1694 2146 rediit:

982 2160 1073 2195 Plin.
1100 2160 1213 2205 Epist.
1241 2159 1288 2194 lv
1315 2161 1374 2202 22,
1404 2159 1419 2193 1
1448 2161 1470 2195 5
1500 2165 1536 2194 et
1565 2160 1620 2195 14.

1056 2209 1141 2254 Cap.
1172 2210 1230 2244 41.
1266 2208 1466 2254 probabant
1497 2227 1535 2232 —
1563 2220 1696 2254 arque-

983 2258 1086 2292 bant:
1126 2257 1293 2302 placebat
1332 2257 1491 2302 patribus
1533 2257 1697 2292 homiues

983 2311 1157 2340 nocentes
1195 2307 1290 2340 inter
1330 2305 1567 2350 concipienda
1609 2307 1696 2341 iuris

982 2354 1121 2389 iurandi
1149 2354 1258 2389 verba
1284 2354 1464 2399 religione
1488 2355 1606 2401 tangi:
1633 2356 1696 2389 sed

982 2404 1070 2438 istos
1112 2403 1226 2437 nihilo
1274 2404 1390 2437 minus
1435 2408 1695 2438 sacramentum

982 2463 1156 2497 peragere
1184 2451 1442 2496 improbabant.

1063 2500 1110 2533 acl
1139 2500 1305 2533 Paccium
1334 2501 1548 2544 Africanum
1573 2505 1695 2534 trans-

979 2548 1116 2592 9ressi:
1153 2558 1197 2581 ex
1222 2548 1334 2581 tribus
1362 2547 1582 2581 delatoribus
1610 2553 1694 2582 aute

980 2596 1172 2630 nominatis
1209 2596 1253 2630 de
1293 2596 1407 2640 primo
1446 2600 1581 2630 tantum
1615 2607 1694 2630 am-

982 2644 1074 2688 plius
1107 2644 1268 2688 rettulit,
1309 2644 1462 2678 alterum
1489 2649 1524 2679 et
1549 2646 1693 2679 tertium

979 2694 1184 2728 nominasse
1214 2697 1417 2727 contentus.

1070 2742 1277 2777 Scribonios
1310 2744 1445 2788 fratres
1462 2753 1474 2776 .·
1513 2740 1590 2776 xm
1616 2741 1664 2776 48
1685 2752 1694 2774 :

979 2789 1239 2825 adscribamus
1263 2793 1397 2836 fratres
1426 2802 1469 2825 ea
1496 2801 1584 2825 cura
1612 2793 1694 2835 (or-

979 2839 1096 2873 dinem
1154 2839 1369 2884 plebemque
1415 2838 1693 2873 Puteolanorum

980 2888 1218 2935 conciliandi)
1258 2889 1484 2932 transfertur.
1553 2887 1644 2922 Dein
1671 2896 1693 2920 a

977 2935 1098 2970 Tacito
1136 2938 1173 2971 in
1209 2936 1408 2971 Annalibus
1445 2945 1516 2970 non
1553 2943 1691 2970 memo-

975 2990 1116 3020 rantur:
1145 2986 1278 3032 quippe
1304 2986 1342 3019 in
1370 2986 1501 3020 itinere
1516 2982 1689 3027 Achaico,
