1768 3216
1558 207 1631 242 143

122 225 147 252 n
166 213 296 251 aco.
595 210 734 245 LIBER
760 210 805 246 ll.
861 209 949 245 CAP.
976 208 1135 244 46—48.

121 330 449 375 incolumitatem
486 333 692 382 vestram,
724 340 820 370 vvos
873 326 1151 369 constantiam
1200 337 1350 368 meum.
1411 323 1531 384 Plura
1578 323 1632 366 de

89 415 99 424 ·
126 406 326 451 extremis
363 404 480 460 loqui
521 417 619 459 pars
660 403 857 459 ignaviae
895 405 973 443 est.
1032 400 1303 455 Praecipuum
1334 399 1628 442 destinationis

121 494 244 525 mese
285 482 580 524 documentum
625 469 776 522 h'abete
817 478 928 532 quod
978 477 1032 520 de
1081 476 1249 538 nemine
1298 486 1467 529 queror.
1525 473 1630 516 Nam

52 557 318 604 &incusare
356 556 462 598 deos
501 554 576 596 vel
609 554 801 596 homines
832 553 923 595 eius
955 556 1020 594 est
1049 551 1121 605 qui
1149 550 1296 592 vivere
1332 548 1460 592 velit.⁸
1515 548 1631 590 Talia

121 631 313 685 locutus,
362 635 409 672 ut
448 630 599 683 cuique
632 633 781 689 aetas
797 632 867 670 aut
913 627 1119 682 dignitas,
1169 625 1348 667 comiter
1386 623 1664 679 appellatos‚5

121 707 232 782 ily}
258 718 441 761 propere
469 717 553 747 neu
579 677 839 746 reffianendo
873 703 978 744 iram
1006 701 1184 745 victoris
1213 688 1488 755 θερειπειιιῖ,
1491 696 1627 742 iuve-

118 794 197 825 nes
226 781 491 832 auctoritate,
520 792 662 822 senes
677 779 876 833 precibus
906 777 1117 829 movebat,
1147 775 1340 830 placidus
1372 787 1463 827 ore,
1496 774 1631 817 intre-

118 857 242 912 pidus
269 855 438 908 verbis,
470 854 785 909 intempestivas
815 864 986 894 suorum
1016 851 1214 893 lacrimas
1229 840 1467 893 ἶὸῗέιὸθιιε.
1526 849 1629 890 Dari

119 943 251 998 myas
281 942 332 973 uc
349 929 548 973 vehicula
578 928 826 971 abeuntibus
857 927 997 978 iubet3
1027 925 1193 967 libellos
1225 924 1510 979 epistulasque
1540 928 1633 966 stu-

121 1007 192 1050 dio
223 1019 327 1062 erga
356 1019 404 1048 se
433 1010 505 1048 aut
532 1005 576 1046 in
604 1004 812 1047 Vitellium
843 1001 1107 1047 contumeliis
1138 1001 1327 1056 insignes
1358 999 1524 1051 abolet3
1552 1011 1634 1053 pe-
1646 1009 1686 1039 ιο

119 1081 266 1124 eunias
305 1080 537 1132 distribuit,
590 1090 747 1134 parce,
798 1091 878 1121 nec
924 1081 971 1119 ut
1013 1077 1236 1133 periturus.
1295 1075 1395 1118 Mox
1445 1074 1630 1118 Salvium

119 1155 400 1199 Cocceianum
432 1154 575 1196 fratris
604 1153 755 1206 filium,
794 1135 932 1207 prima
969 1152 1163 1204 iuventa,
1202 1150 1411 1205 trepidum
1441 1154 1483 1209 et
1511 1162 1632 1191 mae-

117 1234 282 1274 rentem
309 1229 418 1272 ultro
447 1229 606 1272 solatus
638 1233 716 1281 est,
750 1227 960 1287 laudando
990 1226 1188 1280 pietatem
1219 1226 1339 1278 eius,
1380 1223 1629 1279 castigando

118 1305 410 1348 formidinem:
452 1317 506 1346 an
534 1303 744 1357 Vitellium
774 1307 856 1345 tam
887 1301 1056 1343 immitis
1088 1300 1217 1343 animi
1254 1299 1347 1342 sore
1376 1303 1421 1341 ut
1450 1310 1527 1353 pro
1559 1299 1630 1340 in·-

119 1380 273 1424 columi
315 1383 404 1423 tota
442 1379 569 1421 domo
609 1391 664 1420 ne
696 1364 810 1420 ⁸hanc
851 1377 1018 1431 quidem
1058 1375 1139 1417 sibi
1177 1375 1358 1430 gratiam
1393 1373 1682 1416 redderet?is

116 1455 272 1498 Mereri
323 1464 372 1497 se
425 1454 622 1496 festinato
664 1454 779 1496 exitu
825 1451 1087 1495 clementiam
1132 1450 1324 1492 victoris.
1384 1449 1479 1491 Non
1519 1448 1630 1491 enim
1645 1455 1761 1550 Οἶκ-

117 1530 261 1573 ultima
292 1529 602 1584 desperatione,
635 1528 710 1570 sed
729 1531 932 1584 poscente
950 1526 1156 1581 proelium
1176 1525 1379 1577 exercitu,
1410 1524 1627 1566 remisisse
1675 1508 1678 1510 i
1672 1527 1737 1550 J·

1429 1570 1621 1585 ,ψ

117 1605 182 1648 rei
317 1603 730 1661 icae—novissimum
771 1615 928 1655 casmn.
990 1600 1100 1643 Satis
1141 1599 1223 1641 sibi
1269 1598 1474 1650 nominis,
1520 1597 1622 1639 satis

117 1679 299 1734 posteris
329 1678 416 1720 suis
447 1677 676 1719 nobilitatis
705 1676 950 1730 quaesitum.
1010 1674 1108 1716 Post
1138 1673 1266 1715 Iulios
1298 1672 1495 1715 Claudios
1520 1671 1626 1714 Ser-

120 1754 216 1796 vios
246 1765 295 1796 se
322 1753 500 1806 primum
531 1752 574 1792 in
604 1751 804 1793 familiam
834 1762 986 1791 novam
1016 1748 1235 1802 imperium
1266 1747 1469 1789 intulisse.
1516 1746 1679 1793 Pro-20

69 1850 89 1871 x
118 1828 218 1872 inde
248 1831 391 1871 erecto
421 1827 562 1869 animo
592 1829 835 1880 capesseret
865 1825 1008 1877 vitam,
1039 1835 1121 1866 neu
1150 1827 1341 1876 patruum
1371 1822 1453 1864 sibi
1484 1820 1623 1863 Otho-

258 1938 299 1972 4.
326 1935 427 1970 uellit
453 1936 520 1970 illa.

118 1996 187 2020 nee
207 1990 247 2020 nt
271 1984 320 2019 G:
346 1984 402 2019 ffl'
428 1995 474 2019 ne
502 1984 573 2018 eui.

118 2033 187 2070 Μ..
265 2033 324 2069 18.
348 2033 452 2080 ὠὴ).
478 2031 545 2068 21³¹.

597 1936 631 1970 7.
661 1935 788 1981 pcibus
814 1934 879 1969 Ma.

965 1933 999 1968 9.
1031 1932 1174 1980 eplasqu
1176 1944 1300 1967 ecum
1325 1932 1388 1967 lin.
1419 1930 1488 1966 Ma.
1567 1931 1623 1965 11.

654 1985 712 2020 13.
736 1985 867 2030 pietate
892 1980 958 2017 Ma.

1030 1983 1086 2017 14.
1112 1983 1198 2017 inm
1226 1981 1294 2017 Ma.
1384 1980 1439 2016 17.
1467 1978 1626 2015 exercitui

199 2162 300 2186 nemo
349 2156 422 2186 tam
465 2151 609 2196 fortiter
654 2150 838 2195 reliquerit

120 2205 212 2236 cet.:
256 2199 313 2234 liis
346 2200 468 2235 verbis
510 2198 603 2234 Otho
642 2199 838 2244 respondet

119 2249 164 2284 ad
189 2248 274 2284 ina:
296 2250 434 2284 maiore
458 2249 577 2283 anino
603 2249 754 2283 tolerari
767 2248 838 2282 ad-

118 2309 224 2333 versa
249 2308 353 2342 quam
375 2297 529 2342 relinqu&
555 2301 625 2331 cet.

194 2345 281 2390 Cup.
306 2345 368 2380 48.
403 2346 499 2380 irent
520 2356 672 2391 propere
696 2356 767 2379 neu
791 2366 838 2379 -2-

121 2399 352 2442 asperaront:
385 2393 476 2429 haec
503 2393 661 2438 pendent
684 2404 704 2427 a
730 2404 839 2438 prac-

122 2453 247 2491 gresso
284 2443 430 2478 eomieer
463 2442 684 2488 appellatos,
719 2452 791 2476 non
817 2452 839 2475 a

124 2493 371 2538 subsequente
393 2491 563 2526 movebat.
613 2490 652 2525 ld
678 2491 740 2536 qui
765 2501 838 2524 non

120 2541 303 2576 intellexit
347 2541 386 2575 in
430 2540 558 2575 codice
594 2540 627 2573 A
676 2540 840 2575 monebat

120 2589 318 2625 substituit.

189 2637 353 2684 placidus
378 2648 459 2670 ore.-
510 2637 613 2682 Virg.
641 2646 719 2670 cum
752 2636 840 2671 dicit

120 2685 213 2720 Aen.
240 2684 302 2719 Vll
328 2685 398 2719 194
430 2684 575 2730 placido
605 2685 709 2729 prior
733 2685 840 2719 edidit

123 2744 199 2777 ore,
226 2737 262 2767 et
287 2731 415 2767 XI251
443 2732 584 2777 placido
610 2733 664 2766 sic
687 2734 840 2768 reddidit

123 2793 197 2824 oro,
222 2781 324 2815 vocis
349 2780 480 2814 ostium
518 2785 556 2815 et
587 2779 706 2814 locum
740 2781 840 2816 desi-

125 2834 232 2876 gnat,
270 2829 413 2864 Tacitus
440 2833 563 2862 contra
590 2829 709 2863 vultus
735 2829 840 2864 habi-

123 2883 199 2913 tum
227 2877 413 2912 denotavit
429 2877 605 2924 (bez-ultim
619 2878 668 2912 im
679 2877 839 2925 Antln'tz).

196 2937 306 2962 naves
339 2938 384 2961 ac
412 2925 577 2961 vehicula
614 2925 841 2960 abeuntibus:

126 2975 278 3011 navibus
306 2975 438 3010 Padum
474 2974 691 3018 transibant,
734 2974 842 3010 vehi-

908 2149 999 2184 culis
1028 2150 1072 2184 ad
1099 2154 1214 2183 castra
1240 2147 1436 2183 vitelliana
1468 2148 1505 2181 in
1532 2148 1625 2181 sini-

907 2204 980 2233 stra
990 2198 1076 2232 Padi
1101 2200 1180 2242 ripa
1203 2198 1320 2242 posita
1345 2196 1623 2231 contendebant.

985 2247 1242 2281 Cocceianum.-
1273 2245 1418 2280 ‘melius
1444 2246 1495 2278 ita
1519 2255 1625 2290 quam

910 2296 1116 2338 Cocceium,
1163 2294 1259 2340 quod
1283 2292 1493 2328 Plutarchus
1517 2303 1626 2337 prae-

908 2344 980 2378 fert
1011 2343 1053 2379 Ο.
1084 2344 1140 2378 16.
1200 2343 1288 2377 Nam
1330 2347 1367 2376 et
1399 2341 1625 2386 Tranquillus

908 2394 958 2427 ita
983 2392 1143 2437 appellat
1166 2392 1203 2425 in
1229 2391 1334 2426 Dom.
1364 2392 1422 2426 10.
1459 2390 1508 2424 At
1531 2390 1625 2424 Sue-

907 2442 1027 2475 tonius
1060 2451 1133 2474 non
1169 2440 1290 2474 fratris
1334 2439 1451 2474 solum
1489 2438 1624 2482 lilium,

907 2490 972 2525 sed
998 2491 1115 2535 ipsum
1141 2489 1202 2523 hic
1227 2489 1372 2524 fratrem
1397 2492 1625 2533 praesentem

907 2539 1029 2572 facere
1068 2538 1236 2581 videtur,
1284 2542 1407 2572 contra
1441 2536 1554 2571 Taciti
1590 2540 1627 2570 et

907 2587 1088 2622 Plutarchi
1114 2588 1356 2621 narrationem
1374 2590 1512 2630 aperte.
1537 2584 1624 2619 Nam

907 2635 972 2670 ille
1008 2637 1045 2670 in
1080 2641 1195 2670 castra
1230 2639 1395 2670 evaserat
1426 2645 1447 2667 e
1480 2643 1624 2678 pugna,

908 2695 1021 2729 seque
1049 2695 1128 2718 cum
1155 2684 1236 2718 aliis
1261 2683 1409 2717 dedidit.
1461 2681 1625 2715 Suetonii

909 2738 1027 2767 tamen
1053 2733 1164 2766 verba
1187 2731 1268 2766 Oth.
1292 2732 1354 2766 10:
1380 2732 1530 2774 fratrem
1552 2729 1625 2774 {91⁸-

910 2788 967 2816 tm·
1009 2782 1202 2826 fratrisque
1239 2779 1352 2822 filium
1394 2783 1426 2811 et
1468 2777 1625 2823 sinyulos

910 2830 1104 2863 amicorum
1130 2825 1544 2861 cohortatus’.1.wsms.

981 2889 1051 2911 neu
1068 2882 1234 2921 ptumum
1247 2874 1495 2909 sibiOtltonem
1515 2874 1625 2931 [uisse

912 2931 972 2960 ant
998 2925 1262 2958 oblivisceretur
1292 2934 1447 2968 unquam
1478 2928 1540 2958 ant
1563 2934 1626 2958 nt-

911 2975 1017 3009 mt'um
1042 2974 1273 3008 meminisset:
1293 2970 1539 3008 dissuadendo.
1555 2971 1625 3007 ob-
