1768 3216
732 225 999 261 PRAEFATIO.
1085 199 1101 210 ‘
1546 223 1636 260 xm·

134 346 213 390 bus
241 346 294 389 de
329 345 380 388 iis
412 346 646 400 expositum
675 348 739 386 est
768 358 791 386 a
822 345 1062 399 'sag-manno
1095 347 1137 385 et
1159 344 1443 396 Massmanno,
1475 343 1528 385 ab
1544 343 1637 385 hoc.

134 422 179 464 in
209 421 395 464 editione
421 420 670 462 Germaniae
695 432 734 473 p.
772 420 933 471 1-22,
979 420 1030 461 ab
1071 419 1142 460 illo
1184 420 1226 460 in
1259 419 1635 460 commentationez‘

135 496 185 539 de
208 495 339 537 Taciti
359 494 607 537 Germaniae
636 499 849 547 apparatu
880 494 1035 535 critico.
1085 493 1266 547 Scripsit
1283 492 1490 535 Robertus
1516 492 1635 548 Tay,-⁴

134 582 274 614 mann.
306 569 580 613 Vratislaviae
610 569 947 612 MDCCCXLVII.
979 569 1019 610 8.

274 713 358 757 Sed
388 712 584 767 quoniam
622 712 794 754 codices
828 712 888 753 illi
913 711 1177 754 recentiores
1206 711 1361 766 passim
1391 724 1633 754 memoran-

140 799 208 838 tur
234 795 277 837 in
307 793 617 836 commentariis
647 793 885 835 criticorum
902 825 915 846 ,
956 793 1127 835 nomina
1156 805 1299 835 eorum
1327 793 1408 836 huc
1437 793 1633 835 conferre

134 875 270 918 visum
300 878 376 916 est.

135 1000 189 1042 A.
247 996 574 1048 Arundelianus,
607 1007 632 1036 a
660 993 815 1037 Iacobo
848 998 889 1035 et
916 993 1154 1036 Abrahamo
1189 993 1404 1035 Gronovio
1438 993 1533 1035 olim
1566 993 1634 1034 iu-

248 1080 416 1132 spectus
443 1080 483 1117 et
518 1074 693 1117 collatus
717 1074 837 1124 (vide
868 1074 965 1115 edit.
989 1073 1299 1116 Gronovianam
1330 1086 1367 1115 a.
1406 1073 1510 1115 1721
1546 1077 1571 1113 t.
1600 1073 1635 1116 11

250 1169 291 1211 p.
325 1155 589 1207 576-578),
621 1166 733 1195 nunc
764 1153 979 1196 evanidus.

135 1265 182 1307 B.
249 1265 596 1319 Bambergensis,
642 1264 683 1305 h.
716 1277 752 1306 e.
784 1262 1010 1305 nonnullae
1044 1261 1293 1305 Germaniae
1327 1262 1520 1317 plagulae
1560 1275 1635 1304 re·-

252 1345 365 1387 centi
393 1358 519 1387 manu
549 1345 731 1400 scriptae
760 1349 801 1386 et
831 1345 914 1386 iam
944 1356 1029 1386 non
1060 1343 1269 1399 cognitae.

139 1456 182 1498 F.
258 1454 552 1497 Famesianus.

135 1537 194 1578 Fl.
253 1534 517 1578 Florentinus
549 1539 589 1576 et
619 1534 785 1589 quidem
814 1531 1116 1576 Laurentianus
1147 1532 1274 1587 plutei
1306 1532 1359 1574 73
1391 1531 1526 1574 codex
1563 1533 1630 1574 20.

136 1619 184 1661 H.
257 1616 586 1658 Hummelianus.

137 1698 185 1740 K.
259 1696 510 1750 Kappianus.

134 1777 179 1819 L.
258 1773 539 1818 Londinensis
570 1774 702 1816 musei
736 1772 978 1815 Britannici.

134 1858 188 1900 M.
256 1855 538 1898 Monacensis.

136 1941 181 1982 A
247 1937 535 1989 (Massmanno
565 1936 635 1988 R).
667 1936 893 1979 Vaticanus
921 1948 960 1977 n.
998 1934 1126 1978 4498.

134 2019 210 2062 Ra.
242 2016 469 2060 Vaticanus
501 2016 625 2059 1862.

134 2100 211 2143 Rb.
245 2098 471 2141 Vaticanus
497 2097 596 2139 Urb.
629 2097 726 2140 655.

134 2181 208 2223 Rc.
239 2178 465 2222 Vaticanus
500 2178 625 2220 1518.

136 2259 213 2301 Rd.
244 2258 472 2300 Vaticanus
504 2256 631 2300 2964.

135 2338 208 2380 Re.
249 2329 474 2379 Vaticanus
504 2336 629 2377 Palat.
666 2335 790 2378 1795.

135 2418 200 2461 Rs.
251 2418 463 2460 Romanus
492 2415 727 2471 Angelicae
759 2414 1043 2457 bibliothecae
1073 2413 1415 2470 Augustinorum.

137 2498 179 2541 S.
254 2496 617 2552 Stuttgardiensis.

135 2577 180 2619 Τ.
252 2575 505 2618 Turicensis.

136 2659 186 2700 V.
246 2658 429 2699 Venetus
459 2657 550 2699 sive
578 2657 828 2699 Marcianus.

137 2737 204 2779 W.
251 2737 606 2778 vindobonensis.

274 2885 341 2927 Ad
385 2885 462 2927 hos
506 2885 635 2927 libros
676 2898 699 2926 a
738 2884 1005 2927 Massmanno
1048 2883 1272 2938 diligenter
1309 2882 1545 2937 descriptos
1589 2886 1629 2924 et

140 2964 314 3008 collatos
362 2965 525 3007 accedit
571 2965 817 3008 Germaniae
861 2964 998 3006 codex
1041 2962 1319 3005 bibliothecae
1361 2962 1625 3017 Phillippicae
