1768 3216
704 258 1013 295 HISTORIARVM
1410 270 1443 295 a.
1471 268 1508 295 u.
1535 256 1620 298 822.

127 270 201 306 228

130 383 323 428 Cornelio
363 378 626 429 consulibus,
669 377 892 432 ingruente
930 377 973 418 in
1003 376 1162 418 Italiam
1190 375 1423 429 Annibale,
1463 387 1623 432 propu-

127 458 346 514 gnaculum
389 454 588 495 adversus
632 451 772 493 Gallos
810 456 924 493 trans
966 451 1118 493 Padum
1160 454 1359 505 agentes,
1406 454 1446 492 et
1475 450 1512 493 si
1542 462 1623 505 qua

126 533 204 575 alia
232 532 295 572 vis
320 541 395 583 per
422 527 551 581 Alpes
579 531 734 567 rueret.
795 526 926 582 Igitur
952 538 1125 567 numero
1159 525 1432 578 colonorum,
1465 536 1624 579 oppor—

124 606 294 646 tunitate
324 602 561 654 fluminum,
591 601 722 642 ubere
755 602 866 660 agri,
901 601 1067 643 adnexu
1101 599 1405 654 connubiisque
1435 599 1624 655 gentium

9 678 305 730 ,,ζεει(101ε;νὶι
341 677 583 730 floruitque,
625 655 751 718 bellis
799 677 986 718 externis
1020 677 1198 728 intacta,
1240 675 1432 717 civ-ilibus
1462 674 1638 734 infelixs

13 742 16 749 ‘
122 753 327 794 Antonius
358 751 518 806 pudore
543 751 713 806 flagitii,
744 751 1042 792 crebrescente
1073 749 1252 802 invidia,
1286 749 1416 792 edixit
1446 761 1500 791 ne
1531 749 1624 804 quis

123 827 447 869 Cremonensem
480 827 686 880 captivum
714 826 935 867 detineret.
996 825 1249 879 Inritamque
1279 824 1479 878 praedam
1509 823 1624 866 mili-

120 902 228 943 tibus
260 901 458 943 effecerat
489 913 722 943 consensus
751 901 908 953 ltaliae,
942 900 1193 955 emptionem
1224 899 1365 941 talium
1386 900 1624 954 mancipio-

121 987 212 1018 rum
238 976 509 1031 aspernantis.
572 976 719 1017 Occidi
752 987 947 1030 coepere.
1009 975 1129 1025 Quod
1156 975 1226 1016 ubi
1255 974 1428 1028 enotuit,
1462 987 1485 1016 a
1518 986 1625 1029 pro-

71 1052 284 1106 iopinquis
317 1051 600 1104 adfinibusque
630 1050 794 1091 occulte
823 1049 1204 1103 redemptabantur.
1252 1049 1350 1090 Mox
1369 1048 1495 1090 rediit
1517 1048 1644 1091 Cre-‚

0 1170 47 1187 Ν
125 1138 291 1168 monam
322 1125 503 1179 reliquus
535 1125 720 1178 populus.
763 1124 961 1178 Reposita
980 1124 1070 1166 sora
1094 1123 1327 1178 templaque
1343 1122 1624 1185 munificentia

0 1215 85 1266 gn
123 1200 396 1266 municipum3
455 1204 493 1240 ct
536 1199 818 1254 Vespasianus
856 1198 1113 1241 hortabatur.
1177 1198 1370 1240 Ceterum
1429 1197 1694 1242 adsidere35

32 1276 53 1322 ς(
122 1262 309 1329 sepultae
353 1275 466 1316 urbis
509 1275 640 1315 ruinis
678 1275 804 1316 noxia
842 1274 939 1316 tabo
973 1274 1119 1315 humus
1162 1273 1271 1315 haud
1314 1273 1384 1315 diu
1420 1273 1623 1327 permisit.

0 1349 68 1407 *j
120 1349 186 1390 Ad
214 1349 378 1390 tertium
408 1348 587 1402 lapidem
616 1349 835 1402 progressi
875 1360 1009 1402 vagos
1050 1351 1336 1401 paventesque
1362 1346 1624 1398 Vitellianos,

0 1420 56 1471 ιζ
71 1402 128 1468 is
123 1434 196 1465 sua
226 1436 429 1478 quemque
457 1423 563 1477 apud
595 1423 730 1477 signa,
765 1426 1032 1481 componunt.
1095 1422 1145 1463 Et
1174 1422 1312 1464 victae
1342 1421 1537 1477 legiones
1573 1433 1627 1462 ne

10 1497 55 1555 ,ἓν
42 1488 318 1557 ··‹{ae=rnanente
349 1498 483 1540 adhuc
515 1497 628 1539 civili
659 1497 769 1538 bello
798 1497 1018 1552 ambiguae
1050 1501 1251 1551 agerent,
1293 1509 1370 1551 per
1413 1495 1624 1551 Illyricum

11 1566 352 1626 '¹³²‘dispersae.
401 1572 447 1613 In
463 1571 717 1614 Britanniam
748 1571 847 1613 inde
880 1576 920 1613 et
932 1571 1154 1626 Hispanias
1183 1571 1351 1613 nuntios
1374 1570 1623 1626 famamque,

243 1727 274 1760 1.
309 1727 345 1760 Ρ.
379 1726 544 1760 Cornelio
570 1728 679 1760 tacite
706 1727 926 1761 Rhenanus:
969 1727 1112 1760 codices
1141 1726 1318 1760 Cornelio.
1419 1736 1514 1760 cons.
1543 1735 1624 1759 cum

119 1773 183 1808 lin.
213 1772 280 1808 Ma.
372 1775 538 1808 annibale
566 1775 671 1809 GMa:
698 1775 898 1809 Hannibale
925 1775 1155 1809 Puteolanus
1257 1775 1292 1810 3.
1323 1779 1441 1808 rueret
1467 1771 1541 1808 Ma:
1567 1773 1624 1807 ir-

119 1828 238 1856 rueret
265 1821 292 1856 G
322 1826 357 1854 et
381 1822 618 1858 Oxonienses.
695 1830 805 1869 oport
833 1822 908 1858 Ma:
935 1823 963 1857 G
987 1829 1121 1869 opport.
1192 1824 1229 1858 4.
1255 1823 1376 1869 ubere]
1397 1822 1510 1857 fuisse
1535 1826 1622 1867 puto

118 1870 287 1903 ubertate.
420 1872 642 1916 conubiisque
670 1871 735 1906 Μ3.
853 1872 887 1906 6.
918 1872 1136 1906 crebescente
1167 1870 1226 1906 Or.
1352 1871 1509 1905 invidiae
1536 1871 1626 1904 dixit

120 1917 198 1951 Ma:
225 1923 425 1952 correctum
451 1920 488 1952 in
516 1919 554 1954 G.
632 1920 665 1954 7.
695 1920 866 1965 captivom
889 1918 954 1953 Μ3.
1019 1920 1054 1955 9.
1082 1925 1348 1965 aspernantes
1339 1918 1414 1953 Ma:
1445 1919 1473 1953 G
1498 1930 1624 1966 asper-

120 1966 253 1999 nantis.
332 1978 429 2012 caep.
458 1968 524 2000 Ma.
604 1968 660 2002 10.
688 1967 997 2013 redemptabantur
1025 1968 1099 2001 Μ3.
1125 1968 1388 2001 redimebantur
1414 1966 1486 2002 BR.
1567 1969 1623 2002 11.

1412 2014 1440 2049 G
1468 2015 1604 2049 assider-
1606 2027 1624 2049 e

1456 2063 1624 2098 illiricum

120 2014 382 2058 maynificentia
411 2013 512 2048 GMaz
544 2025 632 2048 corr.
662 2016 697 2048 in
725 2016 765 2050 R.

121 2061 284 2143 ffissulm'

853 2018 908 2051 12.
937 2016 1116 2049 adsideres
1143 2016 1280 2061 epuliae
1308 2015 1385 2055 illa:

366 2063 421 2097 15.
449 2073 602 2107 quenque
630 2062 695 2097 Ma.
775 2063 829 2098 16
857 2064 1041 2109 ambiyuae
1069 2063 1144 2098 Ma.
1171 2064 1331 2110 ambiyue
1357 2063 1396 2098 G.

289 2111 329 2145 17
337 2136 344 2143 .
379 2110 584 2144 brittaniam
609 2110 675 2145 Ma.

195 2237 301 2270 ubere
320 2221 421 2281 abo-i,-
449 2238 523 2270 noti
551 2242 631 2271 sunt
661 2237 733 2272 loci
753 2238 836 2272 Vir-

906 2238 1092 2284 vulgarem
1113 2243 1148 2272 et
1174 2239 1261 2272 iuris
1287 2239 1416 2283 privati
1443 2240 1622 2284 propriam

123 2283 248 2329 gillani
297 2285 356 2329 (G.
398 2285 428 2318 11
467 2285 534 2320 185
572 2286 701 2331 fertilis
732 2287 838 2320 ubere

909 2287 1112 2320 commercii
1135 2289 1276 2322 vitaret.

122 2344 273 2378 campus,
290 2333 380 2367 Aen.
395 2333 409 2366 I
436 2334 504 2368 531
527 2339 562 2367 et
579 2334 625 2368 111
646 2335 714 2370 164
739 2341 838 2368 terra

123 2401 167 2407 —
191 2387 313 2426 potens
346 2382 455 2414 armis
490 2388 592 2427 atque
628 2383 733 2417 ubere
759 2384 836 2428 yle-

123 2429 198 2470 bae,
228 2429 377 2463 V11262
405 2430 520 2463 divitis
547 2432 633 2464 uber
659 2433 771 2478 agri),
800 2433 835 2465 in

123 2476 251 2520 quibus
277 2477 363 2510 uber
390 2474 550 2524 (ob-9020)
587 2490 649 2522 pro
676 2480 834 2514 ubertate

122 2523 280 2570 legitur,
325 2535 442 2569 neque
468 2526 609 2559 'tacitus
638 2539 657 2560 a
686 2528 835 2562 vocibus

123 2577 158 2606 et
177 2550 416 2606 locutionibus
432 2573 571 2620 Virgilii
591 2574 729 2609 alienus
758 2581 834 2610 est:

124 2631 247 2655 verum
270 2622 363 2655 enim
389 2632 474 2655 vero
495 2632 590 2659 nunc
615 2624 740 2657 audaci
758 2635 836 2658 me-

120 2669 292 2713 taphorae
326 2669 445 2703 nullus
496 2676 550 2704 est
584 2671 684 2705 locus
718 2683 837 2717 neque

122 2723 242 2752 cetera
281 2717 324 2750 ad
362 2728 439 2751 eam
479 2724 561 2763 apte
603 2722 834 2755 conveniunt.

120 2766 243 2811 Itaque
279 2767 495 2800 coniecerim
531 2768 684 2802 mediam
722 2769 838 2813 sylla-

120 2813 199 2847 bam
228 2816 321 2860 (tat),
352 2820 389 2847 ut
415 2820 467 2848 tot
490 2815 570 2850 aliis
595 2816 698 2861 locis,
726 2819 838 2851 omis-

121 2872 194 2895 sam
210 2861 401 2907 Tacitoque
428 2874 526 2897 suam
553 2864 702 2900 formam
729 2866 837 2900 uber-

123 2915 192 2943 tate
217 2910 430 2945 reddendam
458 2923 549 2947 esse.

202 2959 343 2992 adneoea
379 2962 625 3006 connubiisque
658 2963 833 3007 9entium:

121 3014 247 3039 vocem
271 3006 411 3041 adneoeu
437 3008 578 3043 videtur
613 3010 771 3057 elegisse
796 3016 835 3045 ut

981 2335 1138 2369 civilibus
1154 2336 1303 2381 infelix.-
1331 2336 1430 2370 Bruti
1459 2341 1495 2370 et
1509 2335 1622 2371 Cassii

905 2384 1064 2427 partibus
1100 2384 1226 2418 favens
1263 2395 1350 2430 agro
1376 2384 1546 2419 multatus
1569 2390 1624 2420 est

906 2444 926 2465 a
953 2433 1159 2466 triumviris.
1192 2432 1296 2466 Conf.
1327 2433 1469 2478 Virgilii
1492 2434 1620 2480 Eclog.

905 2482 1017 2524 prima
1045 2485 1080 2514 et
1104 2491 1198 2513 noua
1225 2492 1302 2514 cum
1331 2482 1623 2516 annotationibus

905 2529 1020 2562 Servii
1049 2533 1084 2562 et
1108 2530 1348 2562 recentiorum
1374 2530 1621 2573 interpretum.

983 2577 1221 2619 munificentia
1255 2578 1486 2623 munit-lpum:
1525 2578 1558 2612 h.
1589 2590 1620 2613 e.

905 2624 1112 2658 muneribus
1161 2635 1181 2658 a
1224 2625 1364 2659 civibus
1419 2630 1620 2660 ceterorum

906 2674 1181 2717 municipiorum
1205 2673 1499 2719 coloniarumque
1524 2674 1621 2709 libe-

906 2720 1030 2755 raliter
1058 2721 1212 2756 collatis.

981 2769 1065 2814 Cap.
1093 2771 1151 2805 35.
1197 2777 1350 2806 ceterum
1375 2771 1536 2805 adsidere
1562 2783 1621 2806 se-

903 2817 1024 2862 pultae
1065 2819 1162 2852 urbis
1200 2820 1343 2853 ruinis:
1395 2819 1439 2854 de
1480 2820 1621 2854 civibus

908 2865 1104 2900 Cremonae
1131 2867 1235 2901 modo
1262 2867 1414 2901 relatum
1442 2873 1522 2902 est:
1549 2869 1619 2902 iam

905 2925 1022 2948 rerum
1049 2916 1201 2960 scriptor
1231 2915 1275 2949 ad
1310 2917 1507 2950 exercitum
1534 2915 1620 2950 Fla-

905 2963 1090 2997 vianorum
1139 2965 1281 2999 transit.
1354 2965 1501 3010 Sepulta
1538 2964 1621 2999 urbs

905 3013 1065 3058 graviter
1104 3013 1237 3047 dictum
1271 3012 1315 3047 de
1355 3013 1472 3058 urbe,
1517 3013 1619 3048 cuius
