1768 3216
129 241 178 277 94
709 210 1011 255 ms'romAnvm

1390 209 1422 234 a.
1447 205 1486 232 u.
1510 194 1597 232 822.

129 357 254 409 longa
272 352 488 394 Caesarum
517 341 623 385 serie
652 310 871 378 tumentem
900 339 985 370 non
999 322 1163 367 Vindex
1193 329 1285 362 cum
1313 313 1466 360 inermi
1496 322 1602 368 pro-

131 428 265 472 vincia
295 428 362 467 aut
389 433 465 476 ego
497 428 586 459 cum
614 425 693 454 una
723 408 905 464 legione,

938 402 1012 445 sed
1043 412 1116 443 sua
1150 393 1399 446 immanitas,
1429 387 1604 435 sualu-

132 503 247 548 xuria
277 495 500 541 cervicibus
521 487 694 546 publicis
716 483 979 539 depulerunt;
1009 487 1142 529 neque
1159 475 1247 514 erat
1265 468 1402 512 adhuc
1421 462 1606 546 damnati

133 559 745 633 principis*⁴⁴‘exem‘plumleos
781 557 890 600 bello
934 557 973 596 et
1012 551 1063 594 ab
1107 543 1416 591 aestimantibus
1457 539 1608 584 adsciti

107 663 224 693 scum
271 645 446 696 invidia,
498 637 682 695 quamvis
721 632 909 689 egregii,
950 628 1114 671 erimus.

1173 623 1234 666 Ne
1273 625 1412 662 tamen
1441 616 1609 660 territus

137 724 285 774 fueris,
317 721 353 763 si
384 718 488 760 duae
517 714 703 769 legiones
735 709 775 751 in
805 707 885 748 hoc
917 701 1109 745 concussi
1140 698 1253 741 orbis
1284 698 1398 738 motu
1428 690 1612 735 nondum

138 798 362 853 quiescunt.
419 792 480 834 Ne
508 789 596 842 ipse
627 784 789 840 quidem
820 780 871 823 ad
902 788 1070 821 securas
1100 787 1168 817 res
1200 770 1382 821 accessi3
1413 772 1455 811 et
1474 765 1615 810 audita

141 871 359 925 adoptione
389 865 572 908 desinam
601 859 734 902 videri
764 868 915 907 senex,
957 852 1065 907 quod
1096 862 1205 892 nunc
1235 846 1333 889 mihi
1361 856 1487 888 unum
1517 841 1617 885 obi-

146 946 260 987 citur.
318 941 426 983 Nero
467 952 489 980 a
532 936 710 992 pessimo
751 943 911 987 quoque
941 939 1103 981 semper
1142 921 1469 966 desiderabitur:
1516 917 1617 960 mihi

97 1032 195 1062 mac
223 1018 294 1059 tibi
323 1012 619 1070 providendum
650 1013 711 1051 est
739 1020 792 1048 ne
823 1006 944 1048 etiam
975 1016 997 1044 a
1027 1002 1147 1043 bonis
1193 997 1465 1040 desideretur,
1523 994 1620 1036 Mo-

147 1107 246 1136 nere
290 1091 437 1133 diutius
475 1098 608 1141 neque
644 1082 839 1137 temporis
883 1079 1029 1130 huius,
1072 1080 1111 1118 et
1150 1074 1356 1128 impletum
1404 1074 1467 1113 est
1497 1080 1620 1111 omne

150 1166 378 1216 consilium,
410 1163 445 1205 si
473 1167 512 1203 te
542 1161 647 1202 bene
678 1156 798 1211 elegi.
857 1153 1102 1196 Utilissimus
1133 1150 1241 1192 idem
1273 1160 1321 1189 ac
1351 1145 1621 1188 brevissimus

150 1244 347 1284 bonarum
377 1238 652 1288 malarumque
681 1245 817 1274 rerum
849 1230 1031 1272 delectus
1071 1230 1153 1278 est,
1194 1223 1383 1279 cogitare
1418 1220 1516 1275 quid
1556 1223 1624 1262 aut

151 1314 330 1357 volueris
361 1313 434 1354 sub
465 1311 544 1353 alio
574 1308 758 1364 principe
789 1309 856 1348 aut
885 1302 1080 1345 nolueris.
1140 1301 1283 1353 Neque
1315 1298 1424 1340 enim
1454 1296 1550 1348 hic,
1582 1298 1626 1336 ut

105 1389 340 1445 15gentibus
371 1398 474 1441 quae
502 1388 746 1439 regnantur,
787 1385 898 1424 certa
930 1379 1188 1421 dominorum
1229 1374 1375 1416 domus
1419 1375 1459 1414 et
1499 1371 1629 1412 ceteri

155 1464 283 1507 servi:
314 1462 388 1504 sed
417 1462 684 1514 imperaturus
716 1469 760 1499 es
790 1455 1022 1497 hominibus
1054 1454 1120 1507 qui
1148 1464 1226 1493 nec
1244 1453 1371 1491 totam
1391 1446 1629 1489 servitutem

156 1537 238 1592 pati
277 1538 446 1590 possunt
484 1546 563 1575 nec
602 1536 727 1574 totam
764 1527 1020 1572 libertatem.‘
1079 1527 1128 1568 Et
1168 1525 1295 1567 Galba
1334 1522 1498 1577 quidem
1528 1521 1631 1562 haec

157 1624 206 1653 ac
245 1609 364 1661 talia,
414 1613 615 1661 tamquam
660 1605 885 1660 principem
916 1603 1096 1653 faceret,
1138 1599 1266 1642 ceteri
1304 1603 1510 1652 tamquam
1541 1607 1632 1638 cum

157 1685 264 1726 facto
295 1683 576 1736 loquebantur.
622 1681 810 1722 Pisonem
841 1679 977 1721 ferunt
1007 1677 1141 1719 statim
1173 1674 1437 1725 intuentibus,
1470 1676 1509 1714 et
1538 1683 1636 1714 mox
1649 1677 1702 1715 1¹7

293 1819 324 1851 1.
350 1818 463 1852 seriae
487 1815 550 1851 Ma.

160 1866 403 1912 depulereunt:
432 1864 590 1910 deputare
615 1863 654 1897 G.

162 1962 190 1997 G
219 1963 366 1997 delectus

232 2118 303 2141 non
341 2107 474 2142 Vindex
510 2117 586 2140 cum
614 2106 742 2140 inermi
771 2117 858 2151 pro-

163 2156 281 2190 vincia
314 2162 373 2189 aut
406 2166 465 2200 eqo
505 2166 579 2189 cum
602 2165 676 2188 una
705 2154 860 2198 legione:

163 2209 305 2238 veteres
338 2205 528 2247 scriptores
572 2213 642 2236 non
679 2202 862 2245 definiunt,

165 2254 221 2286 cui
263 2251 451 2286 Galliarum
486 2252 693 2294 provinciae
726 2251 865 2284 Vindex

164 2300 386 2344 praepositus
412 2300 530 2335 fuerit.
584 2298 686 2343 Apud
716 2299 865 2333 Dionem

166 2348 270 2382 Lxm
297 2346 342 2383 2'2
368 2348 520 2392 legimus
547 2346 586 2386 ὃς
614 2350 779 2393 προέστη
797 2350 869 2382 τῶν

169 2398 355 2438 Γαλατῶν,
386 2396 477 2439 apud
501 2395 729 2429 Plutarchum
748 2396 867 2440 (Galb.

167 2447 208 2490 4)
235 2446 422 2482 Γαλατίας
449 2441 504 2479 ὤν
531 2445 753 2489 στρατηγός,
777 2444 868 2487 apud

169 2493 373 2526 Suetonium
403 2492 501 2535 (Ner.
529 2492 594 2536 40)
623 2493 680 2536 qui
707 2497 775 2524 tum
793 2504 868 2525 eam

164 2540 385 2585 provinciam
407 2551 472 2584 pro
499 2546 663 2584 praetore
682 2539 865 2574 obtinebat.

167 2587 221 2621 Ex
254 2592 419 2632 quattuor
455 2587 646 2622 Galliarum
680 2590 873 2631 provinciis

168 2636 204 2668 in
242 2636 353 2679 prima
391 2635 567 2670 divisione
613 2637 872 2679 provinciarum

167 2683 330 2729 Augusto
365 2683 406 2717 ad
434 2684 748 2717 administrandum
774 2696 873 2718 com-

169 2731 305 2774 missis,
352 2731 593 2775 Narbonensi,
631 2732 871 2778 Lugdunensi,

166 2780 369 2824 Aquitania,
401 2779 538 2814 Celtica
558 2784 608 2825 (v.
629 2780 696 2814 Dio
711 2780 873 2828 L11112)‚

169 2838 245 2861 eam
286 2838 378 2873 qnae
419 2830 523 2862 tertio
563 2829 643 2862 loco
678 2831 795 2873 posita
821 2836 874 2864 est

167 2875 310 2909 videtur
337 2876 548 2911 obtinuisse.
594 2877 764 2912 Nimirum
777 2879 876 2912 Nar-

169 2922 353 2958 bonensem
391 2924 574 2971 Augustus
620 2935 701 2959 mox
743 2927 875 2970 populo

168 2971 227 3005 vel
251 2972 392 3008 senatui
417 2973 582 3018 reddidit,
611 2978 649 3007 ut
664 2974 731 3009 Dio
758 2975 875 3019 tradit,

624 1817 657 1850 3.
685 1815 888 1860 depulerunt
915 1816 993 1859 (per
1020 1811 1283 1857 compendium)
1321 1810 1386 1854 Ma,
1411 1820 1483 1844 non
1508 1810 1638 1845 Furiae

715 1865 747 1898 9.
775 1863 880 1897 michi
901 1862 965 1896 illa.

159 1915 287 1949 Furiae
314 1915 492 1956 bonorum)
515 1913 604 1946 idem
630 1923 673 1945 ac
699 1912 913 1945 brevissimus
939 1911 1108 1944 bona-rum
1134 1908 1197 1942 Ma.

1042 1862 1097 1894 12.
1123 1860 1323 1894 utilissimus
1350 1860 1521 1894 bonarum
1547 1862 1638 1904 (non

1302 1908 1356 1942 13.
1393 1907 1538 1942 dilectus
1565 1905 1639 1942 Ma:

453 1961 532 2006 quid
555 1971 577 1994 a
603 1961 656 2006 (in
680 1970 803 1994 versus
829 1959 913 2005 fine)
941 1964 1001 1993 aut
1026 1957 1091 1992 Ma.
1147 1958 1202 1991 15.
1231 1956 1363 1990 caeteri
1388 1954 1454 1990 Ma.

933 2104 1070 2139 Vindex
1102 2108 1219 2138 autem
1251 2114 1315 2148 pro
1349 2107 1514 2148 praetore
1554 2112 1643 2147 pro-

931 2154 1085 2188 vinciam
1114 2152 1277 2187 Caesaris
1304 2151 1506 2195 obtinebat;
1543 2146 1643 2198 λης-’-

934 2203 1018 2236 duni
1054 2201 1151 2235 cives
1188 2201 1325 2246 coeptis
1365 2201 1441 2235 eius
1470 2201 1644 2235 acerrime

936 2252 1143 2284 restiterunt
1184 2250 1244 2294 (ll.
1289 2250 1303 2283 l
1339 2249 1423 2292 6513
1463 2248 1644 2292 Celticum,

937 2300 970 2332 h.
1016 2311 1044 2332 e.
1090 2298 1312 2340 Germanias,
1368 2299 1561 2344 Verginius
1610 2303 1646 2332 et

939 2347 1064 2391 Capito
1082 2352 1164 2381 tunc
1183 2347 1482 2381 administrabant.
1524 2347 1648 2382 Restat

938 2397 1149 2440 Aquitania,
1192 2401 1226 2429 et
1267 2395 1407 2430 Vindex
1440 2397 1518 2440 ipse
1553 2395 1648 2440 apud

939 2445 1088 2478 Dionem
1116 2443 1222 2477 LXlll
1246 2446 1292 2479 22
1308 2449 1362 2477 est
1382 2445 1421 2478 ἐκ
1439 2442 1650 2492 πρῑῖᾗῖῗνων

936 2491 1146 2532 Ἀκυιανός.
1196 2492 1306 2525 Galba
1330 2492 1534 2537 Hispaniam
1561 2492 1648 2527 Tar-

937 2551 1166 2574 raconensem
1197 2543 1274 2574 sive
1304 2542 1506 2576 citeriorem
1534 2542 1640 2588 lega-

943 2595 996 2622 tus
1025 2589 1221 2623 consularis
1248 2590 1351 2632 rexit,
1382 2601 1460 2624 cum
1486 2590 1643 2635 impera-

944 2643 997 2670 tor
1026 2638 1139 2672 factus
1168 2644 1232 2672 est.
1277 2638 1327 2672 lbi
1354 2643 1437 2673 tunc
1451 2639 1648 2685 unalegi0‚

944 2691 978 2720 et
1004 2692 1103 2720 sexta
1140 2688 1300 2732 quidem,
1336 2687 1425 2722 duae
1451 2687 1548 2729 alae,
1576 2693 1648 2723 tres

944 2733 1107 2769 cohortes
1118 2736 1305 2779 (sociales)
1320 2749 1328 2779 3
1346 2747 1378 2769 v.
1390 2736 1535 2771 Sueton.
1545 2735 1646 2772 Galb.

942 2783 965 2817 8
990 2788 1024 2815 et
1054 2785 1107 2819 10.
1133 2784 1239 2817 Tacit.
1266 2784 1307 2817 H.
1334 2783 1348 2817 I
1373 2784 1431 2825 49,
1464 2784 1490 2818 V
1519 2785 1577 2819 16.

1022 2838 1058 2866 ut
1101 2833 1256 2877 pentibus
1299 2842 1385 2877 quae
1430 2839 1649 2878 regnantur:

941 2880 1098 2925 gentibus
1122 2882 1246 2914 tertius
1265 2886 1317 2914 est
1339 2891 1440 2914 casus
1457 2891 1651 2926 suspensus

946 2939 966 2962 a
995 2929 1141 2963 notione
1168 2936 1265 2963 sunt:
1302 2939 1380 2962 nam
1412 2929 1505 2964 nuda
1534 2930 1647 2966 forma

944 2977 1101 3023 flentibus
1125 2987 1188 3023 pro
1214 2978 1252 3012 in
1288 2978 1444 3023 gentibus
1469 2982 1528 3015 aut
1555 2980 1649 3030 apud
