1768 3216
176 250 227 286 52
758 239 1063 278 ms'romARvm
1448 247 1480 272 a.
1507 243 1544 272 u.
1569 234 1656 275 822.

175 361 378 404 turionum
416 359 572 401 animos
608 359 833 409 averteret,
873 355 1016 397 fiscum
1055 365 1173 396 suum
1210 351 1455 395 vacationes
1494 361 1657 395 annuas
1727 366 1732 388 ;

176 437 425 479 exoluturum
450 432 647 487 promisit,
678 443 767 473 rem
796 430 906 473 haud
931 430 1054 472 dubie
1083 428 1237 480 utilem,
1267 431 1307 468 et
1328 439 1350 468 a
1367 426 1493 470 bonis
1509 429 1657 482 postea

142 510 419 566 -principibus
471 506 1032 569 perpetuitate,“disciplinae
1091 503 1303 545 firmatam.
1364 501 1476 545 Laco
1527 513 1659 557 prae-

141 571 152 584 ’
172 585 327 636 fectus,
365 568 848 643 tamquamfiiisin‘sulam
876 569 1167 643 seponeretur,
1208 579 1258 619 ab
1291 572 1492 630 evocato,
1534 588 1657 632 quem

142 658 225 702 aad
256 643 544 699 caedemeius
577 655 682 697 Otho
712 655 1003 709 praemiserat,
1045 654 1288 703 confossus3
1327 652 1370 694 in
1398 651 1656 696 Marcianum

172 732 323 774 Icelum
352 735 394 772 ut
423 731 464 772 in
494 730 681 772 libertum
712 730 847 784 palam
879 729 1225 771 animadversum.

307 807 462 849 Exacto
493 817 568 860 per
597 805 758 847 scelera
790 804 856 846 die
878 804 1147 846 novissimum
1169 803 1371 846 malorum
1393 802 1469 846 suit
1485 801 1656 847 laetitia.
1668 808 1726 850 47

173 881 305 924 Vocat
333 884 518 922 senatum
547 883 713 933 praetor
742 879 922 920 urbanus
933 892 944 930 ;
985 883 1144 921 certant
1185 878 1493 920 adulationibus
1524 877 1658 920 ceteri

174 954 448 1010 magistratus.
508 953 741 998 Accurrunt
769 956 906 1007 patres
919 968 930 1006 3
972 953 1210 996 decernitur
1248 953 1403 996 Othoni
1434 952 1656 995 tribunicia

124 1034 353 1084 sopotestas
403 1033 443 1071 et
480 1041 629 1072 nomen
673 1029 848 1083 Augusti
898 1033 937 1070 et
975 1040 1119 1071 omnes
1166 1029 1400 1084 principum
1451 1028 1654 1081 honores,

173 1104 445 1146 adnitentibus
478 1104 635 1145 eunctis
666 1103 833 1144 abolere
865 1103 1056 1145 convicia
1097 1116 1146 1146 ac
1184 1104 1360 1158 probra,
1403 1115 1510 1159 quae
1550 1114 1657 1159 pro-

171 1178 300 1220 misce
343 1178 448 1219 iacta
498 1178 684 1219 haesisse
737 1178 872 1219 animo
919 1178 1008 1220 eius
1058 1176 1180 1220 nemo
1228 1178 1373 1221 sensit.
1435 1177 1658 1237 Omisisset

172 1251 350 1294 offensas
381 1265 431 1293 an
463 1251 698 1304 distulisset,
730 1252 930 1294 brevitate
961 1253 1122 1307 imperii
1152 1253 1192 1293 in
1223 1253 1383 1295 incerto
1405 1252 1495 1295 suit.
1529 1252 1654 1306 Otho,

172 1329 337 1367 cruento
378 1307 510 1367 adhuc
550 1325 664 1378 foro,
711 1338 786 1380 per
823 1330 1005 1381 stragem
1052 1327 1275 1369 iacentium
1326 1327 1368 1369 in
1409 1326 1656 1391 Capitolium

121 1403 289 1453 isatque
331 1399 426 1442 inde
466 1400 507 1441 in
549 1400 740 1442 Palatium
788 1405 931 1443 vectus
976 1401 1152 1444 concedi
1194 1413 1372 1456 corpora
1417 1401 1655 1456 sepulturae

170 1473 424 1528 cremarique
452 1475 646 1528 permisit.
706 1475 896 1518 Pisonem
925 1476 1105 1518 Verania
1145 1488 1254 1518 uxor
1296 1488 1345 1518 ac
1375 1475 1506 1518 frater
1535 1475 1656 1519 Scri-

169 1547 393 1602 bonianus,
439 1549 566 1591 Titum
594 1549 755 1592 Vinium
786 1550 977 1606 Crispina
1008 1551 1090 1593 filia
1123 1563 1422 1606 composuere,
1455 1550 1654 1606 quaesitis

301 1689 331 1723 1.
360 1694 390 1723 et
410 1689 529 1733 fiscum
553 1687 626 1724 Ma:
653 1692 808 1725 correxit
830 1689 900 1726 Iac.
934 1690 1133 1726 Gronovius
1158 1696 1241 1726 ante
1266 1701 1371 1738 quem
1398 1694 1475 1725 erat
1501 1701 1546 1726 ea:
1566 1691 1653 1736 fisco

164 1745 235 1770 suo.
296 1738 329 1772 2.
357 1749 426 1771 ems.
453 1737 509 1772 Or.
575 1739 697 1774 dubiae
723 1739 785 1774 Ma.
847 1743 882 1776 4.
912 1746 1119 1785 evocatoque
1145 1740 1193 1774 ad
1217 1739 1291 1775 ltlfl:
1320 1743 1522 1775 correctum
1547 1739 1585 1774 in
1611 1739 1652 1775 G.

165 1784 200 1818 8.
226 1790 328 1819 vacat
351 1785 416 1819 Ma.
511 1786 545 1823 9.
572 1787 651 1821 ade.
675 1788 739 1822 Mu.
843 1791 897 1823 11.
922 1790 1096 1834 promisce
1122 1788 1200 1824 M‘1:
1229 1789 1256 1824 G
1278 1789 1490 1835 promiscue.
1594 1789 1650 1826 12.

166 1833 316 1866 omisisse
342 1838 387 1866 tot
414 1835 502 1877 (non
526 1834 654 1869 Furiae
680 1840 757 1881 aut)
784 1839 902 1882 sensas
930 1836 1004 1871 Ma:
1033 1843 1232 1872 correctum
1261 1839 1297 1871 in
1326 1837 1365 1872 G.
1445 1836 1502 1874 14.
1531 1842 1654 1884 strage

166 1878 240 1972 ἧς
267 1886 416 1962 sitiat-qam
439 1880 512 1926 AG,
539 1888 670 1929 strages
693 1883 763 1918 BG.
867 1885 921 1921 16.
947 1888 1001 1931 [τε
1028 1896 1106 1919 cum
1132 1886 1195 1921 lin.
1225 1885 1298 1921 Ma:
1323 1888 1441 1932 frater
1467 1884 1507 1922 G.
1593 1886 1650 1922 17.

232 1939 259 1962 8·
341 1953 349 1962 .

237 2066 356 2110 fiscum
379 2078 495 2102 suum:
520 2080 617 2103 suum
642 2069 736 2104 addit
753 2071 869 2115 respi-

1011 2072 1198 2107 tribunicia
1230 2079 1410 2120 potestas.-
1452 2074 1500 2110 cf.
1531 2073 1652 2112 11156

172 2115 270 2149 ciens
295 2115 446 2150 militare
463 2118 647 2160 aerarium,
676 2119 768 2164 quod
786 2120 869 2155 huic
1622 2126 1625 2127 ⁷

940 2124 975 2154 et
1000 2126 1156 2157 annotat.
1183 2122 1224 2156 ad
1253 2123 1267 2156 1
1294 2125 1328 2158 2.

172 2164 272 2198 oneri
295 2164 441 2198 ferendo
466 2166 576 2210 impar
602 2172 688 2202 erat.

253 2237 289 2268 ut
325 2235 364 2268 in
399 2234 576 2271 libertum:
611 2244 649 2272 ut
688 2241 747 2285 qui
778 2240 869 2276 nihil

174 2286 247 2315 erat
274 2283 341 2316 nisi
373 2283 519 2318 libertus
555 2285 705 2331 Galbae,
743 2300 868 2334 quam-

173 2339 274 2374 quam
302 2331 488 2366 immodico
525 2333 648 2370 favore
681 2337 724 2370 ad
749 2338 870 2383 digni-

172 2382 280 2411 tatem
314 2385 512 2424 equestrem
547 2389 704 2419 evectus,
756 2385 809 2420 Cf.
837 2398 868 2420 c.

177 2426 241 2459 13:
273 2437 337 2459 nec
368 2429 481 2461 minor
507 2432 623 2474 qratia
662 2433 754 2466 Icelo
782 2435 870 2468 Gal-

174 2470 238 2506 bae
258 2472 389 2508 liberto.
439 2476 580 2511 Frustra
610 2485 646 2512 ut
671 2481 708 2513 in
736 2481 870 2517 liberti-

172 2531 254 2555 num
281 2522 481 2566 requirebat
509 2525 701 2561 Ernestius.

248 2590 332 2635 Cap.
358 2594 416 2628 47.
459 2602 559 2630 vocat
583 2603 738 2632 senatum
760 2611 868 2644 prae-

171 2643 227 2672 tor
242 2640 418 2675 urbanus.-
443 2644 472 2676 is
498 2649 577 2688 post
603 2646 765 2680 consules
791 2659 869 2682 mo—

172 2686 216 2720 do
243 2688 434 2723 trucidatos
467 2702 619 2726 summus
648 2698 869 2740 magistratus

169 2736 205 2768 in
232 2735 331 2771 urbe.
377 2738 430 2772 Cf.
457 2738 529 2774 Cic.
558 2741 601 2775 ad
626 2741 721 2776 Fam.
749 2744 778 2776 X
810 2746 869 2779 12:

167 2782 299 2828 placuit
327 2785 424 2820 nobis
457 2794 494 2821 ut
520 2790 635 2823 statim
660 2791 706 2823 ad
732 2791 871 2826 Cornu-

172 2835 239 2864 tum
247 2838 446 2876 praetorem
466 2837 637 2871 urbanum
655 2838 790 2873 litteras
810 2841 871 2874 cle-

170 2880 362 2925 ferremus;
391 2883 465 2926 qui,
492 2886 580 2929 quod
605 2886 760 2921 consules
786 2889 871 2922 abe-

171 2932 271 2969 rant,
310 2930 490 2983 coasulare
524 2945 646 2970 munus
683 2937 872 2972 sustinebat

172 2983 268 3009 more
292 2987 471 3014 matorum.

1010 2169 1167 2204 Pisonem
1190 2171 1344 2206 Verania
1363 2183 1456 2206 uxor
1481 2177 1576 2208 ceta
1602 2172 1649 2208 cf.

938 2216 1115 2253 Plutarch.
1144 2219 1242 2254 Galb.
1270 2219 1338 2256 28:
1377 2227 1462 2262 ταῖς
1504 2221 1547 2258 δὲ
1586 2230 1652 2257 κε·

940 2268 1083 2314 φαλαΐς
1108 2267 1158 2308 ὥς
1191 2268 1303 2304 οὐδὲν
1337 2270 1446 2315 εἶχον
1471 2270 1528 2306 ἔτι
1550 2270 1651 2318 χρῆ-

941 2319 1044 2357 σθαι,
1075 2314 1139 2360 τήν
1164 2317 1239 2363 μὲν
1270 2317 1428 2355 Οὐινίου
1454 2319 1496 2368 τῇ
1521 2322 1651 2368 θυγα-

938 2365 1339 2458 Βίῗιχὼῗΐλέῖἕσοῖῗέ
1382 2370 1652 2453 255‘32‘051‘2’:

965 2446 979 2459 .
1070 2429 1096 2449 w
1351 2440 1361 2458 ν
1418 2431 1427 2458 ι’

941 2427 1064 2499 σωνοίιςλ·
1090 2461 1112 2505 ›7‘
1147 2462 1239 2510 γυνή
1282 2465 1413 2508 ἔλαβεν
1455 2465 1650 2512 Οὐερανία

939 2507 1127 2553 δεηθεῖσα,
1151 2508 1218 2555 τὴν
1243 2511 1282 2547 δὲ
1310 2514 1343 2547 Γ
1341 2511 1436 2559 άλβα
1463 2519 1545 2553 τοῖς
1558 2515 1650 2548 11oe-

938 2561 1090 2603 τροβίου
1132 2564 1196 2595 καὶ
1239 2560 1457 2597 Οὐιτελλίου
1497 2557 1651 2601 δούλοις

939 2605 1194 2648 ἐδωρήσαντο.
1234 2607 1286 2642 De
1317 2609 1471 2643 Verania
1496 2618 1639 2643 memo-

936 2652 1063 2687 rabilia
1110 2656 1251 2690 tradidit
1289 2656 1426 2692 Plinius
1461 2658 1499 2692 in
1530 2655 1646 2702 Epist.

1010 2748 1091 2794 Cap·
1119 2752 1178 2787 48.
1205 2755 1337 2798 fratres
1367 2755 1440 2788 eius
1461 2775 1509 2781 —
1528 2754 1645 2788 inter-

938 2797 1118 2839 fecerant.-
1154 2811 1189 2835 v.
1222 2807 1380 2837 annotat.
1406 2801 1450 2835 ad
1476 2802 1518 2836 H.
1546 2801 1562 2836 Ι
1589 2803 1646 2838 14.

939 2843 991 2877 De
1008 2845 1114 2881 fratre
1124 2848 1260 2883 Pisonis
1286 2851 1480 2895 superstite
1505 2855 1542 2885 et
1562 2855 1649 2885 natu

940 2893 1085 2938 maiore,
1114 2898 1168 2930 cui
1196 2908 1325 2933 nomen
1342 2898 1489 2933 Crassus
1501 2899 1650 2934 Scribo-

940 2941 1096 2998 manus,⁸
1122 2944 1166 2978 cf.
1195 2946 1237 2981 H.
1265 2946 1281 2982 I
1309 2948 1372 2993 15,
1412 2946 1461 2983 IV
1486 2947 1535 2985 39
1568 2957 1650 2984 cum

941 2995 1181 3028 annotatione.
