1768 3216
153 239 234 279 298*
272 235 278 238 ’
838 242 981 279 INDEX

156 393 164 396 ,
201 358 358 393 secunda
387 357 401 391 1
431 358 476 393 37
505 362 540 392 ct
568 359 632 402 70,
672 357 713 394 14
741 359 798 394 37.
850 360 878 394 ll
1025 364 1060 394 et
1080 361 1098 395 7
1121 365 1156 394 et
1177 361 1219 395 21
1242 365 1277 395 et
1299 360 1342 396 27
1360 365 1397 396 et
1421 361 1479 397 32.
1509 360 1658 398 Gemina

255 418 278 451 3
304 419 349 451 22
379 422 414 452 et
437 417 496 452 44.
525 419 595 453 alia
616 431 634 454 e
654 430 783 455 recens
800 431 889 455 con-
1036 425 1185 455 vocatur
1212 421 1238 456 Η
1265 423 1288 457 3
1316 422 1349 456 7.
1597 436 1603 437 ’

253 478 396 523 scriptis
426 479 455 514 11
482 477 506 514 4
530 479 601 523 68,
641 481 661 514 5
703 479 744 514 14
775 485 811 516 et
841 481 885 518 16
983 481 1248 527 quartadecima
1283 483 1298 515 1
1331 482 1389 524 70,
1422 481 1466 516 14
1491 482 1550 518 34.
1581 481 1612 517 Η
1641 483 1656 517 1

250 542 286 572 οι
311 539 368 574 20.
1023 541 1068 576 59
1099 546 1135 576 et
1173 542 1248 585 64,
1287 542 1308 576 2
1340 542 1380 576 11
1409 546 1446 577 et
1471 542 1516 579 27
1545 547 1583 577 et
1604 542 1653 578 32

157 628 160 629 .
201 598 306 634 tertia
343 600 386 634 13
420 599 468 636 40
503 600 568 646 (cf,
607 611 636 635 c.
664 600 709 635 35
738 605 773 635 et
798 601 878 647 38),
1027 606 1062 637 οι
1085 601 1132 637 43
1159 607 1194 637 et
1220 603 1267 636 54
1291 606 1328 637 et
1344 602 1391 638 66
1409 607 1445 637 et
1464 602 1524 646 86,
1551 603 1575 638 3
1600 603 1656 646 13,

254 660 296 694 15
323 659 345 694 6
371 664 407 693 et
436 659 492 694 26.
534 661 559 694 11
595 662 609 695 1
640 661 697 704 79,
726 662 745 695 2
775 661 822 697 74
849 666 883 695 et
1028 662 1051 695 4
1078 662 1124 697 68
1151 667 1186 697 et
1215 662 1260 697 76
1287 667 1323 697 et
1354 662 1411 706 79,
1438 663 1460 698 5
1493 663 1537 697 14
1563 655 1599 698 οὶ
1615 661 1660 699 16

249 719 295 756 85
326 724 361 754 et
387 720 457 764 96,
492 722 515 756 3
554 722 596 756 10
635 726 670 756 et
700 723 745 757 21
773 727 809 757 et
835 721 882 757 24
1031 727 1066 757 et
1097 722 1152 757 19.

250 785 285 816 el
311 781 370 823 29,
397 781 420 815 4
445 782 468 816 3
487 786 522 816 et
539 782 597 817 39.
636 784 779 817 tertiani
795 783 886 818 Ale-
985 783 1251 829 quintadecima
1281 785 1296 817 1
1324 782 1370 819 23
1397 787 1434 818 et
1455 783 1516 828 30,
1546 784 1591 819 15
1612 783 1659 820 25

250 841 433 878 xandriam
461 842 602 879 adducti
630 843 658 879 11
687 845 708 879 5
739 846 769 879 1.
836 844 880 878 cl'.
1032 848 1067 878 et
1093 843 1151 879 26.
1181 844 1209 877 11
1238 845 1259 879 5
1291 845 1322 878 1.
1650 885 1653 888 ,

250 907 370 938 nnnot.
977 905 1242 951 quintadecima
1278 903 1528 951 (Germanica)
1570 902 1601 938 H
1633 904 1650 938 1

154 995 157 998 .
198 967 322 1011 quarla
364 963 406 998 15
433 963 455 998 6
496 968 531 998 et
558 964 576 999 7
614 969 650 998 et
683 963 766 1006 26.,
796 964 825 999 H
857 965 872 998 1
1025 966 1070 1000 41
1101 969 1137 999 et
1162 966 1222 1007 55,
1248 966 1270 1000 2
1301 965 1380 1008 100,
1406 965 1428 999 3
1454 963 1502 999 22
1530 967 1566 998 et
1589 963 1650 1007 23,

252 1023 297 1058 18
329 1029 364 1058 et
390 1025 436 1059 55
466 1029 501 1058 et
519 1024 578 1067 66,
604 1025 628 1059 4
653 1025 711 1059 37.
741 1034 881 1071 cogno-
1027 1027 1051 1061 4
1079 1026 1124 1060 35
1157 1030 1192 1060 et
1215 1024 1275 1060 36.

254 1088 374 1118 mento
399 1083 628 1118 'Macedonica
645 1085 673 1118 11
696 1085 718 1119 3
746 1087 803 1120 22.
837 1085 883 1119 cf.
986 1086 1227 1120 sextadecima
1248 1086 1339 1120 137.
1365 1085 1392 1119 Η
1414 1085 1508 1130 155,
1533 1086 1554 1120 2
1579 1085 1658 1129 100,

253 1148 375 1178 annot.
1030 1147 1053 1182 3
1079 1147 1138 1188 22,
1164 1146 1186 1180 4
1214 1145 1261 1181 26
1287 1150 1321 1179 et
1347 1145 1405 1181 62.

200 1205 324 1251 quinta
355 1206 370 1238 1
399 1205 442 1239 31
473 1209 509 1238 el
535 1204 581 1239 45
610 1209 645 1239 ει
671 1205 715 1240 51
745 1210 781 1240 et
817 1206 876 1248 64,
983 1206 1275 1240 undevicesimae
1308 1205 1430 1251 aquila
1457 1213 1536 1240 cum
1566 1204 1659 1239 Varo

256 1264 279 1297 4
304 1265 362 1307 73,
394 1265 436 1299 15
463 1265 485 1299 6
512 1269 547 1298 et
576 1265 621 1300 10
647 1270 683 1299 et
708 1265 756 1301 26
774 1270 809 1299 et
822 1266 880 1300 28.
1030 1267 1159 1300 amissa
1190 1268 1204 1300 1
1237 1266 1297 1302 60.

253 1323 281 1358 H
315 1326 330 1357 1
361 1324 405 1359 55
432 1330 467 1358 et
492 1325 560 1368 61,
588 1326 610 1360 2
636 1325 684 1361 43
712 1330 747 1360 et
773 1326 820 1361 68
849 1330 884 1360 et
981 1325 1154 1360 vicesima
1183 1327 1197 1359 1
1228 1326 1272 1360 31
1303 1330 1339 1360 et
1364 1324 1409 1361 37
1430 1329 1468 1360 et
1488 1325 1536 1362 39
1557 1325 1659 1362 0142

253 1384 335 1426 100,
366 1384 388 1418 3
421 1384 461 1418 14
486 1389 521 1419 et
545 1386 604 1428 22,
633 1385 658 1420 4
682 1387 742 1421 35.
1026 1391 1062 1420 et
1089 1387 1133 1422 51
1164 1391 1200 1420 et
1228 1387 1287 1429 64,
1318 1386 1363 1422 14
1387 1386 1435 1422 34
1459 1391 1495 1421 et
1522 1386 1582 1422 37.
1624 1386 1654 1420 H

201 1449 303 1479 sexta
333 1445 353 1478 2
383 1443 426 1479 79
456 1450 491 1478 et
517 1446 581 1489 81,
612 1447 656 1482 13
681 1447 729 1482 38
757 1451 791 1481 et
817 1447 876 1490 40,
1029 1449 1045 1482 1
1070 1446 1129 1489 60,
1156 1447 1179 1481 3
1203 1447 1262 1481 22.
1289 1447 1321 1480 A
1345 1446 1378 1482 7.
1613 1492 1617 1495 ἡ

252 1506 294 1539 15
320 1505 342 1540 6
372 1509 408 1539 et
434 1506 492 1541 26.
546 1506 574 1540 11
611 1507 634 1540 2
663 1506 734 1550 83,
771 1507 792 1542 3
819 1507 878 1551 46,
978 1508 1091 1552 prima
1119 1511 1153 1542 et
1178 1507 1353 1541 vicesima
1381 1507 1398 1540 1
1426 1506 1469 1541 31
1499 1510 1536 1541 et
1559 1507 1605 1542 37
1623 1510 1659 1541 et

244 1565 267 1600 4
294 1565 351 1600 68.
381 1567 510 1601 victrix
537 1566 566 1601 Η
594 1567 617 1601 4
643 1567 701 1603 68.
746 1578 779 1602 v.
808 1578 875 1602 an-
1022 1569 1068 1603 45
1097 1572 1132 1602 et
1158 1569 1201 1602 51
1232 1572 1268 1602 et
1293 1567 1352 1603 64.
1383 1567 1410 1600 H
1442 1569 1458 1601 1
1477 1566 1655 1610 61·e167,

246 1630 321 1660 not.
1018 1629 1039 1663 2
1069 1627 1116 1663 43
1148 1631 1183 1662 el.
1222 1627 1314 1670 100,
1353 1626 1377 1660 3
1416 1627 1460 1660 14
1485 1631 1523 1661 et
1551 1626 1594 1662 18
1622 1631 1659 1661 et

206 1691 309 1722 sexta
335 1687 569 1734 (Hispanica)
597 1687 666 1722 113
694 1687 753 1731 44,
782 1686 804 1722 4
822 1688 880 1731 68,
1027 1689 1070 1724 22
1101 1692 1136 1722 et
1164 1688 1235 1730 25,
1274 1685 1298 1721 4
1322 1686 1371 1722 68
1396 1691 1432 1721 et
1461 1686 1507 1722 70
1533 1691 1570 1721 et
1599 1687 1657 1730 78,

250 1748 271 1782 5
300 1747 344 1782 14
371 1752 405 1781 el
438 1748 491 1782 16.
520 1748 714 1793 Hispanica
731 1753 879 1783 vocatur
1024 1748 1148 1793 Rapax
1173 1752 1323 1782 vocatur
1350 1746 1376 1781 H
1401 1747 1422 1780 2
1449 1747 1496 1782 43
1517 1752 1553 1781 et
1576 1747 1655 1790 100,

247 1807 276 1841 11
308 1809 320 1842 1
352 1808 386 1843 6.
416 1818 449 1842 ν.
480 1814 603 1843 annot.
1023 1809 1045 1843 3
1078 1808 1120 1844 14
1147 1813 1182 1843 et
1213 1809 1268 1851 18,
1297 1808 1458 1852 Rapaces
1488 1807 1517 1841 H
1542 1807 1567 1841 3
1591 1808 1651 1842 22.

199 1868 351 1912 septima
382 1867 577 1903 Claudiana
604 1869 633 1903 ll
660 1871 682 1905 2
707 1869 767 1913 85,
794 1869 816 1904 3
836 1869 874 1913 9,
987 1869 1271 1903 duoetvicesima
1307 1868 1334 1902 Η
1369 1870 1385 1901 1
1418 1867 1462 1902 18
1487 1871 1523 1901 et
1547 1866 1594 1902 55
1621 1871 1658 1900 et

242 1929 264 1963 3
294 1929 338 1963 21
368 1933 402 1963 et
430 1930 487 1964 27.
1025 1929 1084 1971 56,
1112 1930 1132 1963 2
1163 1929 1244 1972 100,
1271 1929 1294 1964 3
1319 1928 1384 1971 22,
1410 1927 1436 1963 4
1459 1927 1510 1963 24
1535 1931 1571 1961 et
1595 1927 1655 1962 37.

150 1987 248 2035 legio
278 1990 433 2033 septima
461 1989 634 2024 Galbiana
660 1990 688 2024 H
716 1992 737 2026 2
771 1992 810 2024 11
845 1995 880 2024 et
1027 1989 1352 2024 duoetvicesimani
1402 1987 1656 2022 Alexandriam

250 2049 295 2083 67
325 2054 361 2082 et
387 2049 446 2092 86,
476 2050 498 2084 3
527 2051 544 2084 7
575 2056 610 2084 el
641 2051 683 2085 10
709 2056 745 2085 et
774 2051 817 2085 21
845 2056 881 2084 et
1026 2050 1169 2084 adducti
1195 2049 1225 2082 H
1253 2049 1274 2083 5
1305 2050 1335 2082 1.

250 2108 295 2142 22
324 2112 361 2141 ει
389 2108 432 2142 25
465 2114 500 2142 et
525 2110 582 2152 27,
610 2110 633 2144 4
658 2111 718 2144 39.
926 2109 1120 2155 legionarii
1147 2108 1282 2142 milites
1308 2107 1331 2142 6
1356 2108 1429 2149 41,
1476 2106 1520 2141 14
1545 2106 1592 2142 26
1621 2110 1657 2140 et

158 2200 162 2202 ,
200 2173 331 2203 octava
361 2169 377 2202 1
410 2169 455 2204 23
484 2174 519 2203 et
545 2170 603 2205 30.
658 2170 686 2203 n
711 2172 733 2204 2
763 2171 830 2214 85,
856 2172 878 2205 3
976 2169 1035 2204 38.
1060 2159 1094 2203 Ἠ
1123 2169 1145 2202 3
1174 2169 1232 2203 50.

254 2230 296 2264 10
324 2234 359 2263 et
388 2231 429 2264 21
460 2235 495 2264 ει
523 2231 590 2274 27,
613 2230 636 2265 4
662 2230 720 2266 68.
749 2232 879 2266 victrix
929 2230 1095 2277 legiones
1130 2233 1213 2262 octo
1247 2227 1340 2272 apud
1375 2227 1539 2262 Rhenum
1576 2228 1590 2261 1
1619 2227 1654 2270 3,

247 2290 277 2324 H
303 2289 326 2325 4
347 2290 404 2326 68.
976 2294 1000 2325 4
1026 2291 1058 2325 5.
1096 2299 1180 2323 mox
1206 2293 1344 2333 sepiem
1370 2287 1400 2322 Η
1432 2290 1446 2321 l
1474 2288 1519 2323 55
1547 2291 1583 2322 et
1607 2287 1654 2323 61

199 2360 294 2385 nona
320 2350 341 2383 4
369 2352 436 2393 23,
478 2350 519 2384 14
549 2351 594 2386 32
626 2357 662 2385 ει
689 2351 747 2387 38.
798 2351 827 2386 H
855 2352 879 2386 3
977 2350 1044 2395 (cf.
1078 2354 1199 2384 annot.
1228 2349 1271 2383 ad
1300 2349 1330 2382 ll
1362 2349 1378 2381 1
1405 2347 1480 2391 18).
1532 2347 1653 2394 legio-

242 2412 301 2446 22.
329 2412 359 2444 A
389 2410 445 2445 26.
977 2421 1059 2444 num
1087 2411 1192 2444 trium
1220 2409 1503 2443 Pannonicarum
1519 2407 1653 2442 seditio

201 2471 338 2506 decima
366 2472 385 2504 2
414 2471 456 2505 57
474 2498 482 2513 ,
523 2472 563 2505 13
594 2472 660 2514 40,
694 2471 734 2505 15
761 2470 796 2505 6.
850 2472 875 2504 Η
983 2473 998 2504 1
1033 2470 1087 2505 16.
1152 2469 1337 2515 legionum
1365 2460 1654 2503 Germanicarum

253 2532 274 2566 5
305 2533 333 2564 1.
979 2530 1110 2564 seditio
1141 2531 1152 2563 1
1187 2529 1246 2563 31.
1275 2529 1441 2575 legiones
1469 2527 1658 2562 Octaviani

202 2588 339 2626 decima
368 2592 596 2638 (llispanica)
633 2591 662 2624 H
698 2593 718 2624 2
747 2591 817 2633 58,
855 2592 877 2626 3
975 2592 1147 2624 Actiacae
1171 2591 1186 2622 1
1215 2588 1273 2624 42.
1301 2588 1467 2634 legiones
1485 2589 1657 2622 Varianae

247 2651 308 2695 44,
336 2653 359 2687 4
389 2652 436 2687 63
473 2657 508 2685 οι
536 2651 600 2694 76,
629 2653 650 2685 5
683 2652 726 2685 19
754 2657 788 2685 et
815 2653 872 2687 20.
978 2653 992 2684 1
1026 2651 1081 2694 19,
1112 2652 1134 2686 2
1159 2651 1218 2685 25.
1247 2648 1413 2695 legiones
1441 2653 1512 2682 tres
1532 2647 1567 2682 in
1589 2648 1655 2682 Hi-

205 2713 395 2746 undecima
422 2712 449 2745 ll
479 2712 499 2745 2
531 2712 568 2744 11
602 2716 638 2744 et
663 2711 722 2754 67,
748 2712 770 2745 3
797 2713 853 2746 50.
981 2712 1106 2756 spania
1135 2710 1157 2744 4
1187 2710 1220 2745 5.
1250 2709 1341 2743 duae
1374 2706 1591 2753 aliquamdiu
1619 2709 1654 2741 in

207 2773 419 2807 duodecima
465 2772 507 2806 15
542 2772 564 2806 6
603 2777 638 2806 el
664 2772 683 2806 7
713 2776 748 2805 et
778 2772 821 2806 10
850 2776 884 2805 et
983 2771 1106 2805 Africa
1132 2770 1154 2804 4
1182 2770 1215 2803 5.
1262 2769 1352 2803 duae
1377 2769 1413 2802 in
1439 2767 1607 2814 Aegypto
1634 2769 1658 2803 4

254 2834 311 2868 26.
341 2833 370 2867 H
397 2834 418 2867 5
453 2836 479 2866 1.
982 2832 1014 2866 5.
1079 2835 1245 2876 quattuor
1273 2829 1317 2864 ab
1344 2828 1447 2873 Syria
1473 2837 1588 2873 usque
1613 2826 1657 2862 ad

206 2894 451 2928 tertiadecima
482 2897 496 2927 1
526 2893 583 2928 37.
615 2894 642 2927 Η
671 2893 693 2926 2
724 2893 762 2926 11
786 2896 821 2926 et
839 2892 886 2927 24
981 2891 1189 2936 Euphraten
1215 2890 1238 2924 4
1266 2892 1298 2926 5.
1327 2889 1419 2923 duae
1448 2890 1486 2922 in
1511 2887 1656 2922 Panno-

252 2959 286 2988 οι
312 2953 358 2990 43
389 2958 424 2990 ct
450 2954 495 2991 44
524 2957 558 2990 et
585 2953 629 2989 67
658 2956 693 2988 et
720 2952 777 2996 86,
810 2953 832 2987 3
861 2953 874 2985 1
976 2952 1036 2985 nia
1062 2951 1085 2984 4
1112 2952 1144 2986 ῠ.
1197 2951 1288 2985 duae
1323 2949 1360 2984 in
1399 2947 1535 2989 Moesia
1569 2947 1593 2982 4
1619 2948 1653 2983 5.
