1768 3216
141 218 189 251 64
753 214 938 249 GERMAN
944 214 1019 249 lAE

140 332 232 374 Non
264 331 370 373 bella
404 331 568 382 ineunt,
601 342 685 371 non
716 343 830 373 arma
863 335 1054 381 sumunt3
1087 331 1270 373 clausum
1303 333 1632 384 omne-ferrum3

142 418 222 459 pax
253 409 292 446 et
322 405 437 457 quies
464 408 560 445 tunc
591 408 746 446 tantum
795 409 916 458 nota,
955 409 1051 446 tunc
1097 410 1250 447 tantum
1297 409 1455 458 amata,
1499 402 1634 450 donec

141 479 248 520 idem
278 477 478 519 sacerdos
505 479 693 537 satiatam
731 480 1057 521 conversatione
1088 480 1319 521 mortalium
1344 480 1463 522 deam
1481 480 1634 534 templo

139 551 300 594 reddat.
361 552 458 594 Mox
488 552 723 595 vehiculum
756 558 796 594 et
826 558 964 596 vestes
997 558 1051 606 et,
1083 554 1117 596 si
1138 554 1312 596 credere
1332 543 1452 607 velis,
1479 566 1635 608 ⁴numen

110 626 272 680 sipsum
304 632 468 669 secreto
501 627 594 669 lacu
639 628 830 669 abluitur.
891 629 1011 670 Servi
1050 629 1308 681 ministrant,
1356 619 1658 682 quos‘statim'

142 701 250 743 idem
280 701 395 743 lacus
423 701 570 743 haurit.
612 703 804 744 Arcanus
835 703 932 743 hinc
962 707 1099 745 terror
1129 707 1357 757 sanctaque
1382 703 1633 758 ignorantia,

141 775 238 829 quid
269 777 322 818 sit
353 777 450 818 illud
484 777 595 830 quod
627 781 783 818 tantum
811 777 982 830 perituri
1014 777 1169 819 vident.

275 852 326 893 Et
353 852 457 893 haec
490 852 654 905 quidem
684 865 778 906 pars
810 853 1038 894 Suevorum
1070 852 1113 893 in
1137 853 1367 895 secretiora
1387 851 1636 903 Germaniae
1649 859 1701 898 41

440 926 640 979 Propior,
688 930 731 966 ut
762 926 970 979 quomodo
1013 925 1135 979 paulo
1179 930 1273 968 ante
1311 926 1526 977 Rhenum,
1571 925 1634 967 sie

140 925 380 979 porrigitur.

91 1013 130 1042 10
142 1011 251 1041 nune
270 1000 501 1041 Danuvium
521 1012 687 1053 sequar,
721 999 1103 1042 Hermundurorum
1123 1000 1284 1053 civitas,
1312 1000 1392 1041 lida
1413 999 1634 1051 Romanis3

276 1176 312 1210 4.
346 1187 471 1209 nomeu
497 1175 540 1209 P:
569 1177 679 1209 ceteri
707 1187 846 1210 numen.
899 1176 931 1210 7.
959 1176 1048 1210 illuct
1073 1177 1098 1210 P
1126 1182 1161 1210 et
1187 1176 1271 1210 alii:
1299 1174 1461 1209 nonnulli
1488 1175 1535 1209 id.
1599 1175 1635 1211 8.

144 1225 338 1258 Sueuorum
376 1224 568 1257 Rhenanus
602 1225 636 1257 in
673 1224 830 1258 editione
867 1234 898 1257 a.
937 1225 1054 1259 1519:
1090 1225 1274 1258 verborum
1311 1234 1389 1258 cum
1424 1224 1552 1258 ceteris
1595 1223 1634 1260 P.

147 1273 202 1307 10.
235 1283 330 1306 nune
355 1272 457 1306 deest
483 1273 519 1305 in
545 1271 593 1305 P:
621 1272 665 1306 de
692 1273 822 1306 ceteris
849 1272 939 1306 nihil
965 1272 1126 1307 relatum.

148 1432 446 1475 interpretatione
484 1432 644 1466 Romana
686 1432 752 1466 Isis
789 1442 858 1466 vo-

145 1484 258 1522 catur,
286 1479 328 1513 ad
357 1492 388 1514 c.
407 1482 429 1515 9
455 1482 626 1514 monitum
655 1485 720 1514 est.
748 1480 857 1514 Eius-

144 1527 238 1561 modi
267 1529 453 1574 navigium
481 1530 586 1562 etiam
615 1529 738 1562 seculo
765 1528 856 1562 duo-

146 1576 284 1610 decimo
319 1587 382 1621 per
420 1579 532 1623 pagos
569 1581 604 1611 et
630 1578 794 1611 civitates
822 1578 857 1611 in

148 1624 302 1659 confinio
320 1625 531 1660 }lollaudiae
557 1625 800 1672 (Maesti-icht)
823 1631 858 1659 et

146 1678 263 1708 terrae
288 1673 482 1707 Rhenanae
512 1673 671 1719 (Inden,
689 1674 857 1720 Aachen)

147 1722 258 1756 multo
310 1721 569 1756 celebrantium
615 1723 785 1756 comitatu
823 1724 858 1755 in

146 1770 305 1814 plaustro
335 1775 476 1804 vectum
505 1781 584 1804 esse
611 1770 771 1813 traditur,
799 1770 857 1804 lu-

148 1818 291 1853 culenta
329 1820 497 1864 antiquae
532 1818 720 1862 religionis
747 1820 859 1852 vesti-

149 1867 208 1912 gia
233 1866 480 1901 sacerdotibus
506 1866 642 1901 odiosa.
671 1867 725 1901 Cf.
741 1867 859 1900 Grim-

149 1915 209 1948 mii
237 1914 386 1961 lllyghol.
413 1914 544 1949 Theod.
573 1925 607 1959 p.
636 1916 705 1950 237
732 1926 809 1960 sqq.

220 1994 348 2018 numen
373 1986 504 2029 ipsum:
538 1983 679 2018 Tacitus
704 1986 860 2029 praemi-

149 2032 195 2064 sit
217 2034 247 2066 εἰ
266 2033 409 2065 credere
427 2032 523 2074 velis,
553 2037 589 2064 ut
609 2044 735 2065 numen
751 2034 861 2078 ipsum

152 2090 231 2113 esse
261 2090 388 2123 corpus
414 2079 516 2122 deae,
544 2090 615 2113 nou
634 2081 860 2114 simulacrum

150 2127 382 2173 significaret.
418 2127 504 2161 Nam
535 2132 572 2160 ut
600 2127 666 2161 dea
692 2130 728 2161 in
753 2128 861 2162 velii-

90 2202 93 2205 .
151 2175 232 2209 culo
259 2176 324 2209 sub
354 2181 455 2210 veste
482 2175 607 2209 adesse
629 2187 649 2209 a
675 2176 861 2210 sacerdote

151 2223 349 2267 ferebatur,
390 2226 441 2258 sic
467 2223 568 2257 finito
596 2224 688 2258 festo
721 2226 797 2268 ipsa
824 2226 859 2258 in

151 2271 229 2306 lacu
259 2272 426 2306 abluitur.

221 2341 307 2386 Cap.
337 2342 396 2377 41.
449 2343 613 2388 propior:
657 2344 860 2387 propiorem

152 2389 239 2423 dicit
265 2392 460 2434 provinciis
476 2391 623 2425 Romani
651 2393 789 2434 imperii
818 2391 862 2424 ad

152 2438 310 2471 dextram
336 2438 489 2471 Danubii
515 2440 624 2482 ripam
657 2440 755 2472 sitis:
781 2450 861 2472 nam

152 2485 387 2519 Hermunduri
418 2488 597 2520 sinistram
625 2487 778 2520 Danubii
808 2489 860 2520 ri-

152 2544 232 2577 pam
260 2533 431 2567 adversus
446 2534 683 2568 Vindeliciam
715 2540 749 2568 et
765 2535 860 2568 Rae-

153 2582 237 2616 tiam
265 2581 444 2616 colebant.

215 2653 536 2687 Hermundurorum
553 2654 696 2686 civitas.-
726 2652 769 2685 de
792 2652 860 2684 lio-

152 2709 227 2733 rum
257 2700 400 2735 sedibus
437 2702 602 2745 exposuit
626 2700 790 2734 Ledebur
825 2701 861 2733 in

153 2748 266 2782 libro:
284 2749 570 2794 Nordlhurinyen
592 2749 675 2782 oder
686 2749 748 2781 ‹las
763 2748 863 2780 Laud

154 2796 216 2829 cler
241 2797 520 2840 Hermunduren,
548 2808 580 2831 a.
611 2797 714 2831 1842.
744 2796 861 2839 Ipsum

158 2843 409 2890 Thur-iugorum
445 2856 574 2879 nomen
613 2844 656 2878 ab
682 2845 862 2877 Hermun-

154 2891 260 2934 duris,
288 2894 417 2927 omissa
445 2895 562 2937 priore
589 2894 722 2927 veteris
750 2902 862 2926 voca-

154 2938 229 2975 buli
255 2945 367 2986 parte,
397 2940 592 2977 descendit.
628 2941 681 2977 De
708 2941 863 2986 antiquis

1205 1273 1393 1307 danubium
1418 1271 1456 1307 P.

925 1432 1071 1466 sedibus
1109 1432 1230 1476 populi
1273 1431 1435 1466 Velleius
1475 1431 1504 1465 ll
1546 1431 1633 1467 106:

925 1482 983 1525 qui
1011 1480 1150 1526 (Albis)
1178 1481 1389 1514 Semnonum
1412 1479 1636 1514 Hermundu-

924 1540 1110 1573 rorumque
1133 1530 1222 1572 fines
1247 1528 1485 1574 praeterfluit,
1529 1529 1636 1562 etiam

926 1577 1052 1612 Strabo
1081 1577 1142 1611 Vll
1173 1578 1186 1609 l
1216 1577 1250 1611 3.
1315 1577 1463 1620 Propius
1488 1576 1532 1610 ad
1561 1574 1637 1610 Da·-

926 1626 1073 1659 nubium
1100 1630 1135 1659 et
1161 1625 1344 1659 meridiem
1371 1635 1497 1659 versus
1519 1620 1637 1658 collo·
1670 1626 1675 1628 ⁴

927 1676 1021 1708 cavit
1043 1673 1172 1708 Lucius
1199 1673 1397 1707 Domitius:
1424 1672 1492 1706 Dio
1510 1672 1570 1706 LV
1594 1674 1635 1707 11

927 1721 1001 1767 (ed.
1027 1722 1142 1756 Sturz.
1170 1726 1195 1756 t.
1222 1721 1268 1755 lll
1296 1732 1328 1766 p.
1347 1722 1449 1767 362).
1487 1720 1638 1766 Saepius

927 1771 961 1803 in
998 1770 1197 1805 Annalibus
1235 1780 1255 1803 a
1288 1769 1409 1804 Tacito
1447 1770 1639 1804 nominan-

928 1823 1004 1862 tur3
1034 1830 1067 1853 v.
1098 1817 1174 1853 lnd.
1204 1817 1286 1852 hist.

998 1890 1036 1922 in
1061 1888 1342 1934 splendidissima
1367 1889 1518 1922 Raetiae
1550 1898 1639 1933 pro-

926 1936 1065 1970 vinciae
1102 1936 1268 1970 colonia.-
1312 1937 1461 1970 Raetiae
1494 1937 1640 1969 numine

929 1986 1034 2018 etiam
1076 1984 1282 2018 Vindelicos
1326 1984 1534 2028 complexus
1571 1988 1637 2018 est.

929 2032 1046 2065 Iunxit
1073 2034 1258 2076 utriusque
1295 2033 1413 2077 gentis
1439 2033 1583 2066 nomina
1610 2031 1641 2065 ΙΙ

933 2081 972 2114 17
1001 2081 1192 2114 Raetorum
1231 2079 1554 2124 Vindelicorumque
1593 2100 1638 2106 --

930 2128 1099 2161 cohortes.
1147 2126 1296 2160 Colonia
1335 2132 1388 2160 est
1426 2126 1639 2161 Vindelico-

928 2186 1003 2209 rum
1034 2176 1248 2222 (Auqsbury)
1277 2175 1498 2220 aliquantum
1523 2185 1542 2208 a
1564 2175 1639 2209 Da-

929 2223 1037 2257 nubio
1065 2225 1101 2257 in
1129 2225 1298 2257 interiora
1323 2224 1491 2269 (penitus)
1519 2233 1640 2257 remo-

929 2277 989 2305 ta:
1018 2272 1088 2306 alia
1114 2273 1206 2305 iuste
1233 2272 1384 2317 cogitari
1412 2272 1548 2317 nequit.

999 2343 1129 2387 passim
1153 2341 1228 2374 sine
1264 2342 1402 2376 custode
1441 2347 1642 2383 transeunt-7

929 2393 1114 2424 transeunt
1148 2389 1279 2423 flumen
1319 2389 1519 2423 Danubium
1554 2399 1641 2434 pro-

931 2439 1081 2471 vinciam
1111 2438 1303 2471 Romanam
1330 2449 1348 2471 a
1376 2437 1523 2472 sedibus
1549 2437 1641 2471 Her-

930 2485 1182 2518 mundurorum
1205 2485 1385 2520 dirimens.
1421 2486 1475 2519 De
1502 2486 1642 2519 custode

929 2544 963 2566 v.
996 2533 1036 2567 11.
1067 2532 1115 2566 lv
1146 2533 1203 2567 64.

999 2604 1038 2636 in
1077 2603 1330 2637 Hermunduris
1371 2602 1471 2637 Albis
1506 2603 1642 2636 oritur:

931 2651 1032 2684 Albis
1057 2650 1156 2685 fluvii
1193 2651 1312 2685 fontes
1351 2652 1456 2684 nimis
1482 2655 1639 2685 reti-oce-

931 2698 1016 2731 dunt
1053 2700 1088 2732 in
1136 2700 1311 2733 orientem
1352 2704 1388 2733 et
1423 2700 1642 2743 septentrio-

932 2757 1029 2789 nem,
1066 2758 1183 2792 neque
1212 2757 1256 2781 eo
1285 2748 1389 2781 sedes
1416 2747 1642 2781 Hei-mundus.

931 2805 1047 2827 rorum
1087 2800 1273 2839 porrectae
1315 2796 1471 2830 suerunt.
1523 2795 1642 2829 Albim

931 2844 1041 2888 igitur
1084 2853 1147 2887 pro
1191 2843 1300 2877 fluvio
1342 2845 1378 2876 iu
1415 2843 1510 2877 hunc
1547 2844 1643 2877 inci-

933 2890 1051 2934 dente,
1080 2893 1182 2925 euius
1208 2892 1327 2925 fontes
1354 2892 1467 2941 magis
1494 2890 1539 2925 ad
1563 2902 1643 2924 me-

933 2939 1057 2974 ridiem
1076 2944 1111 2975 et
1137 2940 1335 2975 occidentis
1359 2944 1509 2975 tractum
1534 2938 1643 2985 positi
