1768 3216
157 248 229 285 316
1432 256 1464 281 a.
1495 255 1532 281 u.
1560 245 1646 284 822.

745 242 1054 279 HISTORIARVM

159 364 405 406 circumdari
435 361 591 404 Vocula
623 361 757 402 iubet:
804 360 1004 414 depositis
1043 359 1348 421 impedimentis
1363 360 1650 426 -..Qfijsque

158 438 334 492 expediti
367 439 586 477 certarent.
648 435 753 476 Hinc
785 435 826 476 in
859 435 1007 477 ducem
1039 435 1198 477 clamor
1240 445 1420 489 pugnam
1463 432 1652 489 poscen-¹

156 498 276 561 tium3
319 514 358 550 et
400 510 546 551 minari
585 509 877 551 adsueverant.
936 510 998 552 Ne
1029 514 1215 563 tempore
1248 510 1416 564 quidem
1448 508 1499 551 ad
1533 508 1653 551 ordi-

156 584 332 625 nandam
365 584 495 625 aciem
529 588 665 638 capto,
702 584 967 638 incompositi
1000 584 1184 638 fessique
1202 584 1404 638 proelium
1422 590 1651 639 sumpsere.

127 658 256 701 sNam
289 657 431 700 Civilis
465 658 632 710 aderat,
677 671 760 700 non
802 659 935 700 minus
975 659 1087 701 vitiis
1128 659 1307 701 hostium
1350 671 1473 714 quam
1501 658 1656 700 virtut-e

156 743 323 780 suorum
354 732 500 773 fretus.
559 732 684 775 Varia
716 733 822 787 apud
850 734 1060 775 Romanos
1093 734 1272 786 fortuna,
1307 738 1347 775 et
1377 732 1659 775 seditiosissi-

157 818 245 847 mus
295 806 469 861 quisque
517 807 707 861 ignavus.
770 807 945 857 Quidam
985 807 1167 849 recentis
1207 807 1411 849 victoriae
1451 817 1658 848 memores

156 879 337 921 retinere
367 879 520 932 locum,
555 880 683 922 ferire
713 880 890 933 hostem,
922 893 1051 935 seque
1085 886 1125 922 et
1155 881 1369 935 proximos
1402 880 1586 932 hortari,
1619 883 1660 920 et

156 953 440 1008 redintegrata
473 955 563 996 acie
603 966 746 996 manus
794 955 845 996 ad
889 955 1089 997 obsessos
1135 956 1337 1008 tendere,
1383 967 1436 997 ne
1481 953 1659 1008 tempori

108 1040 146 1070 ιο
159 1027 363 1069 deessent.
410 1028 470 1069 llli
505 1033 653 1070 cuncta
687 1042 710 1070 e
742 1030 868 1071 muris
900 1034 1138 1082 cernentes,
1172 1030 1364 1072 omnibus
1393 1028 1526 1084 portis
1555 1039 1661 1082 pro-

157 1106 360 1155 rumpunt.
421 1102 485 1144 Ac
513 1104 619 1145 fortc
653 1103 795 1146 Civilis
827 1104 944 1159 lapsu
977 1105 1072 1158 equi
1100 1108 1354 1158 prostratus,
1396 1103 1557 1146 credita
1587 1115 1662 1157 per

157 1180 373 1230 utrumque
403 1178 630 1220 exercitum
664 1179 772 1221 fama
802 1178 1063 1221 vulneratum
1084 1183 1152 1220 aut
1171 1179 1449 1231 interfectum,
1481 1177 1662 1219 immane

162 1255 355 1304 quantum
402 1252 487 1293 suis
528 1254 697 1306 pavoris
745 1258 785 1295 et
831 1254 1019 1296 hostibus
1067 1253 1294 1295 alacritatis
1344 1251 1507 1294 indidit.
1577 1250 1660 1294 Sed

162 1324 319 1367 Vocula
352 1327 519 1368 omissis
553 1327 798 1382 fugientium
833 1329 964 1383 tergis
997 1328 1146 1370 vallum
1178 1328 1386 1382 turrisque
1429 1330 1662 1368 castrorum

110 1400 352 1454 affingebat,
385 1404 591 1454 tamquam
622 1415 765 1444 rursus
794 1403 1000 1444 obsidium
1024 1402 1271 1454 immineret,
1295 1405 1489 1455 corrupta
1510 1400 1663 1442 totiens

161 1474 338 1515 victoria
370 1486 454 1515 non
486 1475 590 1517 falso
622 1481 838 1530 suspectus
869 1477 1022 1518 bellum
1054 1477 1188 1518 malle.
1239 1476 1350 1519 Nihil
1378 1487 1510 1529 aeque
1539 1475 1735 1518 exer-35

0 1567 7 1583 ι
166 1548 271 1589 citus
304 1553 471 1590 nostros
496 1562 616 1603 quam
649 1555 815 1605 egestas
849 1552 1060 1614 copiarum
1093 1550 1306 1606 fatigabat.
1368 1549 1664 1603 Impedimenta

102 1676 106 1683 Ι
142 1621 378 1678 Υ1εςὶοηιιιη
411 1635 503 1664 cum
535 1624 690 1665 imbelli
722 1626 838 1667 turba
859 1612 1121 1666 Novaesium
1153 1625 1294 1676 missa,
1326 1628 1371 1664 ut
1402 1623 1500 1665 inde
1533 1626 1672 1665 terre-

165 1696 239 1738 stri
268 1696 416 1738 itinere
447 1673 1007 1741 frumfflffffiffiherent:
1040 1711 1136 1740 nam
1166 1698 1333 1740 flumine
1364 1698 1506 1739 hostes
1533 1695 1671 1751 potie-

17 1763 22 1778 '
116 1784 154 1813 20
166 1771 328 1812 bantur.
389 1772 565 1814 Primum
598 1785 748 1827 agmen
775 1785 968 1816 securum
1000 1773 1186 1824 incessit,
1219 1772 1403 1814 nondum
1431 1771 1532 1814 satis
1550 1770 1669 1812 firmo

169 1845 313 1887 Civile.
375 1846 454 1895 Qui
484 1847 554 1887 ubi
585 1859 749 1888 rursum
783 1848 934 1889 missos
967 1848 1217 1889 Novaesium
1251 1847 1572 1888 frumentatores
1594 1843 1672 1886 da—

169 1923 313 1972 tasque
345 1919 386 1960 in
418 1921 672 1974 praesidium
705 1921 901 1963 cohortes
938 1921 1049 1963 velut
1078 1920 1203 1962 multa
1235 1933 1339 1974 pace
1358 1919 1526 1974 ingredi
1544 1929 1674 1961 acce-

168 1992 255 2045 pit,
295 2005 433 2034 rarum
464 1994 570 2047 apud
605 1996 726 2048 signa
759 1995 954 2047 militem,
1000 2005 1115 2035 arma
1147 1994 1188 2034 in
1219 1993 1450 2045 vehiculis,
1497 1995 1672 2034 cunctos

311 2154 341 2187 1.
369 2153 442 2199 inp.
471 2152 536 2187 Ma.
639 2155 672 2188 5.
700 2155 842 2189 virtutes
871 2154 935 2189 ΜΒ.
1015 2155 1082 2198 ,11.
1110 2153 1211 2188 labsu
1236 2151 1301 2187 Ma.

169 2200 311 2234 inmani}
337 2200 402 2235 Ma.
516 2201 570 2236 14.
610 2203 784 2247 turrisque
821 2203 895 2237 Ma:
935 2209 1048 2237 turres
1078 2214 1141 2247 que
1173 2201 1212 2236 G.

170 2248 275 2293 salso.
358 2250 469 2284 nichil
494 2249 560 2284 Ma.
663 2251 717 2285 18.
743 2251 814 2284 inb.
845 2250 909 2285 Ma.

170 2297 223 2330 sic
248 2297 437 2343 utrobique
463 2299 633 2343 proximis
659 2299 760 2333 locis.

1409 2152 1463 2188 12.
1490 2150 1583 2185 volu.
1611 2150 1671 2185 Or.

1325 2200 1380 2236 16.
1407 2199 1517 2245 falsos
1542 2198 1616 2234 Ma:
1645 2197 1673 2234 G

1022 2252 1225 2284 nouaesium
1251 2248 1322 2284 Ma:
1358 2249 1539 2283 nouesium
1565 2245 1606 2290 G,
1636 2252 1688 2296 et>

859 2302 916 2334 21.
945 2311 1082 2334 rursum
1110 2298 1183 2334 Ma:
1212 2310 1333 2332 rursus
1361 2297 1400 2331 G.

172 2454 274 2496 proni
302 2454 345 2487 ad
372 2455 581 2490 cadendum.
694 2458 797 2502 siyna
821 2467 882 2490 ve-

170 2501 356 2546 oetllaque:
400 2505 504 2549 signa
533 2504 732 2538 cohortium
762 2505 883 2538 socia-

172 2549 279 2593 lium,
323 2551 458 2586 vexilla
484 2553 648 2586 ordinum
676 2563 695 2585 e
723 2552 883 2597 legioni-

956 2456 1003 2488 cit
1033 2456 1161 2488 Vetera
1188 2454 1314 2498 fugato
1341 2451 1459 2485 Civile
1485 2449 1674 2483 obsidione

956 2503 1118 2537 liberata.

1027 2550 1113 2594 Cap.
1142 2550 1200 2584 35.
1250 2553 1287 2581 ut
1314 2547 1395 2581 inde
1423 2545 1583 2580 terrestri
1608 2544 1671 2578 iei-

172 2597 257 2641 hus;
286 2609 321 2633 v.
346 2599 390 2634 ad
415 2599 445 2634 11
476 2601 528 2635 17.

246 2646 408 2692 depositis
431 2649 684 2694 impedimentis
710 2650 885 2682 sarcinis-

176 2706 238 2739 que
265 2696 416 2741 expediti
440 2703 638 2731 certarent.-
676 2698 730 2730 his
757 2697 886 2731 additis

177 2753 318 2777 causam
351 2745 487 2788 profert
517 2745 654 2779 Vocula
689 2756 751 2779 cur
785 2747 887 2791 signa

181 2793 368 2835 constitui,
416 2795 620 2839 fossamque
674 2799 710 2827 et
755 2794 888 2828 vallum

179 2840 386 2874 circumdari
409 2843 553 2876 iusserit
573 2842 711 2887 (sobald
727 2843 776 2876 sie
792 2842 890 2876 Tross

178 2887 250 2919 und
295 2888 435 2932 Gepez'ck
470 2890 710 2935 *niederyeleyt
746 2891 890 2933 hatten,

180 2935 303 2968 sollten
333 2937 383 2968 sie
410 2937 498 2970 ohne
525 2939 654 2972 Lasten
680 2940 853 2986 streiten).

240 2982 370 3018 vallum
396 2986 569 3030 turrisque
594 2993 806 3022 castrorum.-
832 2986 891 3022 di·-

954 2610 1039 2632 nere
1079 2601 1291 2643 frumentum
1328 2594 1571 2629 adveherent:
1609 2591 1668 2625 ‘a‘n

956 2647 1009 2680 illi
1051 2648 1160 2693 igitur
1214 2645 1391 2679 frumenta
1431 2640 1668 2682 adveherent,

958 2696 1051 2729 inter
1074 2694 1210 2728 medios
1239 2695 1287 2727 ita
1325 2690 1475 2726 hostes?
1518 2688 1669 2724 Ridicu-

960 2744 1043 2777 lum.
1075 2743 1160 2776 Puto
1187 2742 1367 2775 defectum
1395 2739 1552 2785 aliquem
1579 2746 1673 2779 esse,

960 2797 995 2825 et
1021 2793 1230 2825 asteriscum
1256 2793 1339 2823 ante
1366 2788 1457 2822 haec
1476 2785 1586 2821 verba
1607 2793 1676 2828 po-

960 2840 1136 2873 nendum‘.
1166 2839 1309 2872 Lmsms
1351 2837 1462 2870 Secus
1489 2839 1556 2869 est.
1593 2832 1676 2866 Post

960 2889 1147 2922 victoriam
1166 2886 1270 2920 modo
1295 2889 1429 2929 partam
1455 2883 1559 2929 regio
1583 2881 1679 2914 inter

965 2937 1096 2970 Vetera
1151 2940 1186 2969 et
1223 2933 1440 2969 Novaesium
1491 2930 1535 2965 ab
1572 2928 1678 2963 hoste

961 2990 1113 3031 purgata
1142 2983 1229 3019 satis
1257 2980 1457 3017 videbatur.
1499 2977 1678 3013 Cohortes
