1768 3216
146 200 223 239 m
770 192 1030 233 AGRICOLAE

150 327 314 360 cresum
342 316 473 358 tieret.
534 313 648 355 Haec
678 310 812 366 primo
843 311 980 354 statim
1011 322 1121 354 anno
1163 311 1480 367 comprimendo
1513 323 1713 370 egre-20

147 392 259 448 giam
304 391 455 432 samam
499 388 594 442 paci
641 386 941 440 circumdedit,
981 399 1086 441 quae
1125 387 1193 430 vel
1238 389 1400 431 incuria
1436 389 1651 442 vel-tola,

146 466 280 508 rantia
310 464 496 518 priorum
528 462 638 505 haud
669 462 803 504 minus
837 474 958 516 quam
988 462 1140 505 bellum
1174 462 1408 506 timebatur.
1459 464 1543 507 Sed
1568 464 1644 507 ubi

148 543 286 581 aestas
316 538 499 591 advenit,
532 540 747 580 contracto
779 538 968 580 exercitu
996 537 1147 603 multus
1173 538 1226 589 in*
1246 539 1439 601 agmine,
1469 537 1651 588 laudare,

111 613 408 666 smodestiam,
438 612 638 655 disiectos
670 613 900 663 coercere3
929 612 1024 654 loca
1056 598 1205 654 castris
1232 613 1322 667 ipse
1342 600 1531 667 capere,
1564 625 1650 664 aie-A

146 687 304 731 stuaria
333 700 383 730 ac
414 687 540 730 silvas
572 687 660 742 ipse
689 691 996 741 praetemptare
1005 702 1018 739 3
1050 691 1090 729 et
1115 687 1218 729 nihil
1240 688 1408 730 interim
1430 688 1539 743 apud
1558 689 1642 732 ho-

143 767 229 806 stes
261 762 442 816 quietum
472 762 580 816 pati,
623 773 703 816 quo
736 762 871 804 minus
898 762 1045 804 subitis
1077 763 1322 805 excursibus
1353 764 1639 818 popularetur3

142 840 265 890 atque
293 836 365 877 ubi
395 837 496 878 satis
527 841 756 889 terruerat,
800 837 1012 890 parcendo
1046 848 1191 879 rursus
1229 838 1493 882 inritamenta
1523 839 1640 893 pacis

143 914 368 953 ostentare.
429 910 584 961 Quibus
615 912 739 954 rebus
771 911 923 954 multae
954 911 1157 965 civitates,
1193 925 1297 966 quae
1329 913 1372 954 in
1394 913 1507 955 illum
1529 912 1638 957 diem

0 962 131 1044 *facito
144 989 568 1043 exgaequoffegerant,
601 984 708 1027 datis
743 985 958 1028 obsidibus
987 986 1092 1028 iram
1117 998 1314 1040 posuere,
1348 992 1388 1030 et
1415 987 1638 1054 praesidiis

6 1043 97 1103 ‘2³⁴‘
143 1042 421 1113 adsiduisque
440 1059 738 1113 circumdatae,
772 1064 812 1102 et
841 1064 952 1103 tanta
978 1061 1141 1103 ratione
1176 1074 1357 1116 curaque
1383 1061 1562 1116 habitae,
1595 1066 1639 1104 ut

0 1119 25 1134 '¹'
140 1133 251 1176 nulla
280 1137 375 1194 ante
404 1133 644 1176 Britanniae
673 1145 785 1175 nova
809 1145 919 1187 pars.
1590 1143 1592 1145 ·

260 1300 294 1334 2.
324 1299 379 1333 vel
406 1299 548 1333 incuria
573 1299 628 1334 vel
652 1299 884 1333 intolerantia
911 1299 992 1342 ΓΔ,
1030 1299 1087 1333 uel
1113 1299 1151 1332 in
1178 1299 1281 1333 curia
1306 1299 1540 1336 intolerantia
1564 1301 1638 1337 Pu..

141 1348 327 1391 molanus,
366 1347 423 1381 uel
451 1348 593 1381 incuria
616 1347 674 1382 uel
708 1347 900 1381 tolerantia
927 1347 1140 1390 Rhenanus,
1180 1347 1372 1382 tolerantia
1410 1351 1516 1384 etiam
1540 1352 1637 1396 vapud

138 1397 294 1431 Bivium.
404 1398 439 1431 4.
467 1395 592 1430 multus
621 1396 699 1430 cod.
727 1395 859 1438 Ursini,
886 1396 1010 1429 multus
1036 1406 1214 1440 superscr.
1242 1407 1276 1429 m
1302 1398 1347 1431 Γπ
1374 1397 1482 1432 mutant
1500 1399 1542 1443 Δ,
1566 1400 1637 1433 mi..

140 1444 238 1480 litum
263 1443 468 1478 Rhenanus.
588 1444 622 1479 6.
645 1449 905 1489 praetemptare
931 1447 969 1486 Γ,
994 1444 1223 1490 ρναεὶἕριανε
1247 1444 1477 1480 Puteolanus.
1579 1449 1635 1482 11.

143 1498 175 1526 et
200 1498 302 1527 tanta
329 1495 391 1528 ΓΔ
415 1494 470 1537 (ἰιι
500 1494 532 1527 Γ
552 1492 678 1527 adesse
706 1498 738 1526 et
764 1497 914 1526 testatur
939 1492 1089 1526 Wexius
1122 1503 1155 1537 p.
1183 1494 1205 1528 9
1239 1498 1360 1528 annot.
1390 1512 1432 1538 if,
1470 1495 1527 1529 cui
1553 1495 1636 1540 plus

139 1540 222 1576 fidei
253 1551 357 1586 quam
392 1540 639 1586 Maggioranio
675 1540 801 1575 deesse
835 1542 1035 1587 narranti),
1077 1546 1178 1575 tanta
1207 1541 1406 1576 ‘Rhenanus
1445 1545 1535 1589 (non
1563 1543 1635 1578 Pu-

140 1589 324 1632 teolanus,
353 1594 391 1622 ut
418 1588 568 1623 credidit
594 1589 773 1634 Wexius).
946 1589 1087 1623 habitae
1119 1589 1254 1624 adiecit
1280 1591 1407 1625 editor.
1576 1593 1632 1628 12.

135 1648 222 1682 pars
247 1637 440 1671 illucessita
466 1638 659 1672 transierit.
699 1637 854 1682 Sequens
882 1639 942 1674 ΓΔ
973 1642 1008 1671 et
1034 1637 1277 1672 Puteolanus:
1315 1640 1470 1674 correxit
1496 1639 1634 1683 Simius,

137 1686 206 1719 nisi
233 1685 328 1732 quod
354 1686 482 1719 transit
507 1685 617 1719 scribi
643 1685 786 1730 voluit;
814 1696 848 1720 v.
877 1686 1012 1720 Diurna
1037 1685 1107 1720 litt.
1138 1686 1280 1720 lenens.
1309 1697 1339 1721 a.
1374 1688 1465 1723 1817
1492 1698 1526 1722 n.
1554 1688 1634 1724 166.

138 1733 179 1767 In
205 1733 299 1768 idem
325 1734 452 1768 incidit
477 1734 637 1769 Wexius.

209 1859 295 1905 Gap.
323 1862 382 1895 20.
434 1861 489 1894 vel
513 1861 656 1895 incuria
680 1866 734 1895 vet
760 1860 849 1895 tole-

137 1909 259 1942 rantia
279 1909 457 1953 priorum:
484 1908 519 1942 h.
552 1920 582 1942 e.
610 1910 748 1953 priores
778 1910 848 1943 alia

136 1956 362 2001 negligentia
396 1966 468 1989 non
482 1975 489 1980 -
505 1957 848 1999 animadvertebant,

137 2003 208 2037 alia
234 2013 305 2036 non
332 2004 448 2048 ignari
477 2003 552 2037 fieri
581 2005 847 2048 permittebant,

137 2054 198 2084 aut
223 2050 360 2084 lucrum
387 2051 562 2084 facientes
600 2056 659 2084 aut
693 2057 847 2086 mutuam

139 2097 461 2132 dissimulationem
499 2098 583 2132 mali
629 2105 846 2143 spectantes.

136 2146 318 2189 Scriptura
343 2145 574 2180 intolerantia
606 2152 686 2190 post
724 2150 848 2191 proxi-

134 2203 229 2226 mum
255 2204 385 2226 nomen
411 2194 553 2228 incuria
578 2199 660 2229 nata
684 2201 738 2230 est
755 2198 848 2230 assi-

134 2240 280 2275 milandi
307 2251 440 2275 errore.

200 2311 324 2345 multus
339 2312 377 2345 in
393 2313 532 2357 agmine
553 2315 684 2359 (esse),
699 2313 848 2349 laudare

134 2359 354 2397 modestiam:
395 2360 521 2394 multus
555 2366 609 2395 est
640 2363 676 2396 in
703 2364 846 2408 agmine

135 2408 194 2452 qui
231 2407 337 2440 modo
377 2407 414 2440 in
452 2408 520 2442 hac
560 2410 665 2444 modo
710 2412 747 2444 in
783 2412 847 2445 illa

135 2456 287 2500 agminis
314 2459 414 2498 parte
442 2462 600 2499 apparet.
653 2459 712 2493 Sic
740 2470 770 2493 c.
798 2461 843 2494 37

133 2505 298 2547 frequens
323 2503 446 2547 ubique
472 2505 655 2548 Agricola.
692 2506 844 2540 Contra-

133 2551 225 2583 rium
252 2555 305 2584 est
331 2562 438 2584 rarus
457 2563 523 2596 per
547 2553 666 2586 urbem
688 2554 763 2587 xlv
784 2556 842 2590 56.

134 2597 267 2633 Similis
295 2603 370 2642 est,
396 2609 468 2632 non
505 2599 652 2643 eadem,
681 2601 843 2636 Sallustii

132 2645 267 2680 locutio
294 2646 372 2693 lug.
390 2646 457 2681 84:
485 2654 592 2682 antea
611 2649 682 2683 iam
698 2650 844 2694 infestus

132 2694 329 2738 nobilitati,
364 2700 433 2728 tum
464 2706 545 2729 vero
577 2698 702 2731 multus
739 2703 842 2742 atque

131 2743 233 2785 seroae
258 2744 402 2777 instare.
433 2743 487 2777 Cf.
509 2744 666 2779 eiusdem
685 2745 763 2791 Iug.
783 2746 841 2781 45.

220 2825 263 2846 ea·
298 2824 407 2858 aequo
446 2821 613 2860 egerant:
653 2828 696 2850 ex
731 2827 840 2861 aequo

132 2860 285 2895 refertur
310 2862 355 2896 ad
381 2862 580 2907 Romanos,
620 2865 745 2899 horum
771 2866 840 2899 im-

131 2908 232 2950 perio
257 2918 329 2945 non
355 2910 519 2947 subiecti.
548 2913 590 2949 H.
616 2913 666 2950 lv
685 2913 754 2951 64:
779 2920 845 2951 aut

922 1874 965 1895 ese
991 1873 1099 1907 aequo
1129 1864 1239 1908 aqetis
1276 1868 1337 1897 aut
1372 1863 1453 1898 aliis
1479 1864 1635 1912 impera-

923 1910 1013 1945 titis.

994 1985 1026 2014 et
1046 1986 1146 2015 tanta
1171 1983 1311 2016 ratione
1338 1995 1518 2029 curaque:
1547 1995 1635 2030 pos-

920 2033 1003 2061 sunt
1023 2028 1112 2062 haec
1127 2030 1462 2077 quomodocumque
1475 2033 1634 2076 pendere

923 2087 966 2109 ex
993 2077 1164 2119 proximis
1197 2079 1387 2122 praesidiis
1415 2080 1634 2126 castellisque

921 2124 1177 2167 circumdatae,
1206 2130 1244 2158 ut
1270 2133 1302 2160 et
1328 2126 1532 2172 explicandi
1559 2130 1631 2164 vim

920 2171 1050 2205 habeat
1077 2173 1165 2218 (und
1188 2181 1312 2218 mear),
1341 2175 1403 2209 sed
1430 2187 1539 2210 carae
1562 2187 1631 2211 no-

919 2230 1000 2254 rnen
1027 2221 1144 2264 potius
1171 2227 1334 2265 spectare
1358 2223 1501 2259 videtur
1516 2225 1630 2260 admi-

918 2269 1164 2303 nistrationem
1188 2279 1305 2305 novae
1322 2273 1432 2316 partis
1453 2278 1489 2308 et
1502 2283 1630 2308 recens

918 2316 1102 2350 subiectos
1132 2318 1304 2355 tractandi
1331 2321 1485 2356 modum.
1531 2322 1629 2364 Qua-

917 2370 1063 2408 propter
1105 2365 1246 2400 habitae
1288 2369 1464 2403 excidisse
1507 2370 1627 2414 credo,

917 2413 1017 2446 cuius
1044 2413 1140 2457 prior
1165 2425 1244 2457 pars
1276 2426 1296 2448 a
1321 2428 1486 2462 caraque,
1516 2418 1629 2453 altera

917 2461 959 2493 ab
1002 2467 1039 2495 nt
1075 2461 1199 2495 hausta
1236 2468 1311 2506 est,
1350 2466 1444 2509 quod
1482 2466 1626 2500 facilius

915 2508 992 2542 fieri
1031 2510 1169 2552 potuit,
1205 2511 1235 2543 si
1273 2513 1309 2544 in
1349 2514 1495 2559 antiquo
1534 2513 1625 2548 libro

915 2557 1126 2600 compendio
1171 2557 1243 2606 Ιιῑις
1281 2562 1487 2603 expressum
1537 2567 1624 2596 erat.

915 2605 1039 2639 Statim
1066 2606 1159 2639 Susii
1185 2606 1324 2641 medela
1351 2609 1387 2641 in
1421 2609 1502 2643 loco
1538 2621 1624 2657 gra-

914 2654 993 2686 vius
1020 2654 1148 2687 ass'ecto
1176 2665 1296 2689 veram
1333 2658 1520 2692 sanitatem
1555 2669 1622 2704 pe-

914 2702 1023 2744 perit;
1054 2706 1174 2736 cetera
1200 2708 1419 2739 tentamenta
1446 2715 1531 2750 prae
1557 2706 1622 2742 illa

913 2759 983 2782 non
1014 2749 1121 2795 digna
1147 2757 1228 2785 sunt
1258 2763 1350 2798 quae
1368 2759 1619 2790 memorentur.

984 2818 1067 2864 Cap.
1095 2822 1153 2856 21.
1183 2823 1222 2856 in
1248 2823 1371 2857 bellum
1395 2824 1544 2869 faciles:
1575 2837 1621 2860 ex

909 2867 1044 2902 duabus
1099 2870 1316 2906 coniecturis
1377 2883 1397 2906 a
1446 2872 1618 2909 Rhenano

909 2918 1178 2954 communicatis
1205 2919 1292 2955 bello
1303 2920 1435 2967 faciles
1449 2926 1568 2969 atque,
1580 2923 1620 2957 ia
