1768 3216
157 219 228 255 140
763 211 1069 248 nisroRlARvM
1427 223 1458 247 a.
1487 216 1523 247 u,
1550 211 1649 248 822„

157 335 319 377 Celsum
350 346 432 375 nox
466 333 577 384 iuvit,
612 331 820 384 dispositis
853 330 933 372 iam
966 329 1153 371 excubiis
1186 329 1525 384 compressisque
1555 329 1639 371 mi·-

154 410 313 460 litibus,
353 419 453 461 quos
483 405 641 447 Annius
674 404 811 447 Gallus
844 404 1020 446 consilio
1051 403 1246 458 precibus
1278 404 1527 446 auctoritate
1560 403 1640 445 fle-

153 487 283 533 xerat,
313 493 364 522 ne
393 493 516 533 super
547 479 706 521 cladem
739 479 940 520 adversae
963 491 1127 534 pugnae
1147 478 1320 520 suismet
1336 478 1416 532 ipsi
1440 477 1640 519 caedibus

153 556 379 598 saevirent:
411 555 500 596 sive
531 554 621 595 finis
651 553 760 594 bello
782 553 968 594 venisset
985 565 1060 594 seu
1078 565 1294 595 resumere
1320 565 1435 595 arma
1456 551 1639 604 mallent,

124 630 314 671 tunicum
344 629 464 670 victis
496 629 536 669 in
568 640 777 669 consensu
807 627 1096 668 levamentum.
1159 628 1320 669 Ceteris
1351 627 1508 669 fractus
1543 626 1642 668 ani-

154 716 263 745 mus:
293 704 581 757 praetorianus
613 702 731 743 miles
762 713 845 742 non
876 702 1028 742 virtute
1059 713 1105 743 se
1122 701 1198 743 sed
1218 701 1458 755 proditione
1482 701 1638 744 victum

154 778 365 821 fremebat.
415 776 475 817 Ne
504 776 733 818 Vitellianis
765 776 930 829 quidem
962 776 1222 817 incruentam
1255 775 1386 818 fuisse
1401 776 1637 828 victoriam,

151 853 267 907 pulso
299 852 448 906 equite,
479 856 595 905 rapta
611 851 790 905 legionis
816 850 950 904 aquila
960 864 971 901 3
1003 862 1227 905 superesse
1247 863 1342 893 cum
1361 851 1453 906 ipso
1473 850 1641 893 Othone

154 927 324 970 militum
353 926 461 980 quod
492 930 605 967 trans
636 925 785 967 Padum
818 912 975 975 suerit}
1008 926 1154 968 venire
1184 926 1394 968 Moesicas
1425 925 1617 980 legiones
1628 938 1640 976 3

103 1013 139 1042 ιο
155 1014 344 1056 magnam
386 1001 590 1043 exercitus
638 1005 793 1054 partem
839 1000 1036 1043 Bedriaci
1081 1000 1358 1042 remansisse:
1405 1000 1483 1042 hos
1525 1004 1640 1042 certe

154 1075 335 1118 nondum
364 1075 523 1126 victos,
557 1078 597 1115 et
626 1075 662 1116 si
693 1075 929 1127 ita-ferret‚
971 1074 1188 1116 honestius
1220 1074 1262 1115 in
1293 1074 1386 1116 acie
1414 1074 1639 1128 perituros*

151 1150 223 1191 His
254 1149 571 1204 cogitationibus
603 1154 739 1191 truces
772 1154 840 1191 aut
870 1149 1010 1203 pavidi
1042 1153 1226 1191 extrema
1258 1149 1552 1204 desperatione
1584 1148 1636 1193 ad

151 1225 252 1268 iram
282 1224 445 1277 saepius
471 1236 589 1277 quam
618 1224 659 1265 in
691 1224 955 1266 formidinem
986 1223 1318 1266 stimulabant-ur.

282 1299 336 1340 At
356 1298 595 1340 Vitellianus
628 1299 835 1340 exercitus
868 1299 919 1340 ad
952 1299 1135 1353 quintum
1167 1313 1190 1341 a
1222 1298 1429 1341 Bedriaco
1459 1298 1640 1353 lapidem
1655 1309 1712 1350 45

101 1384 137 1412 ¹5
153 1372 361 1424 consedit,
408 1385 490 1413 non
533 1373 643 1415 ausis
685 1373 859 1415 ducibus
902 1373 1046 1415 eadem
1080 1374 1148 1415 die
1180 1373 1532 1428 oppugnationem
1564 1385 1642 1415 ca-

40 1502 56 1512 ῆ
152 1452 350 1498 strorum3
396 1448 515 1489 simul
544 1448 775 1490 voluntaria
809 1446 966 1490 deditio
997 1449 1256 1502 sperabatur.
1319 1447 1403 1490 Sed
1434 1447 1641 1501 expeditis

9 1513 113 1578 ἐξ.
152 1525 191 1563 et
219 1524 370 1563 tantum
401 1522 452 1564 ad
491 1523 691 1575 proelium
732 1523 917 1577 egressis
959 1523 1255 1579 munimentum
1294 1522 1414 1564 fuere
1441 1534 1569 1581 marma
1601 1526 1642 1564 et

0 1589 35 1651 [ζ
57 1582 125 1647 1Ἰ...
145 1596 337 1645 victoria.
396 1597 562 1639 Postera
604 1598 696 1650 die,
748 1597 858 1639 haud
910 1577 1104 1652 ambigua
1153 1597 1379 1638 Othoniani
1424 1581 1641 1638 exercitus

56 1662 370 1724 '‘voluntatffi
403 1675 443 1712 et
473 1672 540 1724 qui
564 1672 795 1714 ferociores
829 1672 1007 1724 fuerant,
1041 1672 1092 1713 ad
1113 1671 1411 1725 paenitentiam
1431 1670 1644 1712 inclinan-

0 1738 59 1810 ⁸¹}
94 1746 280 1798 notibuS,
327 1746 451 1787 missa
492 1746 644 1802 legatio
657 1760 667 1797 3
712 1759 790 1789 nec
831 1747 938 1800 apud
979 1746 1108 1788 duces
1141 1746 1385 1788 Vitellianos
1417 1745 1644 1787 dubitatum

1 1814 11 1843 ’ἓ
42 1826 79 1852 ἅ-
107 1831 228 1882 quuo
260 1819 391 1861 minus
421 1833 566 1874 pacem
600 1821 892 1863 concederent.
957 1821 1105 1876 Legati
1137 1820 1347 1875 paulisper
1377 1819 1551 1863 retenti..
1584 1818 1644 1864 Ea

233 1892 317 1934 ἴθι,
362 1897 379 1941 ἔς

232 2010 235 2014 Δ
293 1969 323 2001 1.
352 1942 471 2012 Ξοηρν.
504 1967 566 2001 Ma.
667 1971 700 2004 2.
743 1970 899 2013 consitio,
935 1970 1061 2016 ficibus
1089 1968 1162 2004 Ma:
1196 1969 1381 2015 precibus:
1418 1967 1566 2002 consilio
1603 1966 1643 2007 G.
1684 1955 1687 1957 ‚

154 2017 187 2050 3.
213 2015 348 2049 cedibus
372 2015 436 2050 Ma.
535 2016 569 2051 4.
597 2018 748 2050 seuirent
775 2017 837 2051 Ma.
944 2019 977 2053 5.
1010 2024 1098 2052 caet.
1129 2015 1195 2052 Ma.
1298 2017 1331 2052 7.
1361 2018 1550 2051 incruenta
1576 2014 1644 2051 Μῑῐ.

158 2064 212 2098 15.
241 2064 358 2097 eadem
385 2063 459 2097 Ma:
487 2064 514 2097 G
541 2065 667 2100 eodem.
753 2067 826 2111 obp.
860 2065 924 2100 Ma.
1016 2067 1071 2102 18.
1100 2066 1258 2100 exercitu
1282 2064 1348 2100 Ma.
1451 2064 1508 2100 19.
1532 2065 1644 2112 penit.

155 2111 219 2146 Ma.
294 2112 350 2147 20.
379 2113 550 2158 legatione
578 2114 689 2159 capud
714 2112 790 2147 Ma:
834 2115 1036 2149 emendavit
1063 2114 1233 2149 Pichena.

155 2238 259 2272 visse.
395 2251 476 2283 quos
502 2240 638 2275 Annius
668 2241 788 2276 Gallus
815 2263 859 2268 —
929 2243 1074 2286 toriani,
1097 2243 1219 2289 pavidi
1245 2241 1378 2284 ceteri,
1406 2241 1487 2286 quis
1511 2239 1647 2275 fractus

154 2287 324 2331 [lea-erat.-
353 2288 430 2332 ipse
458 2288 558 2332 lapsu
586 2291 666 2334 equi
696 2291 860 2335 prohibi-
929 2292 1090 2326 animus’.
1141 2292 1252 2325 Immo
1292 2290 1413 2325 omnia
1462 2288 1555 2323 haec
1602 2287 1648 2323 de

155 2340 209 2368 tus
238 2338 285 2380 (c.
315 2336 379 2382 33)
414 2337 550 2380 proelio
576 2349 646 2371 non
679 2339 859 2373 adfuerat:
929 2341 1156 2384 praetoriano
1182 2340 1298 2374 milite
1315 2338 1505 2380 dicuntur,'
1523 2342 1563 2371 ut
1580 2347 1648 2381 pu-

156 2388 368 2427 quapmpter
407 2385 539 2419 milites
586 2387 617 2420 ei
662 2397 732 2420 non
782 2389 862 2421 irati
930 2394 981 2423 tet
1007 2400 1051 2422 ex
1077 2388 1132 2422 his
1159 2388 1207 2422 ad
1245 2389 1340 2421 iram
1372 2387 1513 2432 saepius
1547 2391 1650 2430 qnam

156 2431 269 2465 fuere.
929 2439 967 2470 in
981 2437 1207 2482 formidinem
1230 2435 1511 2470 simulabantur.
1526 2439 1528 2441 '
1545 2433 1648 2469 Modo

227 2480 257 2512 si
280 2481 332 2513 ita
356 2482 485 2524 ferret:
524 2482 617 2515 idem
643 2482 740 2516 valet
767 2494 808 2517 ac
834 2485 864 2517 si
930 2491 1048 2518 truces
1077 2491 1177 2519 crant
1204 2484 1422 2529 praetoriani
1449 2487 1485 2516 et
1501 2483 1650 2528 recogi-

156 2529 229 2571 [ονε
254 2528 304 2561 ila
328 2530 456 2572 ferret,
483 2529 653 2574 loquendi
679 2542 792 2576 genus
820 2543 863 2565 ex
932 2534 1052 2567 tabant
1082 2545 1172 2578 quae
1210 2532 1278 2566 sibi
1305 2535 1536 2576 superessent
1562 2540 1650 2575 opes

157 2575 230 2608 vita
257 2576 478 2620 quotidiana,
506 2583 544 2611 ut
568 2578 732 2621 videtur,
764 2590 861 2613 sum-
933 2582 977 2615 ad
1003 2582 1253 2624 resistendum,
1280 2580 1492 2614 modo-cum
1516 2589 1650 2623 pavore

157 2628 253 2667 ptum
291 2624 443 2669 ideoque
477 2637 496 2658 a
530 2626 649 2660 Tacito
685 2637 755 2660 non
795 2629 862 2661 nisi
933 2630 1119 2663 honestius
1147 2631 1183 2663 in
1204 2630 1282 2663 acic
1309 2639 1348 2662 se
1374 2628 1554 2673 perituros
1569 2629 1649 2661 ani-

158 2673 193 2704 in
220 2672 337 2705 verbis
368 2673 516 2707 aliorum
543 2676 726 2718 positum;
767 2676 862 2709 conf.
934 2688 989 2710 mo
1018 2678 1224 2712 volvebant.
1282 2678 1368 2712 Nam
1397 2677 1506 2711 etiam
1532 2680 1652 2716 truces

158 2719 204 2752 ll1
244 2721 304 2762 15,
346 2721 405 2754 ubi
440 2722 483 2755 de
519 2722 688 2756 Plancina
729 2723 866 2756 Pisonis
937 2726 1506 2771 demorieagitantespavescere
1521 2724 1650 2759 solent.

160 2777 290 2800 uxore:
317 2771 447 2803 sociam
472 2781 507 2802 se
528 2772 768 2814 cuiuscumque
788 2774 868 2816 for-
1011 2773 1164 2818 capitit.
1193 2775 1441 2808 munimentum
1467 2775 1566 2817 ficere
1583 2783 1653 2806 m·-

162 2820 264 2847 tunae
301 2822 356 2857 ct,
393 2818 422 2850 si
456 2818 507 2850 ita
539 2821 673 2862 ferret,
714 2820 870 2853 comitem
938 2833 995 2854 ma
1022 2828 1053 2855 et
1078 2823 1249 2857 victoria:
1293 2824 1371 2856 sine
1407 2822 1532 2855 castris
1568 2831 1653 2865 per-

164 2863 260 2895 exitii
282 2865 512 2907 promittebat.
940 2874 1154 2913 noctavere‚
1197 2880 1346 2916 quorum
1374 2869 1540 2914 supellex
1564 2869 1654 2912 ipsis

240 2915 352 2943 truces
385 2917 446 2944 aut
480 2914 622 2956 pavidi:
670 2889 740 2948 non
778 2915 870 2949 hene
941 2917 1064 2951 deerat
1110 2918 1286 2963 expeditis
1325 2922 1362 2952 et
1398 2917 1442 2951 ad
1477 2917 1654 2962 proelium

165 2956 366 2991 Waltherus
393 2957 436 2992 ad
462 2958 496 2992 h.
524 2959 572 2994 l.:
612 2961 741 2997 ‘truces
767 2973 872 3007 prae-
944 2966 1111 3010 egressis.
1165 2965 1269 3002 Oonf.
1310 2965 1451 3014 annot-'t
1466 2965 1509 3001 ad
1536 2976 1568 3000 c.
1593 2965 1653 3001 40.
