1768 3216
90 242 94 247 ⁹
124 270 148 303 ο
738 260 1005 297 GERMANIAE

125 383 223 425 olim
252 380 327 423 sed
360 378 561 420 classibus
595 377 907 421 advehebantur
929 379 997 433 qui
1017 383 1176 421 mutare
1198 379 1324 421 sedes
1348 380 1616 434 quaerebant,

126 461 166 497 et
193 456 414 495 immensus
445 452 548 493 ultra
579 457 706 506 utque
736 453 799 494 sic
829 453 1005 494 dixerim
1037 453 1239 495 adversus
1282 453 1474 496 Oceanus
1511 456 1619 496 raris

124 530 175 572 ab
209 528 310 569 orbe
340 530 482 568 nostro
513 527 688 568 navibus
717 527 866 569 aditur.
916 527 1015 576 Quis
1033 539 1174 581 porro,
1206 531 1373 581 praeter
1391 527 1620 582 periculum

124 602 285 645 horridi
315 605 354 643 et
385 601 517 656 ignoti
559 602 714 653 maris,
753 601 855 643 Asia
899 606 967 643 aut
1011 601 1156 643 Africa
1205 605 1274 643 aut
1316 602 1432 643 ltalia
1475 602 1622 645 relicta

93 676 391 718 sGermaniam
418 679 593 728 peteret,
627 676 848 717 informem
878 677 1020 728 terris,
1054 689 1244 730 asperam
1276 676 1395 718 caelo
1415 708 1426 729 ,
1459 677 1621 719 tristem

127 751 237 794 cultu
268 753 548 803 aspectuque,
594 750 675 791 nisi
721 750 757 791 si
787 750 920 803 patria
947 750 1033 792 sit‘?
1093 750 1316 792 Celebrant
1362 750 1617 792 carminibus

127 825 304 878 antiquis
317 855 332 881 ‚U
365 822 474 877 quod
504 835 628 865 unum
661 823 765 878 apud
796 824 889 866 illos
921 825 1150 866 memoriae
1182 828 1222 866 et
1252 824 1459 866 annalium
1487 837 1622 880 genus

128 903 205 952 est,
241 899 475 940 Tristonem
503 898 624 940 deum
658 902 770 940 terra
802 899 980 952 editum,
1014 903 1054 940 et
1085 899 1210 940 filium
1237 900 1454 952 Mannum,
1486 899 1624 954 origi-

263 1086 297 1121 4.
348 1096 368 1133 e
396 1085 534 1120 horridi
563 1085 601 1120 P.
713 1086 746 1120 5.
785 1085 915 1130 peter'ts
952 1084 989 1119 P.
1112 1084 1149 1119 6.
1193 1084 1263 1118 nisi
1289 1084 1345 1130 (in
1371 1084 1442 1118 fine
1467 1083 1623 1130 paginae

131 1137 200 1179 est)
226 1133 278 1168 P:
306 1137 375 1170 nisi
398 1135 429 1168 si
455 1139 526 1168 tres
554 1133 732 1175 Vaticani,
760 1133 1000 1176 Monacensis,
1028 1132 1280 1177 FarnesianuS.
1391 1132 1426 1167 8.
1466 1132 1490 1166 ἅ
1514 1131 1565 1177 (h.
1589 1142 1622 1166 e.

130 1186 194 1228 est)
224 1182 259 1226 P,
286 1184 379 1218 unde
404 1183 568 1228 plerique
596 1193 641 1216 ex
667 1183 797 1216 ceteris
824 1188 883 1223 est,
913 1181 1076 1216 nonnulli
1104 1182 1158 1215 sit.
1270 1181 1420 1215 aristone
1445 1189 1623 1224 superscr.

130 1231 198 1265 litt.
227 1231 274 1265 tri
300 1232 342 1265 ab
370 1231 416 1266 al.
454 1243 499 1265 ιιι.
539 1230 620 1274 Tui,
655 1234 694 1263 ut
734 1231 780 1264 sit
811 1231 1016 1265 Tuistonem.
1059 1229 1098 1262 ‘P
1125 1229 1221 1274 prius
1249 1229 1300 1272 ei,
1329 1232 1480 1263 correct.
1510 1227 1547 1262 in
1584 1227 1628 1262 et’

131 1279 383 1315 MAssmuuus.
417 1281 494 1324 ipse
521 1289 593 1312 non
612 1278 698 1312 vidi.

132 1458 228 1495 tum,
255 1453 424 1495 alterum,
460 1451 551 1485 nihil
580 1460 659 1484 esse
690 1451 726 1483 in
755 1449 845 1483 Ger-

132 1502 250 1535 mania
297 1510 367 1545 quo
410 1500 591 1545 peregrini
629 1498 845 1540 alliciantur,

132 1550 300 1591 tertium,
336 1548 425 1582 tradi
463 1547 530 1581 hoc
557 1548 671 1592 ipsum
708 1557 727 1580 a
757 1546 848 1580 Ger-

133 1599 257 1631 manis.
396 1596 478 1640 quia
506 1607 572 1629 nec
599 1601 718 1628 terra:
767 1594 847 1627 dum

133 1657 199 1679 nec
226 1645 343 1690 ponit,
381 1645 529 1688 respicit
554 1643 706 1678 alterum
733 1653 848 1677 meni-

135 1694 237 1727 brum
262 1699 293 1727 et
319 1694 504 1727 immensus
531 1713 576 1719 -—
606 1691 736 1725 aditur.

916 1459 991 1493 que,
1017 1453 1054 1482 ut
1081 1448 1133 1481 sic
1158 1447 1320 1489 dia-erim,
1347 1447 1525 1481 adversus.
1572 1445 1627 1481 Cf.

916 1497 959 1531 ad
986 1495 1027 1530 O.
1055 1497 1113 1530 34.

1000 1567 1070 1600 nisi
1095 1566 1126 1599 si
1146 1566 1269 1611 patria
1295 1565 1364 1599 sitt
1406 1564 1513 1609 paulo
1547 1569 1630 1599 ante

913 1621 1032 1661 petere
1061 1614 1288 1648 Germaniam
1322 1617 1377 1646 cst
1413 1613 1449 1646 in
1482 1613 1631 1648 Germa-

917 1665 1011 1697 niam
1039 1673 1078 1697 se
1106 1663 1289 1697 conterre:
1325 1660 1388 1695 sed
1415 1665 1543 1695 terram
1570 1662 1630 1707 qui

919 1713 1008 1756 petit
1033 1711 1161 1746 relicta
1186 1711 1276 1753 alia,
1314 1718 1444 1744 novam
1476 1709 1631 1756 diligere

918 1761 1168 1804 praesumitur.
1221 1759 1259 1793 Id
1311 1758 1471 1791 notionis
1508 1757 1633 1793 subest

918 1809 1039 1843 verbis
1065 1809 1135 1842 nisi
1156 1810 1186 1842 si
1210 1808 1332 1853 patria
1355 1807 1411 1840 sit.
1438 1805 1525 1840 Nam
1546 1816 1636 1851 pro-·

920 1859 995 1901 prie
1032 1857 1148 1901 patria
1180 1856 1224 1890 ab
1266 1854 1528 1888 habitatoribus
1558 1856 1637 1889 eius

920 1916 991 1939 non
1017 1906 1151 1949 petitur
1176 1904 1239 1947 sed
1268 1907 1422 1937 tenetur.
1466 1902 1519 1937 De
1545 1903 1639 1937 tristi

920 1953 999 1987 solo
1038 1958 1074 1987 et
1109 1952 1211 1986 caelo
1248 1951 1459 1986 Germaniae
1495 1951 1541 1985 cf.
1570 1951 1640 1987 Se-

921 2012 1012 2036 neca
1038 2001 1082 2035 de
1106 2000 1247 2034 Provid.
1277 2011 1309 2034 c.
1329 2002 1353 2034 4
1377 2000 1413 2041 §.
1429 2001 1493 2035 12:
1521 2009 1640 2033 omnes

923 2049 1112 2083 considera
1127 2054 1247 2094 qentes
1275 2049 1314 2081 in
1340 2048 1460 2090 quibus
1474 2047 1640 2081 Romana

921 2108 995 2144 pax
1042 2097 1191 2138 desinit,
1240 2096 1436 2129 Germanos
1482 2094 1558 2128 dico
1608 2100 1640 2130 et

924 2145 1089 2190 quidquid
1106 2145 1204 2178 circa
1223 2143 1351 2177 Istrum
1364 2153 1536 2188 vayarum
1551 2154 1641 2188 yen-

925 2194 1009 2227 tium
1030 2197 1206 2226 occursat.
1234 2191 1407 2236 Perpetua
1422 2190 1502 2224 illos
1519 2190 1640 2234 biems,

925 2243 1022 2276 triste
1058 2241 1191 2274 caelum
1215 2241 1366 2285 premit,
1398 2238 1552 2284 malique
1580 2251 1640 2274 sa-

926 2290 996 2324 lum
1022 2288 1142 2323 sterile
1171 2293 1360 2330 sustentat,
1393 2287 1538 2321 imbrem
1564 2287 1642 2321 cul-

925 2349 980 2371 mo
1016 2343 1078 2371 aut
1115 2336 1242 2382 fronde
1278 2335 1488 2380 defendunt,
1536 2347 1642 2382 super

927 2387 1056 2420 durata
1081 2385 1196 2431 glacie
1221 2390 1350 2429 staqna
1368 2383 1579 2429 persultant,
1602 2385 1642 2417 in

207 1790 394 1823 immensus
418 1788 515 1822 ultra
539 1794 642 1833 utque
672 1788 723 1821 sic
750 1787 851 1820 diate-

136 1839 203 1872 rim
239 1838 404 1871 adversus
438 1836 627 1870 Oceanus.-
671 1836 851 1870 Oceanum

137 1884 455 1931 septentrionalem
490 1884 736 1930 significavit3
793 1882 853 1916 hic

136 1934 233 1968 ultra
275 1933 394 1966 orbem
439 1932 609 1966 Romanis
648 1937 770 1966 notum
818 1935 854 1964 et

138 1980 392 2028 navigantibus
420 1980 597 2014 adversus.
632 1981 719 2014 Nam
745 1989 853 2023 prae-

139 2036 193 2064 ter
231 2039 391 2069 enorme,
423 2029 576 2071 spatium
613 2039 707 2061 nunc
746 2028 853 2061 etiam

144 2078 214 2111 hoc
240 2075 505 2110 memorandum
534 2081 632 2118 erat,
672 2076 855 2109 inimicum

142 2131 177 2160 et
210 2123 452 2170 periculosum
492 2134 572 2157 esse
620 2123 711 2157 illud
760 2132 856 2155 mare

142 2184 259 2218 eoque
286 2182 356 2205 non
384 2171 517 2205 aditum
544 2171 708 2205 navibus.
750 2169 854 2203 Conf.

74 2238 81 2244 ·
142 2221 175 2256 ll
211 2223 285 2256 24:
342 2225 469 2264 quanto
515 2219 702 2253 violentior
742 2224 856 2252 cetero

142 2270 235 2303 mari
261 2268 422 2302 Oceanus
454 2274 486 2301 et
521 2267 733 2302 truculentia
767 2265 859 2300 caeli

139 2322 300 2363 praestat
330 2316 534 2350 Germania.
596 2315 633 2349 ln
670 2315 860 2350 Germania

144 2366 212 2400 34:
267 2375 332 2397 nec
377 2364 485 2409 defuit
526 2364 696 2398 audentia
740 2363 857 2396 Druso

145 2424 189 2447 ac
217 2413 450 2446 Germanico.-
492 2412 552 2445 sed
587 2412 715 2446 obstitit
743 2410 859 2444 Ocea-

145 2472 209 2494 nus
236 2461 275 2493 in
300 2471 335 2492 se
360 2460 462 2493 simul
488 2466 590 2504 atque
616 2461 655 2493 in
673 2459 861 2493 Herculem

145 2508 291 2551 inquiri.
318 2507 403 2551 Agr.
422 2508 486 2542 10:
514 2507 574 2540 sed
598 2518 697 2540 mare
720 2507 861 2552 piyrum

147 2562 180 2589 et
217 2565 326 2600 9rave
373 2555 624 2599 remiyantibus
662 2554 860 2600 perhibent.

146 2604 186 2637 In
217 2603 402 2639 contraria
430 2602 526 2636 orbis
561 2607 660 2646 parte
699 2602 769 2647 (bei
795 2601 861 2634 den

147 2650 362 2696 Antipoden)
395 2661 474 2684 esse
500 2649 705 2692 Oceanum,
734 2654 771 2682 ut
798 2648 859 2682 alii

146 2700 439 2742 interpretantur,
466 2698 536 2732 hoc
563 2697 662 2732 illum
690 2707 763 2731 non
784 2701 861 2729 tru-

150 2746 387 2780 culentiorem
406 2748 592 2792 magisque
619 2745 861 2789 periculosum

147 2793 274 2828 reddit.
326 2795 452 2839 Neque
489 2794 581 2838 apud
612 2794 770 2827 'l'acitum
804 2792 862 2826 hic

150 2842 372 2887 significatus
386 2844 486 2876 vocis
502 2843 668 2876 adversus
694 2842 778 2875 alibi
803 2851 863 2874 re-

149 2890 286 2933 peritur
328 2895 362 2923 ct
398 2902 417 2923 a
459 2890 646 2924 vocabulis
686 2889 863 2924 technicis

151 2937 332 2971 abstinere
357 2938 461 2971 solet.
500 2938 666 2972 Ceterum
688 2944 790 2982 utque
812 2939 863 2971 sic

154 2983 300 3019 dimerim
327 2985 492 3020 adversus
524 2987 678 3030 positum
712 2996 775 3031 pro
804 2991 862 3020 at-

928 2434 1131 2468 alimentum
1156 2435 1254 2478 seras
1281 2437 1438 2478 captant.

1012 2503 1192 2537 celebrant
1229 2501 1444 2536 carminibus
1489 2501 1661 2546 antiquis·

928 2572 972 2579 —
999 2551 1214 2584 Tristonem:
1241 2550 1338 2584 aliud
1358 2549 1551 2583 carminum
1601 2559 1643 2584 e-

929 2609 994 2632 nus
1023 2609 1104 2632 mox
1130 2599 1193 2644 (3)
1221 2601 1436 2632 memoratur
1461 2601 1495 2630 et
1519 2594 1550 2631 11
1598 2596 1642 2631 8:

929 2647 1110 2682 Arminius
1132 2668 1172 2672 ——
1201 2647 1356 2680 canitur*
1371 2645 1487 2679 adhuc
1512 2644 1644 2679 barba-

929 2707 990 2729 ras
1028 2694 1123 2741 apud
1155 2700 1284 2740 gentes.
1336 2693 1433 2728 Haec
1472 2693 1639 2736 carmina,

930 2743 1109 2777 annalium
1146 2754 1288 2788 genus,
1327 2741 1413 2776 dicit
1450 2739 1644 2775 lornandes

932 2793 973 2824 4:
1002 2791 1286 2836 quemadmodum
1313 2796 1344 2824 et
1370 2791 1407 2823 in
1429 2791 1558 2835 priscis
1575 2790 1646 2823 Go-

932 2840 1069 2873 thorum
1096 2840 1310 2873 carminibus
1336 2849 1450 2883 paene
1478 2837 1646 2871 historico

932 2889 1002 2921 ritu
1026 2890 1063 2920 in
1091 2888 1268 2921 commune
1299 2885 1479 2920 recolitur.
1537 2885 1645 2920 Triste

933 2947 976 2970 cx
1016 2936 1041 2969 P
1074 2941 1111 2969 et
1147 2935 1278 2972 ceteris
1319 2934 1418 2975 libris
1461 2933 1643 2978 plerisque

932 2983 1160 3029 reponendus
1190 2988 1274 3018 erat.
1316 2981 1499 3016 Cori-ectio
1532 2981 1643 3015 Tuisto
