1768 3216
0 1155 56 1229 ἴς
77 1169 379 1225 'abreselatam
412 1164 590 1216 Italiam,
624 1163 819 1218 impulsas
850 1162 1006 1203 Vitellii
1038 1175 1107 1204 res
1140 1162 1331 1204 audietis.

111 1227 221 1293 ”qui
253 1243 293 1280 et
321 1239 511 1293 vestigiis
559 1239 764 1281 vincentis
807 1236 1030 1280 insistere?

756 222 1064 259 HISTORIARVM
1439 232 1472 256 a.
1499 231 1536 256 u.
1562 221 1645 259 822.

174 232 240 266 196

162 348 293 402 magis
327 358 444 400 quam
474 343 607 383 victae
638 351 862 393 resurgere
895 338 936 379 in
967 338 1164 379 ultionem
1194 341 1441 391 properent,
1476 337 1652 380 Moesici

163 422 366 464 exercitus
399 419 581 470 integras
612 415 724 456 vires
759 413 980 455 attulerint.
1021 412 1063 455 Si
1093 423 1287 453 numerus
1309 411 1482 454 militum
1514 412 1651 466 potius

160 572 198 608 et
245 565 452 618 profuisse
492 556 738 617 disciplinae
784 563 915 616 ipsum
959 561 1176 616 pudorem.
1246 561 1417 615 Equites
1461 572 1563 604 vero
1596 572 1650 603 ne

125 645 240 683 stum
281 639 446 692 quidem
486 638 644 690 victos,
688 637 762 678 sed
815 649 1059 691 quamquam
1103 636 1228 678 rebus
1279 636 1469 678 adversis
1513 635 1651 678 disie-

158 720 260 756 ctam
295 713 447 756 Vitellii
479 714 624 755 aciem.
667 711 799 754 ‘Duae
831 716 928 754 tunc
947 711 1213 753 Pannonicae
1243 724 1291 753 ac
1321 710 1534 754 Moesicae
1561 710 1653 753 alae

152 801 377 843 perrupere
407 789 588 830 hostem:
615 800 725 829 nunc-
756 787 941 829 sedecim
971 786 1127 828 alarum
1145 787 1367 828 coniuncta
1389 786 1511 841 signa
1533 785 1668 841 pulsu-

155 866 375 918 sonituque
426 869 465 905 et
509 864 616 905 nube
665 864 753 916 ipsa
803 863 994 916 operient
1043 874 1092 903 ac
1145 861 1447 916 superfundent
1501 862 1653 904 oblitos

153 940 404 994 proeliorum
438 939 595 993 equites
630 949 855 993 equosque.
920 937 1008 978 Nisi
1040 938 1131 991 quis
1163 937 1326 990 retinet,
1365 937 1476 979 idem
1503 949 1653 979 suasor

102 1019 393 1082 ioauctorque
412 1014 575 1056 consilii
613 1026 698 1056 ero.
761 1014 873 1066 Vos,
915 1013 1062 1068 quibus
1103 1013 1267 1055 fortuna
1300 1012 1342 1053 in
1373 1012 1543 1073 integro
1573 1016 1650 1066 est,

152 1079 340 1146 legiones
383 1079 608 1131 continete:
656 1088 754 1130 mihi
800 1087 1017 1155 expeditae
1054 1087 1251 1130 cohortes
1287 1087 1507 1130 sufficient.
1568 1087 1652 1129 lam

1392 1161 1552 1204 Iuvabit
1581 1174 1655 1204 se-

1090 1236 1203 1279 Haec
1249 1249 1298 1278 ac
1340 1236 1437 1279 talia
1467 1235 1695 1292 flagrans3

153 1314 307 1366 oculis,
343 1314 448 1354 truci
478 1326 605 1365 voce,
639 1325 720 1367 quo
752 1313 874 1354 latius
906 1313 1120 1354 audiretur
1149 1312 1323 1364 (etenim
1356 1324 1402 1354 se
1435 1311 1654 1353 centurio-

102 1401 226 1430 15nes
274 1393 313 1429 et
354 1388 518 1441 quidam
557 1388 726 1429 militum
768 1388 945 1430 consilio
989 1388 1280 1440 miscuerant),
1329 1386 1384 1428 ita
1424 1385 1569 1428 effudit
1609 1389 1654 1427 ut
1691 1304 1711 1461 2

155 1467 296 1504 cautos
330 1475 493 1516 quoque
525 1475 573 1503 ac
604 1462 801 1516 providos
822 1435 1115 1517 'fii-‚moveret
1131 1439 1292 1516 ‘il-uffius
1316 1465 1356 1503 et
1372 1461 1502 1504 ceteri
1526 1472 1652 1502 unum

1395 1509 1505 1522 ⁶-—

96 1555 102 1558 >
152 1538 285 1579 virum
317 1538 568 1591 ducemque,
611 1542 749 1592 spreta
791 1538 966 1580 aliorum
1007 1538 1212 1592 segnitia,
1254 1536 1446 1579 laudibus
1479 1536 1649 1579 ferrent

1223 1658 1276 1692 12.
1303 1661 1466 1691 reserata
1490 1655 1652 1692 militiam

1367 1706 1422 1740 13.
1451 1717 1496 1740 ac
1521 1704 1588 1750 Ma,
1616 1712 1650 1741 et

292 1659 325 1693 3.
354 1658 463 1693 nichil
488 1657 553 1693 Ma.
629 1659 663 1694 9.
690 1662 838 1693 snti'osor
863 1657 937 1692 Ma:
966 1658 993 1692 G
1018 1669 1154 1692 suasor.

151 1705 215 1748 Ma,
243 1714 402 1741 reserata
431 1708 557 1742 militia
583 1707 635 1742 G:
664 1710 819 1742 correxit
845 1707 1012 1741 l’ichcna.
1104 1708 1176 1752 inp.
1207 1705 1270 1740 Ma.

154 1755 194 1789 G.
268 1756 321 1790 16.
350 1756 468 1802 volqus
496 1756 554 1791 Or.

154 1878 187 1900 v.
216 1866 255 1899 H.
285 1866 314 1899 ll
344 1866 402 1901 42.
563 1872 724 1912 putetur.-
768 1867 801 1901 h.
832 1878 864 1901 e.

90 1947 98 1961 ‚
154 1916 381 1956 aestimetur,
428 1920 679 1958 computetur;
721 1916 866 1960 antique

97 1963 99 1967 ’
155 1963 298 1996 dictum.
331 1963 417 1995 Suas
443 1963 607 2008 legiones
631 1964 766 2007 plenas,
797 1963 866 1996 ho-

94 2012 96 2018 '
155 2012 259 2045 stium
287 2012 422 2044 accisas
450 2022 528 2044 esse
556 2017 591 2045 et
620 2024 663 2046 ex
684 2012 865 2045 nonnullis

154 2060 296 2093 nonnisi
327 2059 462 2093 electos
497 2069 559 2103 pro
594 2061 680 2104 ipsis
708 2060 866 2106 legioni-

154 2108 220 2141 bus
247 2107 398 2150 adesse3
427 2118 460 2141 V.
489 2113 609 2142 annot.
638 2108 680 2142 ad
709 2108 751 2142 H.
775 2108 867 2143 1189

156 2161 191 2190 et
221 2156 300 2190 100.
358 2155 482 2200 Itaque
508 2167 655 2190 numero
683 2157 865 2202 legionum

157 2203 385 2246 Vitellianos,
411 2204 638 2239 multitudine
656 2205 806 2238 militum
827 2216 866 2239 se

155 2251 376 2298 praevalere.

224 2301 351 2346 equites
378 2312 459 2335 vero
485 2312 529 2334 ne
557 2307 626 2335 tum
652 2302 786 2345 quidem
811 2303 866 2335 vi-

156 2356 249 2384 ctos.-
283 2359 318 2383 ν.
345 2349 387 2383 Η.
414 2349 444 2382 ll
469 2351 526 2383 41.
628 2356 752 2384 (uector
779 2362 866 2384 con-

154 2398 227 2432 silii
252 2402 306 2431 est
332 2398 391 2442 qui
432 2399 639 2442 exequitur,
679 2404 716 2431 ut
748 2399 789 2432 A.
822 2400 865 2434 13

155 2452 281 2480 auctor
307 2447 433 2491 operis.
510 2447 628 2490 quibus
659 2449 803 2491 fortuna
828 2448 866 2480 in

153 2497 291 2540 inteqro
325 2499 396 2527 est:
431 2493 577 2538 oblique
608 2496 769 2528 meminit
807 2495 864 2528 di-

156 2554 296 2578 versam
323 2552 420 2576 suam
457 2542 633 2576 fortunam
671 2543 754 2576 olim
782 2549 863 2577 ten-

153 2597 261 2626 tatam
291 2595 327 2625 et
363 2591 531 2634 fractan13
564 2601 597 2625 v.
625 2590 699 2625 XIV
724 2592 792 2635 40,
821 2592 862 2626 H.

153 2640 184 2674 11
209 2639 268 2675 86.

225 2688 405 2734 expeditae
420 2687 600 2728 cohortes:
628 2693 710 2721 sunt
732 2688 863 2722 cohor-

150 2742 204 2771 tes
230 2738 427 2779 sociorum;
465 2736 605 2770 easdem
635 2738 754 2781 copias
783 2749 813 2771 c.
841 2737 863 2771 6

149 2785 353 2819 vexillarios
380 2796 398 2818 e
435 2785 631 2819 cohortibus
663 2787 863 2819 accuratius

150 2834 324 2868 definivit.
406 2877 413 2880 ‚

221 2881 306 2926 Cap.
327 2883 361 2916 3.
392 2882 512 2928 vulqus
541 2888 571 2916 et
598 2883 726 2916 ceteri:
756 2883 864 2917 celeri

148 2935 229 2965 sunt
266 2931 325 2975 qui
360 2942 476 2977 neque
514 2931 550 2964 in
589 2931 699 2977 vulgo
743 2937 861 2977 neq‘ue

146 2980 240 3014 inter
266 2984 389 3014 cautos
418 2990 459 3014 ac
484 2980 653 3023 providos
680 2984 762 3014 ante
781 2991 860 3015 me-

638 1759 756 1791 cetera
781 1756 853 1799 Ma,
880 1757 1014 1790 caeteri
1039 1754 1078 1790 G.

934 1871 1108 1907 moratos,
1138 1875 1172 1899 v.
1202 1876 1232 1899 c.
1261 1865 1490 1899 centuriones
1523 1870 1559 1899 et
1582 1865 1651 1900 tri-

934 1914 1018 1948 buni
1043 1913 1196 1947 audaces
1225 1918 1260 1947 et
1286 1914 1433 1947 incauti.

1007 1968 1184 1996 tracturus
1208 1963 1518 2007 interpretatione:
1541 1962 1650 1997 ‘dicta

934 2010 1003 2044 huc
1030 2010 1118 2044 illuc
1144 2010 1342 2052 trahuntur,
1371 2020 1441 2043 non
1469 2011 1650 2056 interpre-

935 2060 1033 2092 tatio.
1095 2057 1222 2092 Cicero
1261 2057 1370 2092 Acad.
1398 2058 1522 2094 1136:
1562 2071 1650 2105 qnae

934 2107 1222 2152 disputationibus
1248 2107 1315 2140 huc
1341 2113 1372 2140 et
1391 2106 1477 2140 illuc
1496 2108 1649 2142 traknn-
1678 2118 1681 2121 '

934 2161 1000 2190 tur.
1036 2155 1081 2189 Et
1108 2160 1146 2188 ut
1173 2156 1267 2190 idem
1294 2157 1329 2188 in
1356 2155 1466 2189 Bruto
1483 2156 1531 2191 41
1559 2156 1649 2191 dixit

933 2216 1006 2237 rem
1032 2205 1215 2238 obscuram
1241 2204 1506 2249 interpretando
1523 2206 1648 2252 espla-

932 2264 1041 2296 nare,
1080 2254 1132 2287 sic
1167 2252 1252 2286 alibi
1285 2253 1552 2299 interpretando
1581 2254 1650 2298 Ιῃισ

931 2300 1016 2335 illuc
1042 2300 1205 2335 eralaere'.
1249 2301 1462 2336 Ensasnus.

1013 2362 1118 2395 eoque
1158 2350 1305 2395 gravior·
1343 2350 1508 2385 militibus
1542 2357 1647 2386 erat.-

931 2408 1026 2432 nunc
1063 2400 1168 2433 aliter
1206 2398 1249 2432 de
1285 2398 1340 2432 his
1383 2401 1500 2433 sentio
1541 2404 1649 2446 atque

932 2447 1029 2490 olim,
1058 2459 1136 2482 cum
1164 2446 1307 2481 defendi
1334 2448 1545 2491 scripturam
1558 2459 1649 2494 qra-

932 2497 1021 2537 tior,
1047 2495 1223 2530 immerito
1250 2495 1295 2529 ob
1323 2506 1400 2529 eam
1424 2506 1497 2530 rem
1526 2506 1546 2530 a
1573 2496 1648 2531 nu-

931 2545 1046 2588 pertiu
1089 2545 1263 2579 laudatus.
1326 2543 1468 2589 Quippe
1501 2546 1649 2590 yravior

931 2593 1175 2637 metaphorice
1202 2593 1355 2637 positum
1383 2603 1428 2626 ex
1454 2602 1648 2639 praegres-

930 2642 978 2674 sis
1017 2648 1135 2686 aperte
1177 2641 1393 2676 descendisse
1431 2641 1470 2674 in
1505 2652 1648 2676 causam

930 2690 1112 2724 videbam»
1137 2691 1186 2724 ita
1220 2689 1372 2734 pendet,
1411 2694 1450 2723 ut
1479 2689 1648 2725 inchoata

930 2738 1137 2782 metaphora
1161 2739 1390 2773 continuetur
1415 2743 1451 2772 et
1477 2749 1646 2773 consum-

930 2792 1055 2820 melur.
1112 2788 1290 2821 Antonius
1317 2790 1440 2830 aperte
1469 2791 1646 2833 tamquam

930 2835 964 2867 in
981 2835 1116 2870 lancem
1144 2846 1272 2870 causae
1290 2834 1484 2869 Flavianae
1499 2835 1647 2870 deseen-

931 2883 1056 2927 derat,
1107 2895 1224 2930 eoque
1281 2884 1427 2929 gravior
1471 2884 1646 2918 militibus

933 2938 1018 2976 erat,
1047 2933 1081 2967 h.
1111 2945 1142 2968 e.
1171 2933 1337 2979 graviore
1364 2931 1521 2975 pondere
1547 2932 1647 2967 mili-

930 2980 1024 3014 tibus
1060 2982 1247 3016 videbatur
1290 2980 1378 3028 (und
1411 2980 1536 3016 aarum
1571 2992 1646 3028 ¹0⁰9
