1768 3216
1515 235 1587 270 411

203 355 345 410 utique
381 355 530 409 quibus
570 355 736 410 legibus
779 354 971 408 plebeive
1008 355 1126 396 scitis
1172 354 1371 409 scriptum
1399 353 1503 406 suit,
1524 365 1589 394 vne

89 429 209 472 divus
266 430 480 485 Augustus
532 429 779 471 Tiberiusve
829 427 956 470 lulius
1000 428 1155 470 Caesar
1196 428 1409 484 Augustus
1458 427 1588 469 Tibe-

87 504 258 559 riusque
301 504 497 547 Claudius
544 504 703 546 Caesar
750 502 963 558 Augustus
1011 502 1284 545 Germanicus
1332 505 1587 554 tenerentur,

89 578 142 622 iis
188 579 355 634 legibus
400 579 618 633 plebisque
670 578 789 619 scitis
834 577 1062 631 Imperator
1110 578 1267 620 Caesar
1304 577 1588 631 Vespasianus

89 651 249 695 solutus
279 653 348 706 sit,
380 664 570 707 quaeque
600 664 653 693 ex
679 663 842 706 quaque
871 651 983 706 lege,
1015 652 1240 707 rogatione
1272 651 1411 693 divum
1441 652 1592 706 Augu-

88 732 195 771 stum
250 727 516 770 Tiberiumve
565 727 710 768 Iulium
768 726 991 768 Caesarem
1044 727 1277 781 Augustum
1330 726 1594 768 Tiberiumve

90 802 307 845 Claudium
347 802 568 845 Caesarem
607 802 840 856 Augustum
886 801 1180 843 Germanicum
1214 801 1357 843 facere
1394 802 1589 855 oportuit,

89 889 140 920 ea
189 878 330 920 omnia
379 877 624 932 Imperatori
673 876 846 918 Caesari
892 875 1151 930 Vespasiano
1202 876 1394 932 Augusto
1450 875 1594 918 facere

89 951 244 994 liceat:
1289 1005 1292 1008 ῃ

204 1025 362 1080 utique,
394 1037 666 1079 quaeeunque
692 1029 788 1067 ante
817 1025 925 1066 hanc
943 1024 1083 1079 legem
1106 1028 1298 1079 rogatam
1318 1028 1426 1077 acta,
1457 1027 1592 1079 gesta,

91 1100 277 1153 decreta,
308 1099 509 1154 imperata
540 1099 592 1142 ab
623 1099 877 1153 Imperatore
902 1099 1085 1141 Caesare
1107 1098 1365 1153 Vespasiano
1401 1099 1592 1153 Augusto

91 1174 208 1217 iussu
231 1174 483 1216 mandatuve
513 1174 602 1216 eius
637 1188 659 1216 a
692 1186 857 1228 quoque
887 1177 995 1226 sunt,
1029 1186 1078 1215 ea
1098 1173 1401 1230 perinde-iusta
1420 1176 1595 1226 rataque

91 1249 176 1292 sint
204 1263 255 1292 ac
285 1249 323 1291 si
351 1249 492 1304 populi
522 1249 710 1303 plebisve
741 1250 856 1291 iussu
887 1253 980 1290 acta
1010 1252 1164 1291 essent.
1278 1238 1285 1243 λ

647 1373 1004 1415 Sanctio.

209 1466 253 1510 Si
283 1466 375 1521 quis
405 1465 582 1508 huiusce
626 1456 734 1520 legis
773 1478 877 1520 ergo
923 1465 1127 1507 adversus
1164 1463 1310 1519 leges,
1349 1462 1595 1517 rogationes

92 1540 281 1595 plebisve
311 1541 417 1583 scita
444 1544 669 1582 senatusve
701 1539 889 1581 consulta
920 1539 1049 1590 fecit,
1099 1537 1277 1589 fecerit,
1326 1536 1445 1589 sive,
1483 1535 1595 1590 quod

93 1627 186 1657 eum
222 1627 276 1656 ex
313 1615 439 1670 lege,
483 1615 706 1669 rogatione
749 1614 938 1668 plebisve
981 1613 1087 1654 scito
1135 1615 1358 1654 senatusve
1403 1610 1594 1652 consulto

95 1685 238 1732 facere
269 1689 493 1743 oportebit,
525 1701 610 1730 non
642 1689 793 1731 fecerit
821 1688 943 1730 huius
973 1687 1080 1742 legis
1102 1698 1220 1741 ergo,
1256 1685 1298 1727 id
1324 1685 1365 1727 ei
1388 1697 1441 1726 ne
1460 1684 1596 1727 fraudi

98 1768 189 1807 esto
216 1776 325 1806 neve
355 1763 442 1817 quit
473 1763 527 1805 ob
558 1776 650 1806 eam
679 1776 768 1806 rem
798 1763 951 1818 populo
975 1762 1077 1804 dare
1109 1760 1278 1821 debeto‚
1309 1772 1417 1802 neve
1445 1759 1512 1800 cui
1541 1759 1595 1800 de

95 1852 146 1882 ea
188 1852 237 1881 re
266 1838 376 1881 actio
410 1850 519 1880 neve
559 1838 757 1881 iudicatio
803 1842 893 1881 esto
913 1869 925 1891 ,
961 1849 1069 1878 neve
1110 1835 1201 1889 quis
1244 1834 1297 1877 de
1328 1846 1378 1876 ea
1406 1847 1454 1876 re
1486 1832 1593 1888 apud

95 1920 166 1967 (se
201 1913 295 1969 ani
327 1913 468 1958 sinito.
895 1908 899 1911 ’
