1768 3216
40 989 159 1068 '44

175 245 198 272 ι
225 237 266 273 G.
294 238 353 275 93.

773 242 860 278 Car.
887 245 1044 282 43-44.

1191 215 1209 231 0

1605 247 1675 288 ist

163 354 406 399 'deficientis
436 369 513 412 per
555 358 781 414 dispositos
828 370 1023 405 cursores
1058 364 1244 407 nuntiata
1275 367 1518 420 constabat,
1563 368 1676 410 nullo

175 430 374 474 credente
405 431 468 474 sic
495 433 727 476 accelerari
761 444 866 489 quae
895 437 1024 479 tristis
1055 438 1232 481 audiret.
1267 451 1269 453 ·
1311 441 1500 495 Speciem
1538 446 1676 486 tamen

175 504 336 548 doloris
365 507 504 550 animo
536 509 732 563 vultuque
758 521 859 564 prae
890 524 937 554 sc
958 511 1061 565 tulit,
1093 522 1268 556 securus
1296 515 1376 557 iam
1407 516 1510 569 odii,
1539 518 1673 572 etqui

173 579 339 622 mitius
365 580 646 625 dissimularet
675 584 872 638 gaudium
905 596 1027 639 quam
1061 592 1226 629 metum.

1304 590 1411 631 Satis
1455 591 1674 634 constabat

171 653 282 696 lecto
314 659 562 698 test-amento
593 657 835 713 Agricolae,
871 672 951 714 quo
985 662 1238 705 coheredem
1270 664 1450 717 optimae
1485 666 1607 708 uxori
1634 670 1708 709 ets

170 727 388 782 piissimae
416 729 526 773 filiae
552 732 833 775 Domitianum
864 720 1056 790 scripsitJ
1095 736 1290 779 laetatum
1325 751 1419 780 eum
1451 739 1564 782 velut
1593 741 1676 782 ho-

137 829 141 832 «
170 813 277 846 nore
304 803 560 859 iudicioque.
620 807 718 849 Tam
748 820 874 851 caeca
905 814 946 851 et
976 816 1170 866 corrupta
1199 824 1315 854 mens
1347 813 1534 856 adsiduis
1565 815 1675 867 adu-

170 876 396 920 lationibus
427 883 530 932 erat,
564 884 608 921 ut
640 882 825 925 nesciret
852 897 875 925 a
904 884 1016 926 bono
1047 888 1166 940 patre
1197 897 1283 928 non
1315 887 1443 929 scribi
1471 888 1672 932 heredem

170 951 255 995 nisi
283 952 437 995 malum
466 954 712 1008 principem.

268 1045 270 1047 ·
303 1026 431 1069 Natus
463 1032 552 1070 erat
582 1028 785 1084 Agricola
819 1031 922 1073 Gaio
956 1032 1138 1075 Caesare
1173 1035 1336 1077 tertium
1377 1037 1549 1079 consule
1588 1038 1728 1084 idi-10

290 1192 325 1227 2.
357 1193 507 1237 speciem
524 1199 602 1240 *tum
626 1195 750 1228 vitium
777 1195 977 1231 Puteolani.

172 1242 208 1275 et
233 1232 463 1275 Puteolanus

242 1379 393 1410 ceterum
405 1386 473 1421 per
485 1386 619 1409 omnem
634 1376 860 1412 valiteulinem
873 1390 884 1412 .·

169 1423 240 1458 iam
264 1424 318 1458 sic
345 1425 464 1469 pergit
499 1429 537 1457 ut
571 1426 790 1469 suspicionis
827 1429 886 1461 in-

170 1471 267 1506 dicia
284 1471 479 1519 diligenter
500 1477 536 1507 et
557 1473 746 1508 observato
761 1475 885 1509 ordine

169 1524 376 1564 recenseat,
415 1526 489 1555 tuni
525 1523 741 1556 contrarium
774 1535 885 1570 argu-

170 1573 337 1604 mentum*
381 1570 547 1616 (speciem
596 1576 712 1605 tamen
755 1572 886 1606 doloris

170 1618 289 1664 attimo
313 1617 476 1663 vultuque
502 1630 590 1662 prae
616 1631 652 1653 se
677 1619 794 1667 tulit),
823 1631 886 1665 per

170 1676 210 1700 se
236 1665 449 1709 invalidum,
481 1666 591 1701 illatis
623 1669 796 1712 proximis
824 1681 882 1703 se-

170 1724 275 1749 cums
312 1735 357 1742 --
391 1721 517 1749 metum
550 1725 694 1760 prorsus
735 1722 885 1751 evertat.

169 1761 339 1809 Agnosce
366 1773 485 1797 curam
513 1768 547 1797 ct
573 1769 682 1798 artem
701 1766 882 1800 tradentis.

169 1811 339 1856 Disposui
363 1822 524 1846 cursores
557 1814 616 1857 qui
657 1813 774 1847 statim
808 1825 886 1848 me-

168 1864 374 1903 morantur,
414 1861 508 1894 intcr
531 1860 664 1903 ¹urbem
701 1867 735 1896 et
762 1863 884 1897 villam

167 1907 342 1943 Albanam
367 1909 476 1954 positi
503 1914 613 1944 erant.

229 2006 379 2051 optimae
403 2008 508 2041 uxori
533 2013 565 2041 et
586 2008 764 2054 piissimae
788 2009 885 2052 sillae

168 2053 434 2089 Domitianum.-
462 2055 702 2090 Domitianum
726 2056 883 2090 ‘l'heodi-

168 2112 230 2136 sce
243 2101 353 2142 redde
377 2104 480 2137 einen
506 2104 739 2139 Domitianus.
771 2105 885 2150 Quip-

168 2161 214 2196 pe
242 2150 422 2186 hominem
450 2152 639 2187 immanem
667 2154 887 2198 significavit

168 2201 382 2244 praepositis
410 2202 609 2236 conti-ariis.
644 2201 779 2236 Nomen
805 2203 883 2247 pius

169 2248 344 2282 eiusmodi
372 2253 426 2282 est
451 2249 546 2293 quod
580 2251 881 2294 comparationem

113 2309 117 2312 ·
168 2295 379 2341 plerumque
414 2306 485 2329 non
519 2297 657 2331 subeat.
712 2298 802 2331 llinc
840 2298 882 2331 ad

167 2343 358 2390 religiosas
387 2342 572 2378 Ciceronis
593 2356 697 2378 aures
715 2345 803 2378 haec
819 2356 882 2377 su-

167 2391 336 2437 perlativi
372 2392 486 2426 forma
521 2392 646 2426 odiosa
681 2397 716 2426 et
743 2393 882 2426 incom-

168 2440 272 2474 moda
301 2439 456 2475 cecidit:
491 2452 570 2475 nam
606 2451 683 2474 cum
713 2441 882 2485 scripsis-

168 2493 224 2523 set
249 2488 293 2523 Μ.
321 2489 497 2523 Antonius
523 2500 589 2523 nec
616 2488 740 2534 Lepidi
767 2491 881 2522 socie-

169 2543 274 2572 tatem
286 2537 435 2580 violare,
454 2538 603 2583 piissimi
616 2537 775 2580 hornim's,
804 2538 881 2581 ipse

168 2586 483 2631 reposuitl'liillip.
498 2586 575 2620 Xttt
592 2586 634 2621 19
645 2586 712 2620 43:
731 2591 881 2630 mpori-o

168 2645 213 2668 ne
236 2635 313 2680 pios
334 2635 480 2678 quidem,
508 2634 568 2668 sed
581 2634 753 2679 piissimos
773 2644 882 2678 quae-

169 2683 245 2725 ris‚·
274 2687 305 2716 et
332 2682 422 2726 quod
437 2682 578 2716 verbum
599 2682 737 2715 omnino
752 2681 883 2715 nullum

169 2730 209 2764 in
245 2729 368 2775 linqua
402 2728 535 2763 Latina
570 2735 646 2771 est‚·
675 2729 712 2763 id
740 2735 884 2775 propter

171 2785 266 2812 tuam
291 2778 446 2812 divinam
469 2779 633 2824 pietatem
666 2789 790 2812 ’novum
823 2779 883 2812 in-

171 2827 280 2862 ducis.
338 2826 434 2861 Ideni
482 2826 608 2861 Cicero
649 2826 883 2871 improbasset

171 2874 265 2910 haud
292 2875 401 2910 dubie
427 2875 575 2909 formam
611 2875 881 2915 strenuissimus,

173 2928 276 2969 quam
322 2922 463 2959 Tacitus
498 2922 640 2957 admisit
678 2922 720 2957 H.
748 2922 795 2957 tv
823 2922 880 2957 69.

172 2970 420 3019 Superlativus
450 2972 627 3020 piissimus
660 2975 740 3016 post
776 2970 883 3005 Cice-

1056 1199 1089 1233 4.
1118 1200 1299 1235 constabat
1328 1204 1379 1237 Γ.·
1406 1202 1615 1239 constabant
1642 1206 1677 1242 Δ

552 1242 586 1277 5.
614 1244 806 1278 testimonio
836 1244 962 1279 vitium
992 1241 1192 1282 Puteolani.

954 1390 1076 1414 rouem
1103 1391 1211 1426 saepe
1239 1382 1424 1417 admissus.
1495 1382 1548 1419 Cf.
1578 1384 1669 1419 For..

957 1428 1093 1463 cellinii
1124 1429 1267 1464 lexicon
1298 1433 1333 1464 si
1356 1442 1390 1465 v.
1419 1431 1511 1467 Pius.

1000 1501 1070 1534 nisi
1086 1501 1214 1535 malum
1229 1502 1443 1548 principem.-
1471 1503 1517 1538 cf.
1531 1503 1610 1538 xlv
1622 1505 1668 1539 31

954 1554 989 1583 et
1007 1549 1087 1583 XVI
1109 1552 1145 1586 tl
1162 1576 1170 1592 ‚
1203 1550 1263 1583 ubi
1290 1550 1380 1585 haec
1398 1563 1407 1584 ι
1434 1562 1505 1595 nec¹
1524 1552 1669 1597 defuere

953 1598 1011 1642 qui
1035 1603 1216 1631 monerent
1242 1610 1371 1644 magna
1397 1610 1441 1632 ex
1464 1606 1568 1645 parte
1600 1601 1666 1634 he-

952 1645 1069 1679 redem
1097 1646 1286 1680 Caesarem
1311 1659 1535 1692 φιτυιειιραη,
1565 1654 1668 1693 atque

952 1695 1004 1728 itu
1028 1695 1207 1739 nepotibus
1237 1696 1276 1729 de
1303 1695 1435 1740 reliquo
1471 1697 1664 1731 consulere.

953 1742 1007 1776 De
1033 1743 1228 1776 Domitiani
1256 1748 1546 1779 testamentorum
1563 1746 1667 1790 cupi-

954 1790 1037 1824 dinc
1066 1792 1258 1826 Suetonius
1286 1804 1316 1826 c.
1348 1794 1403 1828 12.

1029 1860 1113 1906 Cap.
1144 1864 1201 1897 44.
1254 1864 1391 1897 tertium
1425 1862 1586 1898 consule.-
1622 1864 1666 1898 ad

955 1909 1049 1943 hunc
1086 1921 1215 1944 annum
1257 1914 1296 1956 (a
1325 1911 1363 1946 C.
1390 1912 1456 1958 40)
1492 1913 1664 1956 proxima,

954 1959 991 1991 ut
1035 1969 1076 1992 ea
1114 1958 1296 1993 codicibus
1337 1959 1544 2004 traduntur,
1594 1969 1666 1994 non

955 2007 1195 2050 conveniunt·;
1214 2008 1298 2042 binc
1315 2013 1462 2043 auctore
1476 2008 1664 2043 Buchnero

951 2056 1102 2100 primum
1127 2056 1285 2090 seribere
1313 2055 1430 2090 conati
1446 2062 1527 2090 sunt
1545 2057 1666 2102 plures

956 2103 1123 2138 editores.
1151 2104 1221 2138 Sed
1251 2105 1329 2138 vitii
1346 2105 1449 2139 sedes
1466 2104 1566 2147 alibi,
1593 2115 1664 2139 non

954 2153 990 2185 in
1019 2152 1073 2185 liis
1101 2152 1232 2187 verbis.
1288 2153 1372 2187 Nam
1412 2165 1490 2187 cum
1516 2155 1665 2198 primum

955 2200 1141 2234 consulatu
1169 2202 1311 2235 functus
1340 2206 1394 2234 cst
1411 2201 1516 2235 Gaius
1535 2201 1665 2235 Caesar

955 2259 1047 2281 anno
1076 2254 1154 2292 post
1194 2249 1275 2282 Chr.
1316 2260 1348 2281 n.
1378 2250 1445 2289 37,
1484 2250 1560 2292 ipse
1593 2259 1664 2282 non

955 2297 1023 2329 suit
1037 2297 1235 2330 ordinarius
1255 2296 1378 2329 consul
1400 2296 1462 2329 sed
1481 2297 1663 2339 suffectus,

954 2344 1122 2376 ordinarii
1151 2348 1267 2376 antem
1296 2343 1358 2376 illo
1391 2352 1483 2376 anuo
1519 2343 1665 2377 fuerunt

954 2391 1170 2424 Acerronius
1219 2390 1389 2424 Proculus
1437 2395 1471 2424 et
1519 2391 1664 2425 Pontius

954 2439 1122 2484 Nigrinus
1163 2442 1214 2483 (v.
1257 2439 1417 2473 Suetonii
1461 2437 1576 2485 Calig.
1609 2440 1663 2481 17,

955 2487 1080 2521 Dionis
1100 2487 1174 2521 th
1188 2487 1251 2533 (ῆς
1280 2487 1314 2520 hi
1333 2488 1443 2533 igitur
1458 2487 1663 2535 nominandi

955 2541 1073 2579 erant,
1115 2537 1142 2568 si
1179 2534 1348 2581 Agricola
1384 2545 1476 2569 anno
1514 2534 1585 2571 790
1620 2535 1663 2569 ab

955 2583 1040 2618 urbe
1069 2596 1099 2618 c.
1126 2597 1169 2613 =
1196 2584 1240 2619 37
1269 2584 1370 2617 uatus
1408 2588 1514 2617 esset.
1566 2583 1662 2616 ldem

954 2631 1119 2678 Caligula
1148 2633 1289 2666 nonnisi
1319 2633 1460 2666 tertium
1494 2629 1663 2664 consula-

954 2685 1025 2714 tum
1054 2686 1087 2715 et
1115 2686 1274 2726 quartum
1304 2681 1381 2713 sinc
1403 2678 1545 2723 collega
1562 2677 1662 2721 adiit,

955 2730 989 2763 iu
1017 2729 1129 2773 primo
1165 2727 1349 2762 Claudium
1384 2726 1560 2770 collegam
1596 2725 1663 2759 lia-

953 2777 1028 2810 buit
1053 2778 1214 2821 (Sueten.
1243 2774 1358 2819 Calig.
1392 2774 1456 2814 15,
1494 2773 1561 2807 Dio
1588 2772 1662 2808 le

953 2827 1009 2870 6),
1037 2826 1096 2871 qui
1123 2824 1226 2858 simul
1255 2821 1487 2855 nominandus
1515 2825 1601 2863 erut,
1632 2822 1662 2855 si

955 2873 1016 2906 illc
1050 2882 1162 2905 annus
1198 2870 1371 2905 indicatus
1408 2873 1514 2903 esset.
1564 2868 1663 2904 Bene

953 2922 1090 2954 monuit
1115 2919 1261 2953 Wexins
1286 2920 1321 2953 in
1351 2918 1612 2964 programmate
1630 2927 1662 2952 a.

957 2969 1048 3004 1845
1073 2978 1107 3014 p.
1139 2967 1182 3003 16
1206 2978 1258 3014 sq.
