<?xml version="1.0" encoding="UTF-8"?>
<!DOCTYPE html PUBLIC "-//W3C//DTD XHTML 1.0 Transitional//EN"
    "http://www.w3.org/TR/xhtml1/DTD/xhtml1-transitional.dtd">
<html xmlns="http://www.w3.org/1999/xhtml" xml:lang="en" lang="en">
 <head>
  <title>
</title>
<meta http-equiv="Content-Type" content="text/html;charset=utf-8" />
  <meta name='ocr-system' content='tesseract 3.04.00' />
  <meta name='ocr-capabilities' content='ocr_page ocr_carea ocr_par ocr_line ocrx_word'/>
</head>
<body>
  <div class='ocr_page' id='page_1' title='image "./operaadcodicesan03taciuoft/operaadcodicesan03taciuoft_0607.png"; bbox 0 0 1768 3216; ppageno 0'>
   <div class='ocr_carea' id='block_1_1' title="bbox 788 259 1666 302">
    <p class='ocr_par' dir='ltr' id='par_1_1' title="bbox 788 259 1666 302">
     <span class='ocr_line' id='line_1_1' title="bbox 788 259 1666 302; baseline 0.009 -8"><span class='ocrx_word' id='word_1_1' title='bbox 788 259 876 295; x_wconf 66' lang='lat' dir='ltr'>Gn.</span> <span class='ocrx_word' id='word_1_2' title='bbox 902 262 1011 297; x_wconf 84' lang='lat'><strong>2—3.</strong></span> <span class='ocrx_word' id='word_1_3' title='bbox 1593 267 1666 302; x_wconf 76' lang='lat'>165</span> 
     </span>
    </p>
   </div>
   <div class='ocr_carea' id='block_1_2' title="bbox 106 371 1710 1407">
    <p class='ocr_par' dir='ltr' id='par_1_2' title="bbox 306 371 1666 435">
     <span class='ocr_line' id='line_1_2' title="bbox 306 371 1666 435; baseline 0.011 -22"><span class='ocrx_word' id='word_1_4' title='bbox 306 371 405 415; x_wconf 86' lang='lat' dir='ltr'>Tum</span> <span class='ocrx_word' id='word_1_5' title='bbox 436 373 668 428; x_wconf 83' lang='lat' dir='ltr'>Secundus,</span> <span class='ocrx_word' id='word_1_6' title='bbox 696 376 861 419; x_wconf 79' lang='lat' dir='ltr'>Nihilne</span> <span class='ocrx_word' id='word_1_7' title='bbox 891 382 946 430; x_wconf 85' lang='lat' dir='ltr'>te,</span> <span class='ocrx_word' id='word_1_8' title='bbox 979 379 1123 433; x_wconf 86' lang='lat' dir='ltr'>inquit,</span> <span class='ocrx_word' id='word_1_9' title='bbox 1154 381 1352 435; x_wconf 78' lang='lat' dir='ltr'>Materne,</span> <span class='ocrx_word' id='word_1_10' title='bbox 1384 383 1548 427; x_wconf 84' lang='lat' dir='ltr'>fabulae</span> <span class='ocrx_word' id='word_1_11' title='bbox 1573 397 1666 428; x_wconf 84' lang='lat' dir='ltr'>ma-</span> 
     </span>
    </p>

    <p class='ocr_par' dir='ltr' id='par_1_3' title="bbox 106 441 1665 504">
     <span class='ocr_line' id='line_1_3' title="bbox 106 441 1665 504; baseline 0.01 -18"><span class='ocrx_word' id='word_1_12' title='bbox 106 441 110 444; x_wconf 36' lang='lat'>*</span> <span class='ocrx_word' id='word_1_13' title='bbox 169 445 377 502; x_wconf 84' lang='lat' dir='ltr'>lignorum</span> <span class='ocrx_word' id='word_1_14' title='bbox 409 452 583 502; x_wconf 82' lang='lat' dir='ltr'>terrent,</span> <span class='ocrx_word' id='word_1_15' title='bbox 615 462 695 504; x_wconf 89' lang='lat' dir='ltr'>quo</span> <span class='ocrx_word' id='word_1_16' title='bbox 726 452 860 493; x_wconf 91' lang='lat' dir='ltr'>minus</span> <span class='ocrx_word' id='word_1_17' title='bbox 893 452 1075 496; x_wconf 83' lang='lat' dir='ltr'>offensas</span> <span class='ocrx_word' id='word_1_18' title='bbox 1109 454 1277 497; x_wconf 90' lang='lat' dir='ltr'>Catonis</span> <span class='ocrx_word' id='word_1_19' title='bbox 1307 457 1364 498; x_wconf 94' lang='lat' dir='ltr'>tui</span> <span class='ocrx_word' id='word_1_20' title='bbox 1395 459 1540 501; x_wconf 84' lang='lat' dir='ltr'>ames?</span> <span class='ocrx_word' id='word_1_21' title='bbox 1597 459 1665 502; x_wconf 89' lang='lat' dir='ltr'>An</span> 
     </span>
    </p>

    <p class='ocr_par' dir='ltr' id='par_1_4' title="bbox 169 520 1665 586">
     <span class='ocr_line' id='line_1_4' title="bbox 169 520 1665 586; baseline 0.01 -25"><span class='ocrx_word' id='word_1_22' title='bbox 169 521 265 563; x_wconf 89' lang='lat' dir='ltr'>ideo</span> <span class='ocrx_word' id='word_1_23' title='bbox 299 520 447 564; x_wconf 89' lang='lat' dir='ltr'>librum</span> <span class='ocrx_word' id='word_1_24' title='bbox 479 523 600 565; x_wconf 90' lang='lat' dir='ltr'>istum</span> <span class='ocrx_word' id='word_1_25' title='bbox 631 525 956 579; x_wconf 75' lang='lat' dir='ltr'>adpreliendisti‚</span> <span class='ocrx_word' id='word_1_26' title='bbox 989 532 1032 569; x_wconf 89' lang='lat' dir='ltr'>ut</span> <span class='ocrx_word' id='word_1_27' title='bbox 1064 529 1304 584; x_wconf 88' lang='lat' dir='ltr'>diligentius</span> <span class='ocrx_word' id='word_1_28' title='bbox 1325 536 1590 586; x_wconf 84' lang='lat' dir='ltr'>retractareS‚</span> <span class='ocrx_word' id='word_1_29' title='bbox 1624 539 1665 576; x_wconf 90' lang='lat' dir='ltr'>et</span> 
     </span>
    </p>

    <p class='ocr_par' dir='ltr' id='par_1_5' title="bbox 167 595 1660 661">
     <span class='ocr_line' id='line_1_5' title="bbox 167 595 1660 661; baseline 0.009 -24"><span class='ocrx_word' id='word_1_30' title='bbox 167 595 340 638; x_wconf 82' lang='lat' dir='ltr'>sublatis</span> <span class='ocrx_word' id='word_1_31' title='bbox 386 597 421 638; x_wconf 93' lang='lat' dir='ltr'>si</span> <span class='ocrx_word' id='word_1_32' title='bbox 470 610 547 652; x_wconf 81' lang='lat' dir='ltr'>qua</span> <span class='ocrx_word' id='word_1_33' title='bbox 598 611 751 652; x_wconf 88' lang='lat' dir='ltr'>pravae</span> <span class='ocrx_word' id='word_1_34' title='bbox 796 601 1129 654; x_wconf 76' lang='lat' dir='ltr'>interpretationi</span> <span class='ocrx_word' id='word_1_35' title='bbox 1175 606 1388 648; x_wconf 82' lang='lat' dir='ltr'>materiam</span> <span class='ocrx_word' id='word_1_36' title='bbox 1443 607 1660 661; x_wconf 86' lang='lat' dir='ltr'>dederunt,</span> 
     </span>
    </p>

    <p class='ocr_par' dir='ltr' id='par_1_6' title="bbox 164 669 1693 786">
     <span class='ocr_line' id='line_1_6' title="bbox 167 669 1693 729; baseline 0.009 -19"><span class='ocrx_word' id='word_1_37' title='bbox 167 669 378 713; x_wconf 84' lang='lat' dir='ltr'>emitteres</span> <span class='ocrx_word' id='word_1_38' title='bbox 420 671 619 715; x_wconf 89' lang='lat' dir='ltr'>Catonem</span> <span class='ocrx_word' id='word_1_39' title='bbox 661 686 745 715; x_wconf 91' lang='lat' dir='ltr'>non</span> <span class='ocrx_word' id='word_1_40' title='bbox 783 675 948 729; x_wconf 87' lang='lat' dir='ltr'>quidem</span> <span class='ocrx_word' id='word_1_41' title='bbox 991 677 1205 720; x_wconf 91' lang='lat' dir='ltr'>meliorem</span> <span class='ocrx_word' id='word_1_42' title='bbox 1246 680 1318 721; x_wconf 92' lang='lat' dir='ltr'>sed</span> <span class='ocrx_word' id='word_1_43' title='bbox 1360 684 1496 723; x_wconf 88' lang='lat' dir='ltr'>tamen</span> <span class='ocrx_word' id='word_1_44' title='bbox 1534 694 1693 724; x_wconf 87' lang='lat' dir='ltr'>secu-⁵</span> 
     </span>
     <span class='ocr_line' id='line_1_7' title="bbox 164 743 354 786; baseline 0.005 -1"><span class='ocrx_word' id='word_1_45' title='bbox 164 743 354 786; x_wconf 83' lang='lat' dir='ltr'>riorem?</span> 
     </span>
    </p>

    <p class='ocr_par' dir='ltr' id='par_1_7' title="bbox 156 819 1710 1234">
     <span class='ocr_line' id='line_1_8' title="bbox 300 819 1660 884; baseline 0.009 -24"><span class='ocrx_word' id='word_1_46' title='bbox 300 819 399 861; x_wconf 86' lang='lat' dir='ltr'>Tum</span> <span class='ocrx_word' id='word_1_47' title='bbox 429 820 513 873; x_wconf 87' lang='lat' dir='ltr'>ille,</span> <span class='ocrx_word' id='word_1_48' title='bbox 542 821 677 876; x_wconf 84' lang='lat' dir='ltr'>Leges</span> <span class='ocrx_word' id='word_1_49' title='bbox 710 823 806 877; x_wconf 89' lang='lat' dir='ltr'>quid</span> <span class='ocrx_word' id='word_1_50' title='bbox 825 824 1035 867; x_wconf 87' lang='lat' dir='ltr'>Maternus</span> <span class='ocrx_word' id='word_1_51' title='bbox 1052 826 1133 867; x_wconf 89' lang='lat' dir='ltr'>sibi</span> <span class='ocrx_word' id='word_1_52' title='bbox 1152 826 1356 880; x_wconf 85' lang='lat' dir='ltr'>debuerit,</span> <span class='ocrx_word' id='word_1_53' title='bbox 1389 833 1429 870; x_wconf 90' lang='lat' dir='ltr'>et</span> <span class='ocrx_word' id='word_1_54' title='bbox 1452 841 1660 884; x_wconf 83' lang='lat' dir='ltr'>agnosces</span> 
     </span>
     <span class='ocr_line' id='line_1_9' title="bbox 161 893 1657 956; baseline 0.007 -21"><span class='ocrx_word' id='word_1_55' title='bbox 161 905 268 948; x_wconf 83' lang='lat' dir='ltr'>quae</span> <span class='ocrx_word' id='word_1_56' title='bbox 298 893 464 935; x_wconf 88' lang='lat' dir='ltr'>audisti.</span> <span class='ocrx_word' id='word_1_57' title='bbox 524 896 683 944; x_wconf 87' lang='lat' dir='ltr'>Quodsi</span> <span class='ocrx_word' id='word_1_58' title='bbox 715 909 794 951; x_wconf 86' lang='lat' dir='ltr'>qua</span> <span class='ocrx_word' id='word_1_59' title='bbox 829 899 967 940; x_wconf 88' lang='lat' dir='ltr'>omisit</span> <span class='ocrx_word' id='word_1_60' title='bbox 1010 900 1135 953; x_wconf 87' lang='lat' dir='ltr'>Cato,</span> <span class='ocrx_word' id='word_1_61' title='bbox 1178 903 1369 956; x_wconf 85' lang='lat' dir='ltr'>sequenti</span> <span class='ocrx_word' id='word_1_62' title='bbox 1409 904 1657 946; x_wconf 87' lang='lat' dir='ltr'>recitatione</span> 
     </span>
     <span class='ocr_line' id='line_1_10' title="bbox 157 967 1658 1029; baseline 0.007 -21"><span class='ocrx_word' id='word_1_63' title='bbox 157 967 359 1023; x_wconf 80' lang='lat' dir='ltr'>Thyestes</span> <span class='ocrx_word' id='word_1_64' title='bbox 387 968 511 1009; x_wconf 88' lang='lat' dir='ltr'>dicet.</span> <span class='ocrx_word' id='word_1_65' title='bbox 573 969 689 1011; x_wconf 88' lang='lat' dir='ltr'>Hanc</span> <span class='ocrx_word' id='word_1_66' title='bbox 723 971 832 1012; x_wconf 86' lang='lat' dir='ltr'>enim</span> <span class='ocrx_word' id='word_1_67' title='bbox 864 973 1125 1027; x_wconf 87' lang='lat' dir='ltr'>tragoediam</span> <span class='ocrx_word' id='word_1_68' title='bbox 1157 975 1344 1029; x_wconf 88' lang='lat' dir='ltr'>disposui</span> <span class='ocrx_word' id='word_1_69' title='bbox 1374 978 1454 1017; x_wconf 89' lang='lat' dir='ltr'>iam</span> <span class='ocrx_word' id='word_1_70' title='bbox 1485 981 1526 1018; x_wconf 89' lang='lat' dir='ltr'>et</span> <span class='ocrx_word' id='word_1_71' title='bbox 1552 978 1658 1019; x_wconf 88' lang='lat' dir='ltr'>intra</span> 
     </span>
     <span class='ocr_line' id='line_1_11' title="bbox 157 1042 1710 1099; baseline 0.008 -16"><span class='ocrx_word' id='word_1_72' title='bbox 157 1055 224 1084; x_wconf 89' lang='lat' dir='ltr'>me</span> <span class='ocrx_word' id='word_1_73' title='bbox 253 1042 343 1097; x_wconf 90' lang='lat' dir='ltr'>ipse</span> <span class='ocrx_word' id='word_1_74' title='bbox 371 1043 562 1086; x_wconf 85' lang='lat' dir='ltr'>formavi.</span> <span class='ocrx_word' id='word_1_75' title='bbox 624 1045 763 1099; x_wconf 88' lang='lat' dir='ltr'>Atque</span> <span class='ocrx_word' id='word_1_76' title='bbox 791 1046 887 1088; x_wconf 86' lang='lat' dir='ltr'>ideo</span> <span class='ocrx_word' id='word_1_77' title='bbox 916 1052 1124 1090; x_wconf 88' lang='lat' dir='ltr'>maturare</span> <span class='ocrx_word' id='word_1_78' title='bbox 1155 1049 1251 1090; x_wconf 85' lang='lat' dir='ltr'>libri</span> <span class='ocrx_word' id='word_1_79' title='bbox 1277 1050 1398 1092; x_wconf 91' lang='lat' dir='ltr'>huius</span> <span class='ocrx_word' id='word_1_80' title='bbox 1431 1047 1656 1094; x_wconf 82' lang='lat' dir='ltr'>editionem</span> <span class='ocrx_word' id='word_1_81' title='bbox 1673 1067 1710 1096; x_wconf 86' lang='grc' dir='ltr'>ιο</span> 
     </span>
     <span class='ocr_line' id='line_1_12' title="bbox 156 1117 1654 1179; baseline 0.006 -21"><span class='ocrx_word' id='word_1_82' title='bbox 156 1117 325 1170; x_wconf 85' lang='lat' dir='ltr'>festino,</span> <span class='ocrx_word' id='word_1_83' title='bbox 360 1121 406 1158; x_wconf 88' lang='lat' dir='ltr'>ut</span> <span class='ocrx_word' id='word_1_84' title='bbox 433 1117 603 1160; x_wconf 85' lang='lat' dir='ltr'>dimissa</span> <span class='ocrx_word' id='word_1_85' title='bbox 633 1119 776 1173; x_wconf 90' lang='lat' dir='ltr'>priore</span> <span class='ocrx_word' id='word_1_86' title='bbox 808 1133 908 1163; x_wconf 87' lang='lat' dir='ltr'>cura</span> <span class='ocrx_word' id='word_1_87' title='bbox 939 1134 1076 1164; x_wconf 86' lang='lat' dir='ltr'>novae</span> <span class='ocrx_word' id='word_1_88' title='bbox 1107 1123 1355 1178; x_wconf 84' lang='lat' dir='ltr'>cogitationi</span> <span class='ocrx_word' id='word_1_89' title='bbox 1376 1128 1463 1166; x_wconf 90' lang='lat' dir='ltr'>toto</span> <span class='ocrx_word' id='word_1_90' title='bbox 1481 1129 1654 1179; x_wconf 86' lang='lat' dir='ltr'>pectore</span> 
     </span>
     <span class='ocr_line' id='line_1_13' title="bbox 157 1191 406 1234; baseline 0.008 -2"><span class='ocrx_word' id='word_1_91' title='bbox 157 1191 406 1234; x_wconf 82' lang='lat' dir='ltr'>incumbam.</span> 
     </span>
    </p>

    <p class='ocr_par' dir='ltr' id='par_1_8' title="bbox 155 1272 1651 1407">
     <span class='ocr_line' id='line_1_14' title="bbox 290 1272 1645 1332; baseline 0.006 -19"><span class='ocrx_word' id='word_1_92' title='bbox 290 1272 412 1314; x_wconf 88' lang='lat' dir='ltr'>Adeo</span> <span class='ocrx_word' id='word_1_93' title='bbox 442 1276 484 1314; x_wconf 93' lang='lat' dir='ltr'>te</span> <span class='ocrx_word' id='word_1_94' title='bbox 518 1273 763 1328; x_wconf 86' lang='lat' dir='ltr'>tragoediae</span> <span class='ocrx_word' id='word_1_95' title='bbox 793 1274 896 1315; x_wconf 86' lang='lat' dir='ltr'>istae</span> <span class='ocrx_word' id='word_1_96' title='bbox 927 1286 1011 1315; x_wconf 89' lang='lat' dir='ltr'>non</span> <span class='ocrx_word' id='word_1_97' title='bbox 1042 1275 1206 1328; x_wconf 88' lang='lat' dir='ltr'>satiant,</span> <span class='ocrx_word' id='word_1_98' title='bbox 1239 1276 1370 1330; x_wconf 88' lang='lat' dir='ltr'>inquit</span> <span class='ocrx_word' id='word_1_99' title='bbox 1399 1278 1527 1331; x_wconf 87' lang='lat' dir='ltr'>Aper,</span> <span class='ocrx_word' id='word_1_100' title='bbox 1565 1291 1645 1332; x_wconf 91' lang='lat' dir='ltr'>quo</span> 
     </span>
     <span class='ocr_line' id='line_1_15' title="bbox 155 1347 1651 1407; baseline 0.005 -19"><span class='ocrx_word' id='word_1_101' title='bbox 155 1347 292 1389; x_wconf 87' lang='lat' dir='ltr'>minus</span> <span class='ocrx_word' id='word_1_102' title='bbox 325 1347 491 1390; x_wconf 89' lang='lat' dir='ltr'>omissis</span> <span class='ocrx_word' id='word_1_103' title='bbox 531 1349 765 1390; x_wconf 88' lang='lat' dir='ltr'>orationum</span> <span class='ocrx_word' id='word_1_104' title='bbox 801 1353 841 1390; x_wconf 92' lang='lat' dir='ltr'>et</span> <span class='ocrx_word' id='word_1_105' title='bbox 880 1361 1099 1391; x_wconf 89' lang='lat' dir='ltr'>causarum</span> <span class='ocrx_word' id='word_1_106' title='bbox 1139 1351 1285 1392; x_wconf 89' lang='lat' dir='ltr'>studiis</span> <span class='ocrx_word' id='word_1_107' title='bbox 1327 1363 1449 1394; x_wconf 92' lang='lat' dir='ltr'>omne</span> <span class='ocrx_word' id='word_1_108' title='bbox 1494 1357 1651 1407; x_wconf 88' lang='lat' dir='ltr'>tempus</span> 
     </span>
    </p>
   </div>
   <div class='ocr_carea' id='block_1_3' title="bbox 151 1512 1654 1704">
    <p class='ocr_par' dir='ltr' id='par_1_9' title="bbox 151 1512 1654 1704">
     <span class='ocr_line' id='line_1_16' title="bbox 249 1512 1654 1559; baseline 0 -12"><span class='ocrx_word' id='word_1_109' title='bbox 249 1512 284 1547; x_wconf 83' lang='lat'>3.</span> <span class='ocrx_word' id='word_1_110' title='bbox 306 1512 568 1558; x_wconf 78' lang='lat' dir='ltr'>apprehendisti</span> <span class='ocrx_word' id='word_1_111' title='bbox 591 1512 628 1546; x_wconf 90' lang='lat' dir='ltr'>P.</span> <span class='ocrx_word' id='word_1_112' title='bbox 729 1519 940 1547; x_wconf 83' lang='lat' dir='ltr'>retrectares</span> <span class='ocrx_word' id='word_1_113' title='bbox 965 1513 1001 1547; x_wconf 94' lang='lat' dir='ltr'>P.</span> <span class='ocrx_word' id='word_1_114' title='bbox 1116 1515 1149 1548; x_wconf 93' lang='lat'>7.</span> <span class='ocrx_word' id='word_1_115' title='bbox 1177 1520 1224 1557; x_wconf 79' lang='lat' dir='ltr'>tu,</span> <span class='ocrx_word' id='word_1_116' title='bbox 1255 1515 1337 1559; x_wconf 78' lang='lat' dir='ltr'>quid</span> <span class='ocrx_word' id='word_1_117' title='bbox 1363 1515 1388 1548; x_wconf 88' lang='lat' dir='ltr'>P</span> <span class='ocrx_word' id='word_1_118' title='bbox 1416 1520 1451 1549; x_wconf 87' lang='lat' dir='ltr'>et</span> <span class='ocrx_word' id='word_1_119' title='bbox 1477 1520 1549 1550; x_wconf 88' lang='lat' dir='ltr'>tres</span> <span class='ocrx_word' id='word_1_120' title='bbox 1579 1517 1654 1551; x_wconf 86' lang='lat' dir='ltr'>Va-</span> 
     </span>
     <span class='ocr_line' id='line_1_17' title="bbox 152 1560 1651 1608; baseline 0.004 -15"><span class='ocrx_word' id='word_1_121' title='bbox 152 1561 287 1594; x_wconf 81' lang='lat' dir='ltr'>ticani:</span> <span class='ocrx_word' id='word_1_122' title='bbox 313 1560 341 1595; x_wconf 84' lang='lat' dir='ltr'>F</span> <span class='ocrx_word' id='word_1_123' title='bbox 365 1561 458 1606; x_wconf 82' lang='lat' dir='ltr'>quid.</span> <span class='ocrx_word' id='word_1_124' title='bbox 526 1562 562 1596; x_wconf 90' lang='lat'>8.</span> <span class='ocrx_word' id='word_1_125' title='bbox 591 1561 701 1595; x_wconf 79' lang='lat' dir='ltr'>emisit</span> <span class='ocrx_word' id='word_1_126' title='bbox 728 1561 796 1595; x_wconf 90' lang='lat' dir='ltr'>litt.</span> <span class='ocrx_word' id='word_1_127' title='bbox 824 1573 842 1595; x_wconf 90' lang='lat' dir='ltr'>e</span> <span class='ocrx_word' id='word_1_128' title='bbox 869 1562 912 1595; x_wconf 90' lang='lat' dir='ltr'>ab</span> <span class='ocrx_word' id='word_1_129' title='bbox 939 1562 1019 1604; x_wconf 82' lang='lat' dir='ltr'>alia,</span> <span class='ocrx_word' id='word_1_130' title='bbox 1047 1567 1085 1595; x_wconf 88' lang='lat' dir='ltr'>ut</span> <span class='ocrx_word' id='word_1_131' title='bbox 1113 1562 1266 1605; x_wconf 77' lang='lat' dir='ltr'>videtur,</span> <span class='ocrx_word' id='word_1_132' title='bbox 1294 1574 1399 1597; x_wconf 88' lang='lat' dir='ltr'>manu</span> <span class='ocrx_word' id='word_1_133' title='bbox 1424 1575 1603 1608; x_wconf 89' lang='lat' dir='ltr'>superscr.</span> <span class='ocrx_word' id='word_1_134' title='bbox 1631 1577 1651 1598; x_wconf 90' lang='lat' dir='ltr'>o</span> 
     </span>
     <span class='ocr_line' id='line_1_18' title="bbox 151 1609 1645 1655; baseline 0.003 -13"><span class='ocrx_word' id='word_1_135' title='bbox 151 1609 189 1652; x_wconf 80' lang='lat' dir='ltr'>P,</span> <span class='ocrx_word' id='word_1_136' title='bbox 218 1609 310 1643; x_wconf 80' lang='lat' dir='ltr'>misit</span> <span class='ocrx_word' id='word_1_137' title='bbox 335 1609 374 1643; x_wconf 89' lang='lat' dir='ltr'>F.</span> <span class='ocrx_word' id='word_1_138' title='bbox 438 1610 471 1644; x_wconf 90' lang='lat'>9.</span> <span class='ocrx_word' id='word_1_139' title='bbox 503 1609 652 1643; x_wconf 80' lang='lat' dir='ltr'>Tbiestes</span> <span class='ocrx_word' id='word_1_140' title='bbox 678 1609 713 1643; x_wconf 81' lang='lat' dir='ltr'>P.</span> <span class='ocrx_word' id='word_1_141' title='bbox 789 1610 985 1655; x_wconf 72' lang='lat' dir='ltr'>traqediam</span> <span class='ocrx_word' id='word_1_142' title='bbox 1009 1610 1045 1651; x_wconf 87' lang='lat' dir='ltr'>P,</span> <span class='ocrx_word' id='word_1_143' title='bbox 1072 1615 1110 1643; x_wconf 93' lang='grc' dir='ltr'>ιιι</span> <span class='ocrx_word' id='word_1_144' title='bbox 1136 1610 1212 1644; x_wconf 87' lang='lat' dir='ltr'>fere</span> <span class='ocrx_word' id='word_1_145' title='bbox 1238 1611 1343 1646; x_wconf 79' lang='lat' dir='ltr'>solet.</span> <span class='ocrx_word' id='word_1_146' title='bbox 1439 1614 1493 1647; x_wconf 87' lang='lat'>10.</span> <span class='ocrx_word' id='word_1_147' title='bbox 1521 1614 1585 1647; x_wconf 79' lang='lat' dir='ltr'>iste</span> <span class='ocrx_word' id='word_1_148' title='bbox 1610 1613 1645 1647; x_wconf 89' lang='lat' dir='ltr'>P.</span> 
     </span>
     <span class='ocr_line' id='line_1_19' title="bbox 153 1657 1574 1704; baseline 0.003 -13"><span class='ocrx_word' id='word_1_149' title='bbox 153 1659 209 1692; x_wconf 75' lang='lat'>14.</span> <span class='ocrx_word' id='word_1_150' title='bbox 238 1668 427 1692; x_wconf 83' lang='lat' dir='ltr'>causarum</span> <span class='ocrx_word' id='word_1_151' title='bbox 451 1657 500 1692; x_wconf 83' lang='lat' dir='ltr'>P:</span> <span class='ocrx_word' id='word_1_152' title='bbox 527 1658 589 1692; x_wconf 82' lang='lat' dir='ltr'>alii</span> <span class='ocrx_word' id='word_1_153' title='bbox 616 1669 796 1700; x_wconf 80' lang='lat' dir='ltr'>curarum,</span> <span class='ocrx_word' id='word_1_154' title='bbox 822 1660 883 1704; x_wconf 88' lang='lat' dir='ltr'>qui</span> <span class='ocrx_word' id='word_1_155' title='bbox 912 1669 1010 1693; x_wconf 87' lang='lat' dir='ltr'>error</span> <span class='ocrx_word' id='word_1_156' title='bbox 1036 1664 1134 1692; x_wconf 90' lang='lat' dir='ltr'>ortus</span> <span class='ocrx_word' id='word_1_157' title='bbox 1162 1670 1206 1693; x_wconf 80' lang='lat' dir='ltr'>ex</span> <span class='ocrx_word' id='word_1_158' title='bbox 1233 1660 1409 1704; x_wconf 86' lang='lat' dir='ltr'>scriptura</span> <span class='ocrx_word' id='word_1_159' title='bbox 1436 1661 1574 1696; x_wconf 70' lang='lat' dir='ltr'>cdv-um.</span> 
     </span>
    </p>
   </div>
   <div class='ocr_carea' id='block_1_4' title="bbox 147 1825 868 1968">
    <p class='ocr_par' dir='ltr' id='par_1_10' title="bbox 147 1825 868 1968">
     <span class='ocr_line' id='line_1_20' title="bbox 149 1825 868 1869; baseline -0.001 -9"><span class='ocrx_word' id='word_1_160' title='bbox 149 1825 312 1861; x_wconf 76' lang='lat' dir='ltr'>censebat</span> <span class='ocrx_word' id='word_1_161' title='bbox 340 1837 452 1869; x_wconf 83' lang='lat' dir='ltr'>suam,</span> <span class='ocrx_word' id='word_1_162' title='bbox 477 1827 508 1860; x_wconf 80' lang='lat' dir='ltr'>si</span> <span class='ocrx_word' id='word_1_163' title='bbox 533 1826 673 1860; x_wconf 78' lang='lat' dir='ltr'>omnino</span> <span class='ocrx_word' id='word_1_164' title='bbox 706 1826 868 1860; x_wconf 76' lang='lat' dir='ltr'>didicisse</span> 
     </span>
     <span class='ocr_line' id='line_1_21' title="bbox 149 1876 868 1920; baseline 0 -12"><span class='ocrx_word' id='word_1_165' title='bbox 149 1885 327 1920; x_wconf 59' lang='lat' dir='ltr'>umquam</span> <span class='ocrx_word' id='word_1_166' title='bbox 355 1880 565 1920; x_wconf 56' lang='lat' dir='ltr'>putantum</span> <span class='ocrx_word' id='word_1_167' title='bbox 605 1881 707 1919; x_wconf 85' lang='lat' dir='ltr'>atque</span> <span class='ocrx_word' id='word_1_168' title='bbox 743 1876 794 1908; x_wconf 86' lang='lat' dir='ltr'>ita</span> <span class='ocrx_word' id='word_1_169' title='bbox 832 1886 868 1907; x_wconf 87' lang='lat' dir='ltr'>se</span> 
     </span>
     <span class='ocr_line' id='line_1_22' title="bbox 147 1922 868 1968; baseline 0 -12"><span class='ocrx_word' id='word_1_170' title='bbox 147 1930 292 1968; x_wconf 78' lang='lat' dir='ltr'>uterque</span> <span class='ocrx_word' id='word_1_171' title='bbox 328 1924 528 1968; x_wconf 69' lang='lat' dir='ltr'>⁴‹p&#39;czvt&#39;orem</span> <span class='ocrx_word' id='word_1_172' title='bbox 565 1925 664 1968; x_wconf 81' lang='lat' dir='ltr'>fore,</span> <span class='ocrx_word' id='word_1_173' title='bbox 709 1924 740 1957; x_wconf 79' lang='lat' dir='ltr'>si</span> <span class='ocrx_word' id='word_1_174' title='bbox 777 1922 868 1956; x_wconf 85' lang='lat' dir='ltr'>alter</span> 
     </span>
    </p>
   </div>
   <div class='ocr_carea' id='block_1_5' title="bbox 938 1826 1652 1968">
    <p class='ocr_par' dir='ltr' id='par_1_11' title="bbox 938 1826 1652 1968">
     <span class='ocr_line' id='line_1_23' title="bbox 938 1826 1651 1873; baseline 0.004 -14"><span class='ocrx_word' id='word_1_175' title='bbox 938 1837 1062 1860; x_wconf 87' lang='lat' dir='ltr'>manae</span> <span class='ocrx_word' id='word_1_176' title='bbox 1100 1826 1268 1870; x_wconf 81' lang='lat' dir='ltr'>editionis</span> <span class='ocrx_word' id='word_1_177' title='bbox 1302 1828 1509 1861; x_wconf 88' lang='lat' dir='ltr'>coniectura</span> <span class='ocrx_word' id='word_1_178' title='bbox 1541 1829 1651 1873; x_wconf 83' lang='lat' dir='ltr'>ipsum</span> 
     </span>
     <span class='ocr_line' id='line_1_24' title="bbox 938 1875 1651 1919; baseline 0.006 -12"><span class='ocrx_word' id='word_1_179' title='bbox 938 1880 969 1907; x_wconf 90' lang='lat' dir='ltr'>et</span> <span class='ocrx_word' id='word_1_180' title='bbox 994 1886 1103 1919; x_wconf 74' lang='lat' dir='ltr'>quein,</span> <span class='ocrx_word' id='word_1_181' title='bbox 1131 1875 1194 1908; x_wconf 87' lang='lat' dir='ltr'>sed</span> <span class='ocrx_word' id='word_1_182' title='bbox 1219 1876 1271 1908; x_wconf 89' lang='lat' dir='ltr'>sic</span> <span class='ocrx_word' id='word_1_183' title='bbox 1290 1875 1468 1909; x_wconf 81' lang='lat' dir='ltr'>Maternus</span> <span class='ocrx_word' id='word_1_184' title='bbox 1497 1881 1531 1910; x_wconf 89' lang='lat' dir='ltr'>et</span> <span class='ocrx_word' id='word_1_185' title='bbox 1560 1877 1651 1911; x_wconf 88' lang='lat' dir='ltr'>liber</span> 
     </span>
     <span class='ocr_line' id='line_1_25' title="bbox 938 1923 1652 1968; baseline 0.006 -13"><span class='ocrx_word' id='word_1_186' title='bbox 938 1924 1016 1956; x_wconf 85' lang='lat' dir='ltr'>eius</span> <span class='ocrx_word' id='word_1_187' title='bbox 1046 1923 1190 1956; x_wconf 83' lang='lat' dir='ltr'>sinistre</span> <span class='ocrx_word' id='word_1_188' title='bbox 1218 1929 1490 1968; x_wconf 91' lang='lat' dir='ltr'>componuntur.</span> <span class='ocrx_word' id='word_1_189' title='bbox 1528 1925 1652 1959; x_wconf 87' lang='lat' dir='ltr'>Statim</span> 
     </span>
    </p>
   </div>
   <div class='ocr_carea' id='block_1_6' title="bbox 147 1971 868 2345">
    <p class='ocr_par' dir='ltr' id='par_1_12' title="bbox 147 1971 868 2345">
     <span class='ocr_line' id='line_1_26' title="bbox 149 1971 866 2016; baseline -0.001 -10"><span class='ocrx_word' id='word_1_190' title='bbox 149 1978 392 2014; x_wconf 76' lang='lat' dir='ltr'>contemnere,</span> <span class='ocrx_word' id='word_1_191' title='bbox 419 1971 512 2005; x_wconf 82' lang='lat' dir='ltr'>alter</span> <span class='ocrx_word' id='word_1_192' title='bbox 534 1983 579 2005; x_wconf 85' lang='lat' dir='ltr'>ne</span> <span class='ocrx_word' id='word_1_193' title='bbox 602 1983 703 2005; x_wconf 81' lang='lat' dir='ltr'>nosse</span> <span class='ocrx_word' id='word_1_194' title='bbox 730 1971 866 2016; x_wconf 77' lang='lat' dir='ltr'>quidem</span> 
     </span>
     <span class='ocr_line' id='line_1_27' title="bbox 150 2019 867 2055; baseline -0.003 0"><span class='ocrx_word' id='word_1_195' title='bbox 150 2022 306 2055; x_wconf 79' lang='lat' dir='ltr'>Graecos</span> <span class='ocrx_word' id='word_1_196' title='bbox 329 2020 519 2055; x_wconf 75' lang='lat' dir='ltr'>videretur.</span> <span class='ocrx_word' id='word_1_197' title='bbox 570 2019 666 2054; x_wconf 86' lang='lat' dir='ltr'>ldem</span> <span class='ocrx_word' id='word_1_198' title='bbox 693 2031 820 2054; x_wconf 87' lang='lat' dir='ltr'>recens</span> <span class='ocrx_word' id='word_1_199' title='bbox 847 2031 867 2053; x_wconf 84' lang='lat' dir='ltr'>a</span> 
     </span>
     <span class='ocr_line' id='line_1_28' title="bbox 148 2067 866 2112; baseline -0.004 -8"><span class='ocrx_word' id='word_1_200' title='bbox 148 2069 306 2104; x_wconf 87' lang='lat' dir='ltr'>lectione</span> <span class='ocrx_word' id='word_1_201' title='bbox 333 2067 542 2112; x_wconf 86' lang='lat' dir='ltr'>Ciceronis,</span> <span class='ocrx_word' id='word_1_202' title='bbox 583 2069 724 2102; x_wconf 89' lang='lat' dir='ltr'>initium</span> <span class='ocrx_word' id='word_1_203' title='bbox 762 2068 866 2102; x_wconf 89' lang='lat' dir='ltr'>huius</span> 
     </span>
     <span class='ocr_line' id='line_1_29' title="bbox 147 2117 868 2164; baseline -0.001 -13"><span class='ocrx_word' id='word_1_204' title='bbox 147 2118 275 2162; x_wconf 75' lang='lat' dir='ltr'>capitis</span> <span class='ocrx_word' id='word_1_205' title='bbox 306 2117 467 2152; x_wconf 79' lang='lat' dir='ltr'>scribens</span> <span class='ocrx_word' id='word_1_206' title='bbox 513 2120 611 2164; x_wconf 81' lang='lat' dir='ltr'>(nam</span> <span class='ocrx_word' id='word_1_207' title='bbox 639 2123 778 2162; x_wconf 84' lang='lat' dir='ltr'>postero</span> <span class='ocrx_word' id='word_1_208' title='bbox 813 2117 868 2150; x_wconf 81' lang='lat' dir='ltr'>die</span> 
     </span>
     <span class='ocr_line' id='line_1_30' title="bbox 147 2165 867 2212; baseline -0.003 -12"><span class='ocrx_word' id='word_1_209' title='bbox 147 2177 250 2212; x_wconf 82' lang='lat' dir='ltr'>quam</span> <span class='ocrx_word' id='word_1_210' title='bbox 279 2187 318 2193; x_wconf 84' lang='lat'>—-</span> <span class='ocrx_word' id='word_1_211' title='bbox 336 2172 507 2200; x_wconf 77' lang='lat' dir='ltr'>venerunt</span> <span class='ocrx_word' id='word_1_212' title='bbox 533 2165 581 2199; x_wconf 87' lang='lat' dir='ltr'>ad</span> <span class='ocrx_word' id='word_1_213' title='bbox 606 2169 710 2209; x_wconf 79' lang='lat' dir='ltr'>eum),</span> <span class='ocrx_word' id='word_1_214' title='bbox 739 2177 781 2200; x_wconf 89' lang='lat' dir='ltr'>ea</span> <span class='ocrx_word' id='word_1_215' title='bbox 808 2166 867 2198; x_wconf 88' lang='lat' dir='ltr'>vi-</span> 
     </span>
     <span class='ocr_line' id='line_1_31' title="bbox 147 2215 866 2259; baseline -0.003 -11"><span class='ocrx_word' id='word_1_216' title='bbox 147 2215 251 2249; x_wconf 90' lang='lat' dir='ltr'>detur</span> <span class='ocrx_word' id='word_1_217' title='bbox 278 2215 506 2258; x_wconf 86' lang='lat' dir='ltr'>respexisse,</span> <span class='ocrx_word' id='word_1_218' title='bbox 551 2225 642 2259; x_wconf 87' lang='lat' dir='ltr'>quae</span> <span class='ocrx_word' id='word_1_219' title='bbox 684 2215 720 2247; x_wconf 88' lang='lat' dir='ltr'>in</span> <span class='ocrx_word' id='word_1_220' title='bbox 753 2215 866 2258; x_wconf 90' lang='lat' dir='ltr'>primo</span> 
     </span>
     <span class='ocr_line' id='line_1_32' title="bbox 148 2262 864 2307; baseline -0.004 -10"><span class='ocrx_word' id='word_1_221' title='bbox 148 2263 239 2297; x_wconf 90' lang='lat' dir='ltr'>libro</span> <span class='ocrx_word' id='word_1_222' title='bbox 270 2263 311 2295; x_wconf 85' lang='lat' dir='ltr'>de</span> <span class='ocrx_word' id='word_1_223' title='bbox 338 2263 390 2297; x_wconf 86' lang='lat' dir='ltr'>Re</span> <span class='ocrx_word' id='word_1_224' title='bbox 414 2262 508 2307; x_wconf 83' lang='lat' dir='ltr'>publ.</span> <span class='ocrx_word' id='word_1_225' title='bbox 537 2274 567 2296; x_wconf 86' lang='lat' dir='ltr'>c.</span> <span class='ocrx_word' id='word_1_226' title='bbox 591 2263 625 2297; x_wconf 87' lang='lat'>9.</span> <span class='ocrx_word' id='word_1_227' title='bbox 664 2262 717 2295; x_wconf 81' lang='lat' dir='ltr'>Cf.</span> <span class='ocrx_word' id='word_1_228' title='bbox 745 2267 864 2295; x_wconf 84' lang='lat' dir='ltr'>annot.</span> 
     </span>
     <span class='ocr_line' id='line_1_33' title="bbox 148 2311 313 2345; baseline 0 -1"><span class='ocrx_word' id='word_1_229' title='bbox 148 2311 190 2344; x_wconf 85' lang='lat' dir='ltr'>ad</span> <span class='ocrx_word' id='word_1_230' title='bbox 222 2323 252 2344; x_wconf 88' lang='lat' dir='ltr'>c.</span> <span class='ocrx_word' id='word_1_231' title='bbox 279 2311 313 2345; x_wconf 86' lang='lat'>5.</span> 
     </span>
    </p>
   </div>
   <div class='ocr_carea' id='block_1_7' title="bbox 147 2405 865 3029">
    <p class='ocr_par' dir='ltr' id='par_1_13' title="bbox 147 2405 865 3029">
     <span class='ocr_line' id='line_1_34' title="bbox 219 2405 863 2450; baseline -0.005 -10"><span class='ocrx_word' id='word_1_232' title='bbox 219 2406 304 2450; x_wconf 82' lang='lat' dir='ltr'>Cap.</span> <span class='ocrx_word' id='word_1_233' title='bbox 332 2407 366 2440; x_wconf 84' lang='lat'>3.</span> <span class='ocrx_word' id='word_1_234' title='bbox 420 2406 596 2450; x_wconf 82' lang='lat' dir='ltr'>ipsumque</span> <span class='ocrx_word' id='word_1_235' title='bbox 624 2416 721 2449; x_wconf 85' lang='lat' dir='ltr'>quem</span> <span class='ocrx_word' id='word_1_236' title='bbox 748 2405 863 2449; x_wconf 84' lang='lat' dir='ltr'>pridie</span> 
     </span>
     <span class='ocr_line' id='line_1_35' title="bbox 148 2453 864 2498; baseline -0.003 -10"><span class='ocrx_word' id='word_1_237' title='bbox 148 2476 194 2482; x_wconf 79' lang='lat'>-—</span> <span class='ocrx_word' id='word_1_238' title='bbox 228 2456 326 2488; x_wconf 77' lang='lat' dir='ltr'>iutra</span> <span class='ocrx_word' id='word_1_239' title='bbox 362 2465 485 2487; x_wconf 81' lang='lat' dir='ltr'>manas</span> <span class='ocrx_word' id='word_1_240' title='bbox 519 2454 699 2487; x_wconf 79' lang='lat' dir='ltr'>habentem</span> <span class='ocrx_word' id='word_1_241' title='bbox 739 2453 864 2498; x_wconf 80' lang='lat' dir='ltr'>depre-</span> 
     </span>
     <span class='ocr_line' id='line_1_36' title="bbox 147 2502 865 2548; baseline -0.003 -11"><span class='ocrx_word' id='word_1_242' title='bbox 147 2504 349 2538; x_wconf 78' lang='lat' dir='ltr'>hendimus.-</span> <span class='ocrx_word' id='word_1_243' title='bbox 393 2502 562 2536; x_wconf 83' lang='lat' dir='ltr'>enclitica</span> <span class='ocrx_word' id='word_1_244' title='bbox 599 2513 663 2546; x_wconf 84' lang='lat' dir='ltr'>que</span> <span class='ocrx_word' id='word_1_245' title='bbox 690 2502 754 2548; x_wconf 69' lang='lat' dir='ltr'>(qi)</span> <span class='ocrx_word' id='word_1_246' title='bbox 782 2506 865 2535; x_wconf 84' lang='lat' dir='ltr'>autc</span> 
     </span>
     <span class='ocr_line' id='line_1_37' title="bbox 148 2551 865 2597; baseline -0.006 -11"><span class='ocrx_word' id='word_1_247' title='bbox 148 2553 345 2597; x_wconf 81' lang='lat' dir='ltr'>proximum</span> <span class='ocrx_word' id='word_1_248' title='bbox 384 2561 579 2595; x_wconf 80' lang='lat' dir='ltr'>pronomen</span> <span class='ocrx_word' id='word_1_249' title='bbox 619 2562 716 2594; x_wconf 84' lang='lat' dir='ltr'>quem</span> <span class='ocrx_word' id='word_1_250' title='bbox 765 2551 865 2595; x_wconf 66' lang='lat' dir='ltr'>(que)</span> 
     </span>
     <span class='ocr_line' id='line_1_38' title="bbox 148 2597 865 2634; baseline -0.003 0"><span class='ocrx_word' id='word_1_251' title='bbox 148 2602 277 2634; x_wconf 83' lang='lat' dir='ltr'>omissa</span> <span class='ocrx_word' id='word_1_252' title='bbox 305 2605 359 2633; x_wconf 84' lang='lat' dir='ltr'>est</span> <span class='ocrx_word' id='word_1_253' title='bbox 394 2605 429 2632; x_wconf 88' lang='lat' dir='ltr'>ct</span> <span class='ocrx_word' id='word_1_254' title='bbox 468 2598 665 2632; x_wconf 82' lang='lat' dir='ltr'>oblitterari</span> <span class='ocrx_word' id='word_1_255' title='bbox 693 2597 865 2632; x_wconf 76' lang='lat' dir='ltr'>facillime</span> 
     </span>
     <span class='ocr_line' id='line_1_39' title="bbox 147 2646 865 2693; baseline -0.004 -11"><span class='ocrx_word' id='word_1_256' title='bbox 147 2650 275 2693; x_wconf 86' lang='lat' dir='ltr'>potuit.</span> <span class='ocrx_word' id='word_1_257' title='bbox 308 2648 345 2680; x_wconf 88' lang='lat' dir='ltr'>ln</span> <span class='ocrx_word' id='word_1_258' title='bbox 369 2648 495 2680; x_wconf 81' lang='lat' dir='ltr'>tradita</span> <span class='ocrx_word' id='word_1_259' title='bbox 526 2658 588 2690; x_wconf 84' lang='lat' dir='ltr'>per</span> <span class='ocrx_word' id='word_1_260' title='bbox 605 2646 747 2680; x_wconf 85' lang='lat' dir='ltr'>codices</span> <span class='ocrx_word' id='word_1_261' title='bbox 774 2647 865 2679; x_wconf 90' lang='lat' dir='ltr'>scri-</span> 
     </span>
     <span class='ocr_line' id='line_1_40' title="bbox 148 2694 865 2740; baseline -0.008 -10"><span class='ocrx_word' id='word_1_262' title='bbox 148 2701 250 2740; x_wconf 87' lang='lat' dir='ltr'>ptura</span> <span class='ocrx_word' id='word_1_263' title='bbox 288 2695 475 2739; x_wconf 79' lang='lat' dir='ltr'>(sedentem</span> <span class='ocrx_word' id='word_1_264' title='bbox 508 2695 619 2739; x_wconf 78' lang='lat' dir='ltr'>ipsum</span> <span class='ocrx_word' id='word_1_265' title='bbox 643 2696 754 2738; x_wconf 81' lang='lat' dir='ltr'>quem)</span> <span class='ocrx_word' id='word_1_266' title='bbox 791 2694 865 2727; x_wconf 79' lang='lat' dir='ltr'>Ro-</span> 
     </span>
     <span class='ocr_line' id='line_1_41' title="bbox 148 2741 865 2784; baseline -0.006 -6"><span class='ocrx_word' id='word_1_267' title='bbox 148 2754 271 2778; x_wconf 81' lang='lat' dir='ltr'>manus</span> <span class='ocrx_word' id='word_1_268' title='bbox 299 2744 435 2784; x_wconf 85' lang='lat' dir='ltr'>lector,</span> <span class='ocrx_word' id='word_1_269' title='bbox 472 2744 528 2776; x_wconf 89' lang='lat' dir='ltr'>cui</span> <span class='ocrx_word' id='word_1_270' title='bbox 559 2742 680 2776; x_wconf 82' lang='lat' dir='ltr'>deerat</span> <span class='ocrx_word' id='word_1_271' title='bbox 711 2741 865 2775; x_wconf 86' lang='lat' dir='ltr'>admini-</span> 
     </span>
     <span class='ocr_line' id='line_1_42' title="bbox 149 2791 864 2836; baseline -0.011 -9"><span class='ocrx_word' id='word_1_272' title='bbox 149 2793 266 2827; x_wconf 82' lang='lat' dir='ltr'>culum</span> <span class='ocrx_word' id='word_1_273' title='bbox 284 2791 582 2836; x_wconf 83' lang='lat' dir='ltr'>interpunctionis</span> <span class='ocrx_word' id='word_1_274' title='bbox 603 2792 696 2823; x_wconf 87' lang='lat' dir='ltr'>notis</span> <span class='ocrx_word' id='word_1_275' title='bbox 715 2801 864 2834; x_wconf 83' lang='lat' dir='ltr'>expres-</span> 
     </span>
     <span class='ocr_line' id='line_1_43' title="bbox 148 2839 864 2886; baseline -0.006 -11"><span class='ocrx_word' id='word_1_276' title='bbox 148 2852 221 2883; x_wconf 84' lang='lat' dir='ltr'>sae,</span> <span class='ocrx_word' id='word_1_277' title='bbox 248 2841 359 2886; x_wconf 76' lang='lat' dir='ltr'>ipsum</span> <span class='ocrx_word' id='word_1_278' title='bbox 385 2840 578 2874; x_wconf 82' lang='lat' dir='ltr'>Maternum</span> <span class='ocrx_word' id='word_1_279' title='bbox 607 2840 772 2883; x_wconf 86' lang='lat' dir='ltr'>accipere</span> <span class='ocrx_word' id='word_1_280' title='bbox 799 2839 864 2871; x_wconf 84' lang='lat' dir='ltr'>‹lc-</span> 
     </span>
     <span class='ocr_line' id='line_1_44' title="bbox 150 2888 863 2932; baseline -0.006 -9"><span class='ocrx_word' id='word_1_281' title='bbox 150 2891 237 2931; x_wconf 85' lang='lat' dir='ltr'>buit,</span> <span class='ocrx_word' id='word_1_282' title='bbox 265 2888 327 2922; x_wconf 84' lang='lat' dir='ltr'>scd</span> <span class='ocrx_word' id='word_1_283' title='bbox 348 2893 420 2922; x_wconf 88' lang='lat' dir='ltr'>tum</span> <span class='ocrx_word' id='word_1_284' title='bbox 440 2889 474 2921; x_wconf 92' lang='lat' dir='ltr'>in</span> <span class='ocrx_word' id='word_1_285' title='bbox 499 2888 668 2932; x_wconf 83' lang='lat' dir='ltr'>proximis</span> <span class='ocrx_word' id='word_1_286' title='bbox 688 2891 863 2920; x_wconf 82' lang='lat' dir='ltr'>structura</span> 
     </span>
     <span class='ocr_line' id='line_1_45' title="bbox 150 2936 861 2979; baseline -0.006 -7"><span class='ocrx_word' id='word_1_287' title='bbox 150 2938 339 2972; x_wconf 84' lang='lat' dir='ltr'>verborum</span> <span class='ocrx_word' id='word_1_288' title='bbox 358 2937 506 2971; x_wconf 85' lang='lat' dir='ltr'>haerere</span> <span class='ocrx_word' id='word_1_289' title='bbox 534 2936 665 2979; x_wconf 82' lang='lat' dir='ltr'>coepit,</span> <span class='ocrx_word' id='word_1_290' title='bbox 694 2937 750 2969; x_wconf 92' lang='lat' dir='ltr'>cui</span> <span class='ocrx_word' id='word_1_291' title='bbox 778 2946 861 2968; x_wconf 88' lang='lat' dir='ltr'>suc-</span> 
     </span>
     <span class='ocr_line' id='line_1_46' title="bbox 150 2983 862 3029; baseline -0.008 -8"><span class='ocrx_word' id='word_1_292' title='bbox 150 2997 292 3021; x_wconf 88' lang='lat' dir='ltr'>currere</span> <span class='ocrx_word' id='word_1_293' title='bbox 319 2985 459 3029; x_wconf 87' lang='lat' dir='ltr'>Lipsius</span> <span class='ocrx_word' id='word_1_294' title='bbox 497 2983 612 3018; x_wconf 87' lang='lat' dir='ltr'>voluit</span> <span class='ocrx_word' id='word_1_295' title='bbox 651 2984 761 3017; x_wconf 86' lang='lat' dir='ltr'>ascita</span> <span class='ocrx_word' id='word_1_296' title='bbox 790 2983 862 3017; x_wconf 79' lang='lat' dir='ltr'>Ro-</span> 
     </span>
    </p>
   </div>
   <div class='ocr_carea' id='block_1_8' title="bbox 934 1971 1654 2690">
    <p class='ocr_par' dir='ltr' id='par_1_14' title="bbox 937 1971 1652 2065">
     <span class='ocr_line' id='line_1_47' title="bbox 937 1971 1652 2017; baseline 0.004 -13"><span class='ocrx_word' id='word_1_297' title='bbox 937 1971 1035 2004; x_wconf 81' lang='lat' dir='ltr'>intra.</span> <span class='ocrx_word' id='word_1_298' title='bbox 1055 1983 1178 2005; x_wconf 81' lang='lat' dir='ltr'>manus</span> <span class='ocrx_word' id='word_1_299' title='bbox 1207 1982 1301 2005; x_wconf 88' lang='lat' dir='ltr'>nove</span> <span class='ocrx_word' id='word_1_300' title='bbox 1328 1972 1460 2006; x_wconf 90' lang='lat' dir='ltr'>dictum</span> <span class='ocrx_word' id='word_1_301' title='bbox 1486 1983 1548 2017; x_wconf 87' lang='lat' dir='ltr'>pro</span> <span class='ocrx_word' id='word_1_302' title='bbox 1568 1974 1652 2007; x_wconf 83' lang='lat' dir='ltr'>vul-</span> 
     </span>
     <span class='ocr_line' id='line_1_48' title="bbox 938 2021 1592 2065; baseline 0.005 -12"><span class='ocrx_word' id='word_1_303' title='bbox 938 2021 1014 2065; x_wconf 86' lang='lat' dir='ltr'>gari</span> <span class='ocrx_word' id='word_1_304' title='bbox 1043 2021 1136 2053; x_wconf 79' lang='lat' dir='ltr'>inter</span> <span class='ocrx_word' id='word_1_305' title='bbox 1160 2031 1295 2062; x_wconf 65' lang='lat' dir='ltr'>uranus,</span> <span class='ocrx_word' id='word_1_306' title='bbox 1324 2026 1362 2054; x_wconf 89' lang='lat' dir='ltr'>ut</span> <span class='ocrx_word' id='word_1_307' title='bbox 1388 2026 1442 2055; x_wconf 87' lang='lat' dir='ltr'>est</span> <span class='ocrx_word' id='word_1_308' title='bbox 1469 2021 1515 2054; x_wconf 90' lang='lat'>111</span> <span class='ocrx_word' id='word_1_309' title='bbox 1539 2022 1592 2056; x_wconf 89' lang='grc'>16.</span> 
     </span>
    </p>

    <p class='ocr_par' dir='ltr' id='par_1_15' title="bbox 935 2069 1654 2353">
     <span class='ocr_line' id='line_1_49' title="bbox 1008 2069 1654 2115; baseline 0.002 -13"><span class='ocrx_word' id='word_1_310' title='bbox 1008 2069 1070 2102; x_wconf 79' lang='lat' dir='ltr'>sed</span> <span class='ocrx_word' id='word_1_311' title='bbox 1094 2074 1211 2102; x_wconf 83' lang='lat' dir='ltr'>tamen</span> <span class='ocrx_word' id='word_1_312' title='bbox 1236 2070 1470 2103; x_wconf 82' lang='lat' dir='ltr'>securiorem:</span> <span class='ocrx_word' id='word_1_313' title='bbox 1500 2071 1560 2115; x_wconf 91' lang='lat' dir='ltr'>qui</span> <span class='ocrx_word' id='word_1_314' title='bbox 1587 2081 1654 2103; x_wconf 85' lang='lat' dir='ltr'>au-</span> 
     </span>
     <span class='ocr_line' id='line_1_50' title="bbox 938 2116 1651 2152; baseline 0.003 -3"><span class='ocrx_word' id='word_1_315' title='bbox 938 2117 1027 2150; x_wconf 89' lang='lat' dir='ltr'>ctori</span> <span class='ocrx_word' id='word_1_316' title='bbox 1054 2118 1170 2150; x_wconf 86' lang='lat' dir='ltr'>minus</span> <span class='ocrx_word' id='word_1_317' title='bbox 1198 2128 1358 2151; x_wconf 87' lang='lat' dir='ltr'>curarum</span> <span class='ocrx_word' id='word_1_318' title='bbox 1387 2119 1532 2152; x_wconf 84' lang='lat' dir='ltr'>excitet.</span> <span class='ocrx_word' id='word_1_319' title='bbox 1597 2116 1651 2151; x_wconf 87' lang='lat' dir='ltr'>cf.</span> 
     </span>
     <span class='ocr_line' id='line_1_51' title="bbox 936 2164 1653 2211; baseline 0.003 -14"><span class='ocrx_word' id='word_1_320' title='bbox 936 2164 977 2198; x_wconf 86' lang='lat' dir='ltr'>H.</span> <span class='ocrx_word' id='word_1_321' title='bbox 1005 2164 1018 2198; x_wconf 92' lang='lat'>1</span> <span class='ocrx_word' id='word_1_322' title='bbox 1055 2167 1097 2198; x_wconf 86' lang='lat'>1:</span> <span class='ocrx_word' id='word_1_323' title='bbox 1132 2166 1372 2211; x_wconf 77' lang='lat' dir='ltr'>principatum</span> <span class='ocrx_word' id='word_1_324' title='bbox 1407 2166 1478 2199; x_wconf 75' lang='lat' dir='ltr'>divi</span> <span class='ocrx_word' id='word_1_325' title='bbox 1517 2166 1653 2199; x_wconf 83' lang='lat' dir='ltr'>Nervae</span> 
     </span>
     <span class='ocr_line' id='line_1_52' title="bbox 937 2214 1654 2258; baseline 0 -12"><span class='ocrx_word' id='word_1_326' title='bbox 937 2219 969 2246; x_wconf 82' lang='lat' dir='ltr'>et</span> <span class='ocrx_word' id='word_1_327' title='bbox 1015 2214 1198 2258; x_wconf 79' lang='lat' dir='ltr'>imperium</span> <span class='ocrx_word' id='word_1_328' title='bbox 1237 2214 1406 2255; x_wconf 80' lang='lat' dir='ltr'>Traiani,</span> <span class='ocrx_word' id='word_1_329' title='bbox 1458 2214 1654 2247; x_wconf 82' lang='lat' dir='ltr'>uberiorem</span> 
     </span>
     <span class='ocr_line' id='line_1_53' title="bbox 935 2262 1653 2305; baseline 0.001 -12"><span class='ocrx_word' id='word_1_330' title='bbox 935 2263 1212 2305; x_wconf 81' lang='lat' dir='ltr'>securioremque</span> <span class='ocrx_word' id='word_1_331' title='bbox 1237 2262 1422 2295; x_wconf 81' lang='lat' dir='ltr'>materiam</span> <span class='ocrx_word' id='word_1_332' title='bbox 1440 2286 1449 2302; x_wconf 91' lang='lat'><strong>‚</strong></span> <span class='ocrx_word' id='word_1_333' title='bbox 1483 2262 1653 2294; x_wconf 79' lang='lat' dir='ltr'>senectuti</span> 
     </span>
     <span class='ocr_line' id='line_1_54' title="bbox 935 2310 1082 2353; baseline 0.007 -13"><span class='ocrx_word' id='word_1_334' title='bbox 935 2310 1082 2353; x_wconf 81' lang='lat' dir='ltr'>seposui.</span> 
     </span>
    </p>

    <p class='ocr_par' dir='ltr' id='par_1_16' title="bbox 934 2355 1654 2690">
     <span class='ocr_line' id='line_1_55' title="bbox 1009 2355 1654 2399; baseline 0 -11"><span class='ocrx_word' id='word_1_335' title='bbox 1009 2356 1089 2399; x_wconf 79' lang='lat' dir='ltr'>quid</span> <span class='ocrx_word' id='word_1_336' title='bbox 1113 2356 1295 2389; x_wconf 81' lang='lat' dir='ltr'>Maternus</span> <span class='ocrx_word' id='word_1_337' title='bbox 1320 2355 1387 2388; x_wconf 82' lang='lat' dir='ltr'>sibi</span> <span class='ocrx_word' id='word_1_338' title='bbox 1413 2355 1593 2397; x_wconf 83' lang='lat' dir='ltr'>debuerit,</span> <span class='ocrx_word' id='word_1_339' title='bbox 1622 2361 1654 2389; x_wconf 90' lang='lat' dir='ltr'>et</span> 
     </span>
     <span class='ocr_line' id='line_1_56' title="bbox 934 2403 1653 2448; baseline 0 -12"><span class='ocrx_word' id='word_1_340' title='bbox 934 2415 1102 2448; x_wconf 64' lang='lat' dir='ltr'>agnosces</span> <span class='ocrx_word' id='word_1_341' title='bbox 1129 2415 1216 2447; x_wconf 85' lang='lat' dir='ltr'>quae</span> <span class='ocrx_word' id='word_1_342' title='bbox 1243 2404 1392 2436; x_wconf 81' lang='lat' dir='ltr'>audisti:</span> <span class='ocrx_word' id='word_1_343' title='bbox 1429 2403 1570 2448; x_wconf 86' lang='lat' dir='ltr'>qualem</span> <span class='ocrx_word' id='word_1_344' title='bbox 1598 2404 1653 2436; x_wconf 89' lang='lat' dir='ltr'>ci-</span> 
     </span>
     <span class='ocr_line' id='line_1_57' title="bbox 935 2451 1649 2497; baseline -0.001 -13"><span class='ocrx_word' id='word_1_345' title='bbox 935 2462 997 2485; x_wconf 84' lang='lat' dir='ltr'>ves</span> <span class='ocrx_word' id='word_1_346' title='bbox 1023 2453 1078 2484; x_wconf 88' lang='lat' dir='ltr'>sui</span> <span class='ocrx_word' id='word_1_347' title='bbox 1104 2451 1220 2485; x_wconf 84' lang='lat' dir='ltr'>adhuc</span> <span class='ocrx_word' id='word_1_348' title='bbox 1245 2452 1426 2497; x_wconf 89' lang='lat' dir='ltr'>cognitum</span> <span class='ocrx_word' id='word_1_349' title='bbox 1448 2451 1649 2494; x_wconf 85' lang='lat' dir='ltr'>habuerint,</span> 
     </span>
     <span class='ocr_line' id='line_1_58' title="bbox 935 2499 1652 2545; baseline 0 -12"><span class='ocrx_word' id='word_1_350' title='bbox 935 2500 967 2533; x_wconf 82' lang='grc' dir='ltr'>Ιι.</span> <span class='ocrx_word' id='word_1_351' title='bbox 987 2511 1019 2534; x_wconf 89' lang='lat' dir='ltr'>e.</span> <span class='ocrx_word' id='word_1_352' title='bbox 1047 2504 1188 2544; x_wconf 86' lang='lat' dir='ltr'>poetam</span> <span class='ocrx_word' id='word_1_353' title='bbox 1216 2499 1328 2533; x_wconf 88' lang='lat' dir='ltr'>libere</span> <span class='ocrx_word' id='word_1_354' title='bbox 1354 2499 1572 2545; x_wconf 87' lang='lat' dir='ltr'>loquentem,</span> <span class='ocrx_word' id='word_1_355' title='bbox 1594 2504 1652 2533; x_wconf 86' lang='lat' dir='ltr'>ta-</span> 
     </span>
     <span class='ocr_line' id='line_1_59' title="bbox 936 2547 1650 2592; baseline -0.001 -11"><span class='ocrx_word' id='word_1_356' title='bbox 936 2548 1004 2582; x_wconf 87' lang='lat' dir='ltr'>lem</span> <span class='ocrx_word' id='word_1_357' title='bbox 1057 2558 1290 2592; x_wconf 83' lang='lat' dir='ltr'>perseverare</span> <span class='ocrx_word' id='word_1_358' title='bbox 1336 2558 1374 2581; x_wconf 91' lang='lat' dir='ltr'>se</span> <span class='ocrx_word' id='word_1_359' title='bbox 1422 2547 1553 2581; x_wconf 86' lang='lat' dir='ltr'>debere</span> <span class='ocrx_word' id='word_1_360' title='bbox 1574 2573 1582 2589; x_wconf 94' lang='lat'>‚</span> <span class='ocrx_word' id='word_1_361' title='bbox 1620 2549 1650 2580; x_wconf 87' lang='lat' dir='ltr'>si</span> 
     </span>
     <span class='ocr_line' id='line_1_60' title="bbox 934 2596 1650 2640; baseline -0.001 -12"><span class='ocrx_word' id='word_1_362' title='bbox 934 2596 1034 2640; x_wconf 79' lang='lat' dir='ltr'>piobi</span> <span class='ocrx_word' id='word_1_363' title='bbox 1054 2601 1089 2630; x_wconf 84' lang='lat' dir='ltr'>et</span> <span class='ocrx_word' id='word_1_364' title='bbox 1113 2598 1310 2630; x_wconf 86' lang='lat' dir='ltr'>constantis</span> <span class='ocrx_word' id='word_1_365' title='bbox 1326 2597 1391 2629; x_wconf 89' lang='lat' dir='ltr'>viri</span> <span class='ocrx_word' id='word_1_366' title='bbox 1412 2596 1539 2629; x_wconf 85' lang='lat' dir='ltr'>famam</span> <span class='ocrx_word' id='word_1_367' title='bbox 1568 2605 1650 2628; x_wconf 90' lang='lat' dir='ltr'>sus-</span> 
     </span>
     <span class='ocr_line' id='line_1_61' title="bbox 934 2642 1650 2690; baseline -0.004 -13"><span class='ocrx_word' id='word_1_368' title='bbox 934 2646 1049 2678; x_wconf 76' lang='lat' dir='ltr'>tineie</span> <span class='ocrx_word' id='word_1_369' title='bbox 1075 2644 1175 2687; x_wconf 86' lang='lat' dir='ltr'>velit,</span> <span class='ocrx_word' id='word_1_370' title='bbox 1204 2645 1401 2690; x_wconf 86' lang='lat' dir='ltr'>profitetur.</span> <span class='ocrx_word' id='word_1_371' title='bbox 1449 2643 1532 2676; x_wconf 89' lang='lat' dir='ltr'>&#39;lum</span> <span class='ocrx_word' id='word_1_372' title='bbox 1565 2642 1650 2675; x_wconf 90' lang='lat' dir='ltr'>dicit</span> 
     </span>
    </p>
   </div>
   <div class='ocr_carea' id='block_1_9' title="bbox 933 2689 1650 2782">
    <p class='ocr_par' dir='ltr' id='par_1_17' title="bbox 933 2689 1650 2774">
     <span class='ocr_line' id='line_1_62' title="bbox 933 2689 1650 2735; baseline -0.007 -9"><span class='ocrx_word' id='word_1_373' title='bbox 933 2703 1003 2726; x_wconf 88' lang='lat' dir='ltr'>non</span> <span class='ocrx_word' id='word_1_374' title='bbox 1038 2695 1255 2727; x_wconf 88' lang='lat' dir='ltr'>securiorem</span> <span class='ocrx_word' id='word_1_375' title='bbox 1283 2693 1453 2726; x_wconf 82' lang='lat' dir='ltr'>Catonem</span> <span class='ocrx_word' id='word_1_376' title='bbox 1496 2689 1650 2735; x_wconf 83' lang='lat' dir='ltr'>evulga-</span> 
     </span>
     <span class='ocr_line' id='line_1_63' title="bbox 933 2737 1648 2782; baseline -0.007 -8"><span class='ocrx_word' id='word_1_377' title='bbox 933 2746 1005 2774; x_wconf 88' lang='lat' dir='ltr'>tum</span> <span class='ocrx_word' id='word_1_378' title='bbox 1032 2742 1102 2782; x_wconf 86' lang='lat' dir='ltr'>iri,</span> <span class='ocrx_word' id='word_1_379' title='bbox 1140 2743 1243 2774; x_wconf 88' lang='lat' dir='ltr'>immo</span> <span class='ocrx_word' id='word_1_380' title='bbox 1278 2740 1354 2773; x_wconf 81' lang='lat' dir='ltr'>fore</span> <span class='ocrx_word' id='word_1_381' title='bbox 1394 2743 1430 2771; x_wconf 90' lang='grc' dir='ltr'>ιιι</span> <span class='ocrx_word' id='word_1_382' title='bbox 1466 2737 1648 2770; x_wconf 80' lang='lat' dir='ltr'>Secundus</span> 
     </span>
    </p>
   </div>
   <div class='ocr_carea' id='block_1_10' title="bbox 931 2785 1648 3025">
    <p class='ocr_par' dir='ltr' id='par_1_18' title="bbox 931 2785 1648 3025">
     <span class='ocr_line' id='line_1_64' title="bbox 932 2785 1648 2822; baseline -0.006 0"><span class='ocrx_word' id='word_1_383' title='bbox 932 2789 1032 2822; x_wconf 85' lang='lat' dir='ltr'>locos</span> <span class='ocrx_word' id='word_1_384' title='bbox 1061 2790 1226 2822; x_wconf 70' lang='lat' dir='ltr'>fortiores</span> <span class='ocrx_word' id='word_1_385' title='bbox 1252 2793 1286 2820; x_wconf 89' lang='lat' dir='ltr'>et</span> <span class='ocrx_word' id='word_1_386' title='bbox 1307 2787 1494 2820; x_wconf 74' lang='lat' dir='ltr'>audentius</span> <span class='ocrx_word' id='word_1_387' title='bbox 1517 2785 1648 2819; x_wconf 84' lang='lat' dir='ltr'>adver-</span> 
     </span>
     <span class='ocr_line' id='line_1_65' title="bbox 931 2835 1646 2880; baseline -0.006 -10"><span class='ocrx_word' id='word_1_388' title='bbox 931 2848 990 2870; x_wconf 84' lang='lat' dir='ltr'>sus</span> <span class='ocrx_word' id='word_1_389' title='bbox 1017 2839 1213 2880; x_wconf 76' lang='lat' dir='ltr'>potentium</span> <span class='ocrx_word' id='word_1_390' title='bbox 1244 2835 1424 2868; x_wconf 84' lang='lat' dir='ltr'>libidinem</span> <span class='ocrx_word' id='word_1_391' title='bbox 1464 2835 1646 2877; x_wconf 81' lang='lat' dir='ltr'>composi-</span> 
     </span>
     <span class='ocr_line' id='line_1_66' title="bbox 935 2883 1646 2929; baseline -0.006 -12"><span class='ocrx_word' id='word_1_392' title='bbox 935 2891 987 2918; x_wconf 85' lang='lat' dir='ltr'>tos</span> <span class='ocrx_word' id='word_1_393' title='bbox 1014 2886 1104 2917; x_wconf 87' lang='lat' dir='ltr'>inter</span> <span class='ocrx_word' id='word_1_394' title='bbox 1127 2883 1317 2929; x_wconf 81' lang='lat' dir='ltr'>legendum</span> <span class='ocrx_word' id='word_1_395' title='bbox 1335 2892 1533 2928; x_wconf 86' lang='lat' dir='ltr'>agnoscere</span> <span class='ocrx_word' id='word_1_396' title='bbox 1560 2890 1646 2925; x_wconf 87' lang='lat' dir='ltr'>pos-</span> 
     </span>
     <span class='ocr_line' id='line_1_67' title="bbox 935 2929 1648 2976; baseline -0.006 -10"><span class='ocrx_word' id='word_1_397' title='bbox 935 2934 978 2966; x_wconf 85' lang='lat' dir='ltr'>sit</span> <span class='ocrx_word' id='word_1_398' title='bbox 1012 2933 1125 2974; x_wconf 86' lang='lat' dir='ltr'>tales,</span> <span class='ocrx_word' id='word_1_399' title='bbox 1161 2931 1284 2976; x_wconf 82' lang='lat' dir='ltr'>quales</span> <span class='ocrx_word' id='word_1_400' title='bbox 1324 2929 1500 2964; x_wconf 87' lang='lat' dir='ltr'>audiendo</span> <span class='ocrx_word' id='word_1_401' title='bbox 1539 2940 1648 2963; x_wconf 84' lang='lat' dir='ltr'>acce-</span> 
     </span>
     <span class='ocr_line' id='line_1_68' title="bbox 935 2981 1038 3025; baseline -0.01 -11"><span class='ocrx_word' id='word_1_402' title='bbox 935 2981 1038 3025; x_wconf 88' lang='lat' dir='ltr'>perit.</span> 
     </span>
    </p>
   </div>
  </div>
 </body>
</html>
