1768 3216
731 237 820 276 cn.
852 241 1005 279 18-2o,
1201 285 1205 287 ἡ
1562 245 1610 278 aa

59 394 62 395 ⁷
93 362 201 402 ,nec
226 363 499 407 &rrumpere
530 352 572 394 et
602 355 811 408 corrumpi
842 355 1028 397 seculum
1049 359 1237 397 vocatur.
1281 356 1428 412 Meliuffl
1448 356 1616 412 quidem

121 425 257 471 adhuc
288 439 366 470 eae
395 428 586 470 civitates
619 428 661 469 in
692 429 839 482 quibus
869 434 1024 472 tantum
1056 430 1244 485 virgines
1268 431 1426 477 nubunt
1454 435 1496 474 et
1524 444 1617 480 cum

121 512 196 554 spe
233 505 416 555 votoque
454 502 599 544 uxoris
639 503 771 544 semel
802 505 1059 559 transigitur.

1132 505 1202 547 Sic
1242 517 1366 546 unum
1409 505 1618 564 accipiunt

121 574 327 629 maritum,
363 576 575 629 quomodo
598 588 722 618 unum
755 589 907 631 corpus
937 591 1141 633 unamque
1170 579 1312 632 vitam,
1343 592 1398 621 ne
1426 579 1509 621 ulla
1539 592 1617 622 co-

121 648 269 704 gitatio
298 649 421 711 ultra²
451 662 504 692 ne
537 651 705 706 longior
734 653 940 706 cupiditas
958 685 970 706 ‚
1002 666 1055 695 ne
1080 657 1286 708 tamquam
1315 655 1505 699 maritum
1542 654 1649 704 seds

124 727 330 778 tamquam
361 725 666 769 matrimonium
698 732 850 768 ament.
897 729 1118 771 Numerum
1148 729 1375 771 liberorum
1403 729 1523 772 finire
1553 734 1622 772 aut

123 809 370 853 quemquam
401 813 454 842 ex
487 801 649 855 agnatis
679 814 835 843 necare
873 802 1075 857 flagitium
1113 803 1308 856 habetur;
1351 804 1524 858 plusque
1561 804 1619 848 ibi

53 869 224 915 2⁰honi
249 884 389 917 mores
419 873 561 915 valent
591 887 712 928 quam
745 872 843 918 alibi
886 876 1023 918 bonae
1063 876 1193 931 leges.
1254 877 1299 918 In
1340 878 1454 919 omni
1493 878 1618 923 domo

120 946 223 991 nudi
249 960 300 990 ac
329 948 492 990 sordidi
521 949 564 990 in
590 949 666 991 hos
684 954 812 1003 artus,
842 950 884 992 in
913 951 1019 992 haec
1046 963 1239 1005 corpora,
1272 963 1378 1006 quae
1407 952 1618 1007 miramur,

124 1119 303 1154 excidisse
324 1130 467 1154 versum
494 1120 538 1155 de
563 1122 757 1167 virginibus
769 1132 839 1166 po-

124 1169 231 1203 situm
259 1173 295 1203 et
319 1169 356 1202 in
384 1168 479 1203 hunc
505 1169 583 1204 fere
608 1171 750 1204 modum
777 1182 839 1204 re-

124 1216 367 1251 stituendum:
389 1217 531 1263 puellae
548 1224 643 1252 caste
663 1219 782 1253 vivant
796 1231 840 1252 ac

123 1276 243 1300 severe
268 1265 464 1313 habentmg:
506 1267 707 1312 publicatae
749 1268 840 1301 enim

125 1318 196 1348 cet.
223 1314 349 1349 Scriba
369 1325 391 1347 a
406 1315 552 1350 nomine
574 1315 715 1361 puellae
732 1316 840 1350 aber-

123 1363 217 1396 ravit
244 1361 288 1396 ad
319 1362 468 1396 verbum
503 1364 705 1409 publicatae
739 1374 841 1398 com-

125 1410 257 1455 pendio
292 1421 514 1455 expressum.
583 1412 738 1454 Nimium
773 1424 840 1446 au-

131 1464 203 1493 tem
229 1459 274 1494 de
300 1461 477 1504 pravitate
500 1471 635 1494 morum
659 1461 752 1505 apud
765 1462 840 1495 Ro-

124 1517 248 1541 manos
283 1513 402 1542 narrat
435 1508 717 1543 Doederlinius:
749 1511 840 1544 ¹110-

129 1566 312 1590 manorum
326 1558 562 1601 comparando
579 1560 744 1602 arguitur
755 1569 840 1603 pra..

126 1605 248 1647 vitas,
294 1606 389 1639 inter
427 1615 515 1650 quos
553 1606 695 1640 nobiles
734 1608 839 1641 etiam

129 1653 291 1699 virgines
316 1654 496 1688 licentiam
523 1656 636 1700 stupri
658 1655 752 1700 apud
777 1667 841 1689 ae-

129 1700 216 1735 diles
239 1702 431 1747 oulyabant
467 1702 557 1747 (vid.
585 1703 677 1739 Anu.
704 1702 735 1736 11
759 1704 841 1750 85),

129 1760 170 1784 ac
186 1754 302 1784 tamen
322 1751 468 1784 maritos
483 1751 740 1786 inveniebant'.
767 1752 842 1786 Hoc

128 1790 246 1844 neq¹ue
273 1809 294 1832 a
318 1798 439 1833 Tacito
478 1799 645 1833 traditum
682 1805 736 1834 est
775 1811 842 1834 ne-

132 1857 202 1892 que
228 1847 320 1893 apud
347 1847 455 1881 alium
471 1850 680 1892 scriptorem
694 1848 841 1894 legitur.

188 1955 271 1988 >mm
313 1949 452 1978 aetate:
493 1951 591 1979 aetas
626 1945 844 1992 intelligitur

135 1991 306 2026 iuvenilis
333 1997 369 2026 et
392 1993 530 2039 viridis,
557 1999 595 2028 ut
621 2005 729 2040 saepe
750 1993 844 2038 apud

130 2040 276 2074 Latinos
300 2043 492 2086 scriptores
511 2068 521 2085 ,
548 2045 742 2088 praecipue
775 2052 841 2076 co-

63 2101 70 2107 ·
129 2090 242 2124 inicos
266 2094 404 2135 poetas,
438 2089 539 2126 Nunc
564 2091 628 2125 itte
654 2090 841 2138 significa-

129 2142 185 2171 tus
208 2149 253 2172 ex
278 2138 457 2173 adiunctis
481 2142 701 2186 agnoscitur.
782 2151 840 2173 se-

130 2186 244 2221 culum
278 2193 443 2221 coeatur.-
482 2189 643 2223 seculum
683 2189 842 2223 breviter

131 2239 166 2268 ct
193 2245 270 2269 cum
298 2237 334 2269 vi
361 2235 493 2269 dictum
529 2248 591 2282 pro
617 2237 731 2271 seculi
760 2247 840 2270 mo-

129 2283 240 2317 ribus.
266 2283 404 2317 Seneca
429 2284 494 2328 Ep.
523 2286 572 2320 39
602 2290 718 2319 extu:
758 2291 841 2318 tuuc

131 2337 246 2364 autem
281 2337 330 2365 est
365 2339 604 2366 consummata
635 2333 839 2377 infelicitas,

130 2379 190 2413 ubi
224 2380 344 2429 tyrpia
382 2391 454 2412 non
503 2382 612 2415 solnm
647 2380 840 2421 delectant,

131 2427 193 2462 sed
217 2429 322 2476 etiarn
345 2428 499 2474 placent.
544 2429 592 2463 Ee
617 2429 743 2463 desinit
770 2439 841 2462 esse

131 2476 285 2510 remedio
327 2476 447 2519 lomes,
483 2478 544 2512 ubi
577 2489 665 2523 quae
698 2479 843 2523 fuerant

133 2525 221 2559 vitia
243 2536 359 2560 mores
382 2531 475 2559 sunt.

202 2596 323 2631 melius
348 2597 482 2641 quidem
515 2597 631 2631 adhuc
664 2607 727 2629 eae
754 2596 843 2630 civi-

133 2650 245 2679 tates:
286 2645 333 2678 cf.
362 2645 375 2678 l
402 2647 469 2680 43:
508 2645 630 2679 melius
658 2651 690 2678 et
714 2655 842 2678 aman-

135 2693 201 2726 tius
226 2693 285 2726 ille
306 2693 364 2737 qui
378 2692 532 2737 yladium
546 2693 725 2739 offerebat.
756 2692 843 2726 Par-

133 2740 243 2774 ticula
290 2740 406 2774 adhuc
455 2741 611 2787 augendi
659 2741 842 2775 notionem

134 2788 263 2831 habet,
299 2793 338 2822 ut
373 2801 403 2822 c.
432 2789 499 2824 29:
542 2790 612 2823 uisi
646 2789 736 2834 qnod
767 2790 841 2834 ipso

134 2837 250 2871 adhuc
290 2843 408 2871 terrae
442 2849 528 2871 suae
564 2837 637 2871 solo
674 2843 706 2870 et
744 2837 842 2871 caelo

131 2887 253 2919 acrius
277 2887 492 2919 animantur.
521 2885 636 2919 Etiam
663 2886 756 2929 apud
769 2886 844 2919 Ro-

133 2943 256 2967 manos
291 2934 326 2967 in
365 2934 501 2968 honore
539 2933 739 2978 sinqutaria
765 2945 843 2968 ma-

133 2983 318 3018 trimoniaz
343 2982 466 3018 Livius
493 2983 521 3018 X
548 2983 607 3019 23.
647 2981 776 3017 Paulus
799 2993 843 3017 ex

906 1122 1014 1157 Festo
1042 1133 1070 1157 s.
1091 1133 1126 1157 v.
1151 1123 1334 1168 pronuba:
1355 1123 1538 1169 pronubae
1552 1124 1620 1159 ad-

907 1172 1116 1206 hibebantur
1141 1173 1272 1218 nuptiis
1304 1184 1393 1219 quae
1420 1173 1525 1207 semel
1549 1185 1620 1208 nu-

902 1226 1068 1266 pserunt,
1111 1231 1219 1254 causa
1245 1222 1397 1266 auspicii
1426 1227 1464 1255 ut
1496 1223 1620 1267 sinqu-

907 1268 983 1302 tare
1006 1275 1206 1314 perseveret
1233 1270 1506 1304 matrimonium.
1533 1271 1618 1304 Ser-

906 1318 987 1351 vius
1013 1317 1058 1350 ad
1081 1317 1180 1362 Virg.
1198 1317 1289 1351 Aen.
1318 1317 1364 1351 lv
1383 1317 1470 1353 166:
1504 1318 1617 1355 Varro

903 1366 1101 1411 pronubam
1132 1366 1217 1398 dicit
1253 1377 1340 1410 quae
1378 1372 1461 1399 ante
1486 1377 1618 1412 nupse-

907 1415 955 1447 rit
981 1425 1134 1458 quaeque
1159 1415 1224 1447 uui
1249 1420 1383 1448 tantum
1408 1421 1518 1460 nupta
1544 1421 1618 1450 est:

907 1463 1051 1506 ideoque
1078 1463 1236 1507 auspices
1262 1462 1460 1506 deliquantur
1485 1463 1532 1496 ad
1549 1475 1619 1497 nu-

905 1512 1009 1557 ptias.
1036 1510 1132 1544 Idem
1160 1510 1203 1544 ad
1232 1511 1280 1544 tv
1305 1511 1371 1545 19:
1397 1511 1619 1557 repelleban-

908 1566 965 1594 tur
990 1570 1013 1591 a
1037 1559 1234 1593 sacerdotio
1262 1559 1314 1592 bis
1338 1566 1479 1605 nuptae.
1561 1572 1619 1594 se-

907 1608 976 1642 mel
1000 1608 1230 1652 transigitur:
1257 1607 1303 1641 cf.
1331 1610 1373 1640 A.
1403 1609 1463 1643 34⁴

984 1690 1028 1712 ne
1055 1678 1131 1712 ulla
1167 1679 1332 1724 coyitatio
1364 1677 1481 1712 ultra:
1521 1678 1618 1714 conf.

910 1726 953 1760 ad
979 1726 1020 1761 O.
1049 1729 1080 1762 1.

981 1810 1162 1832 numerum
1176 1798 1557 1842 liberorumfinire·aut
1574 1819 1618 1825 —

909 1858 1065 1881 necare.-
1114 1847 1219 1890 finire
1259 1851 1313 1880 est
1354 1847 1545 1880 terminare
1585 1851 1621 1880 et

911 1895 1077 1940 definire,
1105 1900 1143 1927 ut
1172 1893 1249 1928 >4111
1275 1894 1334 1937 38,
1363 1894 1397 1929 h.
1424 1906 1456 1928 e.
1483 1895 1621 1929 consti..

910 1949 1010 1978 tuere
1036 1948 1122 1989 quot
1149 1942 1297 1977 tollendi
1322 1943 1393 1976 sint
1410 1948 1445 1977 et
1460 1943 1620 1982 educanq

909 1993 956 2027 di.
988 1992 1074 2026 Nam
1102 1992 1146 2026 de
1173 1991 1241 2025 hac
1256 1992 1520 2034 terminatione,
1548 2002 1619 2025 non

910 2041 953 2075 de
982 2040 1198 2075 abstinentia
1224 2040 1439 2085 coniugum,
1480 2050 1620 2074 sermo-

910 2101 991 2124 nem
1019 2100 1099 2123 esse
1124 2093 1321 2122 monstrant
1350 2099 1442 2133 quae
1461 2089 1620 2133 proxime

909 2142 1107 2183 sequuntur
1132 2144 1192 2171 aut
1208 2148 1411 2181 quemquam
1437 2149 1480 2170 es:
1503 2148 1621 2182 ayna-

911 2189 954 2221 (ῖς
979 2197 1134 2220 necare.-
1172 2196 1251 2219 nam
1290 2186 1339 2218 ibi
1376 2187 1500 2229 agnati
1539 2190 1621 2218 sunt

913 2237 972 2280 qui
1006 2245 1114 2279 super
1155 2244 1340 2266 numerum
1381 2233 1518 2266 finitum
1553 2244 1621 2267 na-

911 2287 1082 2325 scuntur3
1110 2281 1153 2315 cf.
1173 2282 1215 2314 11.
1240 2282 1267 2314 V
1285 2283 1327 2315 5:
1353 2292 1484 2314 necare
1501 2292 1620 2324 quem-

912 2343 1013 2376 quam
1043 2343 1086 2364 ex
1113 2330 1254 2374 aquatis
1279 2330 1382 2372 nefas
1417 2328 1529 2373 (apud
1558 2328 1620 2362 lu-

913 2379 1050 2423 daeos).
1188 2388 1291 2421 quam
1317 2375 1403 2410 alibi
1426 2378 1538 2410 bonae
1566 2377 1620 2410 le-

911 2439 990 2473 ges.-
1031 2426 1199 2460 univcrse
1229 2430 1264 2459 et
1292 2424 1476 2459 indefinite
1501 2425 1620 2469 respi-

914 2477 962 2509 cit
992 2475 1112 2521 legem
1140 2473 1282 2518 Papiam
1308 2472 1507 2519 Poppaeam
1525 2500 1535 2517 ‚
1577 2473 1620 2507 de
1642 2494 1651 2502 ι

913 2534 982 2569 qua
1004 2534 1039 2557 v.
1067 2522 1111 2557 ad
1137 2521 1183 2556 111
1210 2523 1269 2559 25.

986 2593 1144 2638 Cap-20.
1181 2594 1269 2629 nudi
1293 2604 1337 2627 ac
1365 2593 1523 2627 sordidi:
1551 2603 1620 2625 nu-

915 2644 951 2677 ‹li
987 2643 1121 2676 dictum
1160 2642 1204 2676 de
1241 2642 1356 2676 cultus
1396 2646 1431 2675 et
1469 2641 1621 2674 vestitus

914 2692 1037 2735 inopia
1076 2691 1143 2736 (cf.
1172 2690 1214 2724 ad
1241 2702 1270 2723 c.
1298 2690 1321 2725 6
1355 2695 1390 2723 et
1421 2690 1504 2734 17),
1540 2699 1621 2721 sor-

915 2740 988 2774 didi
1014 2739 1058 2774 de
1083 2738 1279 2772 munditiae
1308 2738 1465 2778 defectu,
1490 2746 1561 2769 non
1578 2735 1622 2770 de

914 2789 1075 2832 parciore
1098 2788 1196 2820 victu
1223 2791 1259 2819 et
1280 2785 1470 2827 alimentis,
1495 2789 1534 2818 ut
1558 2795 1622 2818 ac-

915 2837 1011 2880 cepit
1037 2834 1300 2870 Doederlinius.
1405 2835 1444 2867 in
1468 2832 1530 2866 lios
1556 2843 1622 2866 ar-

915 2891 978 2925 tus,
1008 2885 1046 2916 in
1073 2884 1161 2916 haec
1185 2892 1361 2928 corpora:
1404 2881 1622 2926 praepositio

916 2937 950 2966 et
977 2942 1079 2966 casus
1108 2932 1333 2965 accusativus
1363 2931 1529 2964 effectum
1555 2929 1621 2964 de·-

916 2985 1063 3024 notant‚
1101 2985 1139 3015 ut
1178 2979 1216 3015 hi
1250 2985 1348 3015 artus
1382 2977 1622 3027 (Gtiedmaas-
