1768 3216
225 254 299 293 3⁹70
811 246 1115 286 HISTORIARVM
1496 262 1528 287 a.
1555 261 1591 289 ιι.
1616 250 1702 289 823.

227 370 363 424 Atque
392 367 552 410 interim
585 364 764 408 triennio
793 369 942 412 exacto
970 365 1230 412 Ptolemaeus
1266 377 1351 411 nen
1382 368 1586 422 studium,
1632 381 1721 413 non

224 455 370 498 preces
407 441 608 482 omittere.
680 439 932 494 Dignitatem
973 440 1230 496 legatorum,
1278 453 1492 488 numerum
1538 443 1719 497 navium,

225 518 312 559 auri
342 515 504 569 pondus
536 515 727 570 augebat.
792 515 892 558 Tum
922 515 1062 558 minax
1106 516 1234 559 facies
1277 516 1611 571 Scydrothemidi
1651 517 1723 561 of-

226 591 380 642 fertur,
425 603 478 632 ne
510 590 714 636 destinata
746 589 826 633 deo
855 590 962 634 ultra
994 595 1260 636 moraretur.·
1301 591 1573 637 Cunctantem
1602 593 1720 636 varia

193 665 430 719 spernicies
462 664 680 718 morbique
711 669 751 706 et
782 665 1001 708 manifesta
1032 666 1274 711 caelestium
1305 666 1366 711 ira
1396 667 1650 723 graviorque
1678 667 1721 711 in

223 740 312 781 dies
344 739 558 794 fatigabat.
620 739 840 783 Advocata
873 740 1074 783 contione
1104 741 1216 784 iussa
1248 741 1458 795 numinis,
1489 753 1590 785 suos
1621 742 1722 784 Pto-

224 814 456 868 lemaeique
496 814 626 867 visus,
676 815 912 870 ingruentia
951 816 1057 860 mala
1089 818 1270 871 exponit.
1334 817 1492 872 Vulgus
1532 818 1722 861 aversari

221 901 380 943 regem,
411 888 602 931 invidere
619 890 826 944 Aegypto,
859 890 938 932 sibi
967 879 1460 946 metueretemplumque
1490 892 1723 935 circumse-

223 962 335 1005 dere.
397 963 530 1006 Maior
560 963 659 1005 hinc
689 964 796 1006 fama
828 965 1000 1007 tradidit
1037 965 1160 1007 deum
1201 966 1333 1019 ipsum
1378 966 1573 1020 adpulsas
1607 966 1720 1009 litori

171 1038 341 1081 innavis
382 1042 533 1092 sponte
572 1039 890 1084 conscendisse.
962 1040 1110 1083 Mirum
1162 1040 1260 1082 inde
1302 1041 1445 1094 dictU,
1477 1041 1600 1084 tertio
1652 1040 1722 1083 dic

184 1167 186 1169 Ι
221 1116 375 1156 tantum
405 1113 531 1155 maris
564 1114 722 1157 emensi
754 1113 1056 1157 Alexandriam
1087 1114 1360 1168 adpelluntur.
1406 1115 1720 1169 Templumsspro

226 1187 513 1242 magnitudine
543 1188 659 1230 urbis
692 1192 921 1232 extructum
951 1188 1047 1231 loco
1080 1190 1144 1230 cui
1176 1202 1326 1233 nomen
1357 1188 1570 1232 Rhacotis.
1615 1189 1726 1232 Fue-

219 1266 283 1304 rat
314 1262 399 1304 illic
438 1262 635 1307 sacellum
679 1263 868 1317 Serapidi
915 1267 1036 1317 atque
1083 1263 1183 1307 Isidi
1229 1264 1451 1318 antiquitus
1497 1267 1720 1306 sacratum.

217 1337 331 1383 Haec
363 1338 415 1381 de
444 1338 609 1392 origine
642 1342 682 1380 et
712 1338 890 1381 advectu
922 1339 990 1382 dei
1020 1338 1306 1382 celeberrima.
1356 1340 1443 1383 Nec
1471 1350 1561 1382 sum
1592 1339 1718 1394 igna-

166 1423 205 1457 25
217 1423 289 1455 rus
320 1424 415 1455 esse
441 1412 644 1466 quosdam
675 1412 745 1466 qui
775 1413 965 1455 Seleucia
996 1413 1100 1455 urbe
1122 1413 1268 1467 Syriae
1288 1413 1480 1467 accitum,
1512 1418 1718 1469 regnante
1761 1431 1768 1444 ⁴

216 1485 452 1529 Ptolemaeo
485 1499 604 1540 quem
636 1488 757 1530 tertia
789 1491 903 1530 aetas
935 1487 1050 1540 tulit3
1083 1487 1152 1531 alii
1183 1492 1396 1546 auctorem
1424 1489 1600 1549 eundem
1619 1489 1719 1531 Pto..

217 1547 1053 1616 lemtffiffQWma*lranS1erit
1081 1563 1300 1617 Memphim
1321 1544 1556 1617 perhibent,
1583 1544 1723 1605 inclu-

221 1639 304 1677 tam
338 1636 436 1677 olim
469 1640 508 1677 et
549 1637 703 1678 veteris
745 1636 926 1691 Aegypti
974 1636 1178 1678 columen.
1258 1637 1388 1678 Deum
1429 1637 1559 1691 ipsum
1609 1636 1721 1678 multi

217 1709 523 1765 Aesculapium,
553 1710 662 1764 quod
686 1710 901 1753 medeatur
925 1711 1065 1766 aegris
1093 1711 1352 1767 corporibus,
1385 1711 1551 1766 quidam
1562 1711 1719 1765 Osirin,
1750 1726 1755 1733 ’

598 1771 651 1793 a*

969 1873 1003 1907 2.
1046 1871 1133 1917 §ces
1158 1869 1223 1905 Μ3.
1321 1872 1354 1906 3.
1390 1871 1497 1906 scidr.
1535 1871 1570 1906 h.
1598 1870 1624 1907 l.
1653 1869 1718 1906 Μ3.

907 1919 942 1954 6.
970 1920 1023 1953 ins
1051 1920 1211 1963 sanunis,
1238 1920 1285 1953 mi
1310 1919 1429 1953 addito
1457 1932 1501 1954 ex
1527 1929 1618 1955 corr.
1644 1918 1719 1954 Ma:

1128 1969 1160 2003 7.
1198 1967 1277 2014 υοῑ9
1279 1979 1319 2002 us
1349 1967 1407 2004 Or.
1533 1968 1723 2005 aduersari

845 2016 1099 2050 circumsedere
1126 2014 1198 2049 Μ3.
1232 2016 1481 2054 circumsidere
1508 2027 1549 2062 pr
1574 2016 1613 2051 G.
1684 2015 1719 2053 9.

1249 2064 1329 2113 qdp.
1358 2063 1432 2100 Ma:
1459 2077 1540 2112 app.
1569 2064 1608 2101 G.
1663 2064 1720 2102 14,

1085 2112 1293 2159 ptolomeum
1319 2111 1414 2149 Gmfl.

366 1873 396 1906 1.
432 1870 579 1917 ptoloms
606 1881 684 1905 cum
709 1870 774 1905 lin.
801 1870 869 1906 Μ3.

223 1919 256 1954 5.
286 1920 439 1953 mam‘sta
464 1919 538 1953 Ma·
568 1919 595 1953 G
618 1921 819 1964 manifesta.

221 1967 249 2002 G
273 1969 369 2002 iussa
394 1969 558 2002 nurninis.
656 1968 885 2014 ptolomeique
921 1967 1015 2002 GM'¹.

222 2014 324 2050 Giufi:
355 2017 510 2050 correxit
534 2016 704 2050 Muretus.
778 2016 813 2051 8.

220 2064 301 2109 adp.
329 2063 407 2098 Ma:
434 2076 513 2110 app.
542 2064 581 2099 G.
663 2066 716 2098 11.
745 2070 854 2099 tatum
878 2063 956 2098 Μ3;
984 2063 1011 2098 G
1037 2070 1182 2098 lantum.

222 2112 257 2145 di
284 2122 362 2146 cum
391 2111 454 2146 lin.
483 2110 547 2147 Μ3.
636 2113 690 2150 16.
715 2112 884 2158 ptolomeo
916 2112 1011 2147 GMfl.

294 2265 409 2301 maior
435 2263 518 2302 hinc
544 2265 643 2309 fama
670 2264 800 2299 tradit:
826 2265 937 2298 maior

222 2313 316 2348 fama
344 2319 397 2348 est
432 2320 522 2358 quae
549 2314 683 2348 maiora
711 2314 789 2347 sive
822 2312 936 2359 magis

222 2364 310 2396 mira
326 2362 442 2396 tradit.
464 2361 661 2396 Theodisce
678 2363 935 2407 interpretare:

223 2422 291 2445 von
308 2423 380 2445 mm
407 2422 455 2444 an
472 2410 608 2444 kahner
627 2411 771 2444 lautend
795 2410 936 2443 berich-

223 2465 269 2492 εει
298 2459 352 2492 die
371 2460 486 2504 Sa9e5
515 2458 560 2492 cf.
589 2460 702 2493 c.8‘2:
731 2459 838 2494 altior
856 2459 938 2493 inde

231 2506 444 2553 Vespasiano
473 2507 608 2552 cupido.

308 2557 367 2590 cui
407 2566 533 2589 nomen
565 2555 764 2589 Rhacotis.-
812 2554 936 2590 Strabo

224 2604 319 2639 XVll
350 2607 366 2639 1
395 2604 431 2647 δ.
452 2603 495 2638 6.
535 2604 741 2649 (Ῥακῶτις)
767 2607 838 2640 νῦν
866 2605 939 2650 μὲι

222 2653 287 2697 τῆς
324 2651 608 2709 Ἀλεξανδρέων
660 2652 801 2692 πόλεως
860 2655 939 2687 ἐστὶ

221 2705 339 2749 μέρος
368 2697 409 2736 τὸ
441 2701 717 2748 ὑπερκείμενον
743 2702 819 2736 τῶν
844 2713 939 2736 νευ-

223 2753 330 2794 ρίων·
375 2749 461 2786 τότε
493 2750 669 2794 (antiquis
700 2749 936 2795 temporibus)

222 2799 326 2846 κώμη
354 2799 508 2845 ὑπῆρχε.

294 2849 412 2890 suerat
440 2869 484 2873 -—
520 2847 709 2891 antiquitus
736 2851 936 2880 sacratum:

224 2894 306 2927 hinc
343 2895 474 2929 clarum
503 2895 683 2939 Serapidis
720 2895 936 2940 religionem

222 2951 293 2974 non
335 2945 521 2978 advectam
563 2954 682 2988 neque
717 2955 761 2977 ex
803 2942 938 2976 Graeca

224 2989 472 3034 Sinopensium
522 2992 668 3027 civitate
718 2991 935 3035 translatam,

1007 2261 1070 2297 sed
1095 2265 1131 2296 in
1159 2263 1234 2308 ipsa
1245 2261 1507 2308 Aegyptiorum
1535 2266 1630 2296 terra
1653 2271 1720 2295 nn-

1007 2316 1076 2345 tam
1105 2316 1141 2346 et
1167 2311 1297 2346 cultam
1324 2311 1450 2346 fuisse.
1495 2310 1619 2355 ltaque
1644 2314 1720 2345 tra-

1009 2360 1096 2394 ditio
1121 2360 1226 2394 modo
1255 2360 1420 2405 exposita
1447 2359 1634 2393 tribuenda
1660 2359 1720 2394 vi-

1008 2408 1112 2442 detur
1157 2408 1274 2442 studio
1322 2408 1535 2443 Graecorum
1576 2411 1720 2443 veteres

1007 2457 1207 2502 religiones
1245 2467 1289 2489 ex
1318 2456 1453 2490 Graeca
1479 2456 1620 2501 origine
1659 2466 1720 2489 rc-

1009 2507 1220 2548 petentium.
1249 2504 1391 2548 Serapis
1417 2503 1630 2548 velSarapis
1651 2514 1720 2543 ηομ

1008 2563 1090 2586 men
1126 2552 1358 2598 Aegyptium.
1425 2551 1635 2587 Plutarchus
1675 2552 1719 2586 de

1008 2599 1055 2634 lsi
1093 2605 1128 2634 et
1154 2599 1244 2634 Osir.
1274 2599 1345 2635 28.
1382 2600 1426 2636 οὐ
1459 2597 1536 2646 γὰρ
1571 2601 1720 2636 ἐκεῖθεν

1011 2649 1231 2692 (Σινώπης)
1273 2647 1390 2686 οὕτως
1430 2648 1720 2697 ὀνομαζόμενος
1757 2668 1761 2674 ·

1008 2702 1119 2742 ἧκεν,
1161 2697 1239 2733 ἀλλ’
1264 2699 1318 2736 εἰς
1339 2663 1650 2764 ’,»1)..·ῑξιιιίιδ()ει«τεν,Ι
1652 2710 1719 2733 κο-

1006 2749 1167 2796 μισθεὶς
1192 2741 1231 2781 τὸ
1260 2739 1355 2790 παρ’
1372 2747 1602 2805 Αἰγυπτίοις
1630 2744 1719 2784 ὄνο-

1006 2809 1062 2844 μα
1091 2800 1156 2830 τοῦ
1184 2797 1421 2834 Πλούτωνος
1446 2793 1627 2836 ἐκτήσατο
1651 2789 1719 2829 τὸν

1008 2845 1067 2880 5¹1⁵
1055 2857 1203 2890 pantu.
1230 2842 1284 2877 De
1312 2842 1468 2887 Serapeo
1495 2853 1530 2877 v.
1558 2842 1719 2879 Ammia-

1007 2903 1074 2927 nus
1103 2890 1330 2926 Marcellinus
1357 2890 1451 2924 XXII
1478 2890 1521 2926 16
1558 2891 1718 2934 §.12—

1011 2943 1066 2984 13,
1094 2940 1289 2984 Dionysius
1315 2938 1456 2985 l'erieg.
1485 2939 1568 2977 254.

1063 3001 1160 3035 quem
1186 2988 1291 3024 tertia
1316 2993 1415 3022 aetas
1439 2987 1535 3022 tulit.-
1563 2990 1618 3022 est
1630 2985 1717 3023 Pto-
