1768 3216
68 197 76 202 '
125 190 211 230 1³0.
235 193 296 230 69.

0 330 30 359 ‚t

0 330 76 414 vl

55 404 109 472 ‘t
125 389 259 438 esset,
308 398 329 427 c

0 450 43 501 42

22 1500 337 1593 mascam,

613 191 749 228 LIBER
771 193 830 229 lv.
883 192 972 230 Cn.
998 194 1107 230 3—4.

78 313 337 371 osculatum,
370 322 477 364 quae
507 310 723 352 materiam
753 309 1020 351 sermonibus
1050 311 1298 364 praebuere.
1359 310 1403 352 Si
1439 309 1627 364 privatus

332 385 888 468 uQQffl-‘t
945 385 1135 427 Potuisse
1166 385 1312 427 eadem
1341 396 1503 439 paucos
1530 388 1629 439 post

126 458 219 501 dies
249 459 347 502 loco
374 463 614 525 sentenuae
644 459 743 500 dici.
795 459 887 512 Ipsa
919 470 1085 513 quoque
1115 460 1338 501 insectatio
1360 459 1403 500 in
1419 458 1630 501 Vitellium

127 545 226 576 sera
252 538 293 575 et
319 504 647 600 sinffflffltaffi
690 533 735 575 Id
766 545 871 575 vero
905 546 1007 588 erga
1041 547 1131 575 rem
1161 535 1369 588 publicam
1389 534 1628 589 superbum,
1684 591 1691 597 .

123 620 226 663 erga
255 608 487 663 principem
518 607 880 661 contumeliosum,
914 609 1024 662 quod
1056 609 1098 650 in
1129 621 1252 651 manu
1282 621 1357 651 sua
1385 609 1515 651 fuisse
1547 609 1663 654 ἱππ-5

121 683 286 737 perium
315 683 595 737 donatumque
621 683 882 736 Vespasiano
914 683 1110 726 iactabat.

1173 684 1367 726 Ceterum
1397 683 1556 725 invidia
1587 683 1631 724 in

123 756 306 809 occulto,
341 757 525 799 adulatio
555 757 599 798 in
627 761 772 811 aperto
804 761 906 798 erat.
943 757 1071 799 Multo
1100 770 1193 799 cum
1218 758 1381 800 honore
1400 758 1626 799 verborum

98 830 313 873 ¹Muciano
341 831 604 884 triumphalia
636 831 689 872 de
724 830 835 872 bello
868 831 1022 872 civium
1057 832 1176 874 data:
1225 832 1300 874 sed
1345 833 1386 873 in
1419 833 1630 874 Sarmatas

121 905 331 959 expeditio
379 905 627 959 fingebatur.
688 905 912 946 Adduntur
963 905 1100 947 Primo
1140 907 1326 948 Antonio
1372 906 1625 957 consularia,

121 978 318 1022 Cornelio
348 979 483 1020 Fusco
515 983 557 1020 et
586 978 712 1020 Arrio
746 979 858 1022 Varo
887 980 1098 1032 praetoria
1138 981 1335 1035 insignia.
1396 980 1495 1022 Mox
1525 981 1629 1021 deos
1644 995 1683 1023 ιο

120 1065 375 1108 respexere3
404 1054 569 1095 restitui
602 1053 849 1107 Capitolium
879 1053 1049 1107 placuit.
1093 1055 1239 1109 anue
1270 1055 1408 1096 omnia
1437 1054 1630 1096 Valerius

119 1126 332 1170 Asiaticus
370 1128 518 1170 consul
559 1128 805 1183 designatus
843 1129 1029 1170 censuit:
1081 1130 1214 1170 ceteri
1251 1129 1367 1171 vultu
1406 1141 1628 1183 manuque,

119 1203 267 1258 pauci,
312 1203 461 1258 quibus
507 1203 735 1256 conspicua
782 1203 965 1257 dignitas
1014 1208 1082 1244 aut
1123 1204 1339 1258 ingenium
1388 1204 1630 1246 adulatione

125 1278 380 1330 exercitum,
430 1278 672 1331 compositis
722 1277 984 1319 orationibus
1034 1278 1388 1320 adsentiebantur.
1449 1278 1527 1320 Ubi
1577 1277 1628 1319 ad

123 1351 362 1394 Helvidium
391 1352 578 1394 Priscum
609 1356 846 1406 praetorem
888 1352 1153 1406 designatum
1192 1358 1384 1405 ventum,
1427 1353 1685 1407 prompsitis

123 1427 372 1470 sententiam
398 1431 444 1468 ut
474 1426 749 1484 honorificam
784 1427 830 1485 in
856 1426 1012 1468 bonum
1055 1428 1300 1482 principem.
1362 1427 1483 1470 Falsa
1524 1427 1631 1468 abe-

262 1567 294 1600 1.
322 1566 470 1599 senatuis
495 1562 584 1599 Ma,-

121 1613 150 1649 G
174 1619 289 1649 erant.

119 1661 193 1698 H':
225 1661 253 1696 G
268 1670 478 1708 respexere.

196 1838 371 1880 praetura
400 1833 606 1867 Domitiano
646 1839 679 1867 et
710 1844 841 1867 consu-

120 1882 198 1916 lare
227 1882 415 1928 inperium
449 1882 708 1916 decernuntur.-
746 1883 839 1917 Sue-

119 1937 193 1966 ton.
218 1930 351 1966 Domit.
382 1932 423 1965 1:
457 1930 625 1964 honorem
646 1937 840 1976 praeturae

117 1980 279 2015 urbanae
309 1978 491 2013 consulari
512 1985 683 2025 potestate
720 1990 841 2013 susce-

116 2029 170 2075 pit
195 2028 294 2062 titulo
320 2033 441 2062 tenus:
464 2039 549 2061 nam
562 2027 843 2062 iurisdictionem

120 2077 170 2111 ad
194 2076 367 2122 collegam
387 2078 587 2122 proximum
611 2076 802 2110 transtulit.

193 2124 280 2170 Cap.
307 2125 343 2160 4.
408 2137 473 2159 cur
504 2125 642 2171 publice
679 2125 843 2170 loquere-

121 2180 197 2208 tur:
233 2174 458 2208 attractionis
498 2178 534 2208 et
571 2173 842 2207 assimilationis

121 2221 185 2267 (ad
212 2223 376 2266 proxima
402 2225 433 2256 si
457 2224 616 2268 privatm
641 2227 747 2268 esset)
774 2234 842 2256 ve-

122 2271 183 2304 nia
221 2272 333 2304 utitur
370 2280 435 2314 pro
478 2281 543 2304 cur
576 2269 713 2315 publice
749 2270 845 2315 toqui

123 2317 190 2363 (cf.
219 2318 263 2352 ad
292 2317 333 2352 11.
362 2318 412 2351 lv
439 2318 519 2364 76).
574 2318 635 2352 Sic
667 2319 775 2351 etiam
806 2330 836 2352 c.

121 2366 182 2402 69.
207 2367 325 2401 Aliter
346 2377 386 2401 se
400 2365 509 2400 habet
523 2366 624 2400 11.1v
639 2365 712 2400 62:
740 2366 842 2411 quale

119 2414 210 2449 illud
232 2413 332 2450 iter?
372 2415 447 2460 quis
487 2415 558 2449 dua:
594 2415 703 2448 viae?
754 2414 839 2449 Nam

120 2463 270 2498 verbum
301 2474 380 2498 cum
407 2462 512 2507 desit,
538 2464 766 2498 accusativus
784 2463 841 2498 le-

114 2514 267 2559 'gentem
291 2512 498 2546 turbaturus
527 2517 615 2547 erat.
658 2512 754 2546 lnter
778 2523 841 2546 se-

121 2561 272 2595 cundam
305 2565 341 2594 et
376 2561 525 2604 primam
561 2561 720 2594 directae
756 2571 841 2595 ora-

122 2610 231 2642 tionis
257 2619 445 2652 personam
463 2608 583 2653 aliqua
597 2608 772 2643 dubitatio
790 2609 839 2644 x!

126 2656 173 2692 19
186 2668 250 2690 eur
261 2656 392 2690 hostem
403 2656 588 2690 conciret?
601 2660 681 2700 (cur
691 2679 737 2684 —
751 2669 840 2690 con-

124 2706 176 2738 cis
217 2708 277 2738 aut
324 2702 486 2749 enacim)
541 2704 621 2738 xtn
654 2706 728 2739 42:
771 2715 841 2750 qua

125 2753 302 2799 sapientia
335 2773 381 2779 —
417 2758 471 2785 ter
498 2752 618 2787 milies·
646 2755 841 2787 sestertium

120 2801 319 2848 paravisset
345 2801 502 2846 (paravit
531 2805 592 2834 ant
614 2799 817 2846 pafavisti).

192 2859 326 2896 paucos
348 2854 425 2895 post
452 2848 523 2882 dies
540 2861 551 2882 .-
588 2851 749 2895 cogitant
773 2860 841 2894 pa-

123 2902 197 2932 tres
228 2898 272 2932 de
298 2897 451 2932 Muciani
483 2897 640 2932 adventu
666 2903 703 2932 et
733 2909 841 2942 prae..

124 2948 241 2982 sentia
273 2946 310 2980 in
342 2950 483 2981 senatu.
618 2945 779 2981 'adulatio
803 2948 842 2980 in

386 1539 403 1545 -
433 1490 702 1576 ffiw‘ſsssssm
751 1492 1209 1553 awsffiaetffixfio
1258 1496 1365 1562 [ult
1396 1492 1510 1560 ³8}st

411 1613 446 1648 8.
475 1614 602 1647 civium
626 1565 825 1647 &affi'ffl‘
842 1564 998 1647 §jalam
1025 1613 1089 1656 Ma,
1117 1613 1213 1647 civiti
1241 1613 1281 1647 G.

554 1662 692 1695 restitui
718 1660 824 1696 Gala:
852 1662 1056 1707 restituique
1081 1661 1186 1696 ACR.
1254 1661 1466 1707 Capitolium
1495 1662 1633 1708 placuit

121 1709 228 1747 GM‘:
250 1710 387 1756 placuit
414 1709 627 1757 Capitolium
651 1710 860 1744 Rhenanus.

984 1565 1016 1599 7.
1047 1570 1126 1599 erat
1154 1564 1222 1603 litt,
1250 1576 1274 1598 a
1299 1575 1477 1610 superscr.
1502 1576 1527 1598 n
1553 1563 1628 1602 Ma:

1407 1615 1462 1647 11.
1490 1625 1631 1659 respere

910 1839 1033 1879 aperto
1060 1839 1159 1868 erat:
1190 1843 1302 1878 prave
1337 1835 1374 1867 in
1403 1832 1458 1867 Ma
1483 1838 1586 1867 erant
1611 1843 1632 1868 a

910 1887 1114 1916 correctore
1143 1892 1207 1926 pro
1235 1888 1324 1925 erat,
1351 1883 1482 1927 prioris
1506 1892 1632 1917 manus

909 1932 1098 1975 scriptura,
1149 1930 1380 1965 substitutum
1422 1936 1505 1973 est3
1553 1936 1632 1966 erat

909 1981 1027 2024 aptius
1054 1980 1233 2014 contraria
1259 1980 1416 2014 membra
1443 1979 1603 2014 distinet.

985 2029 1027 2062 de
1056 2027 1144 2062 bello
1187 2029 1314 2062 civium
1348 2029 1434 2062 data
1450 2041 1463 2062 .·
1505 2028 1567 2063 sed
1591 2029 1632 2062 in

909 2077 1097 2111 Sarmatas
1123 2077 1296 2122 expeditio
1312 2077 1532 2123 finqebatur:
1558 2078 1631 2121 fin-

907 2125 1056 2170 gebatur
1093 2127 1237 2170 proprie
1272 2132 1308 2160 et
1345 2131 1448 2160 sueta
1486 2125 1630 2172 signifi.-

910 2176 1055 2208 catione
1091 2177 1246 2218 positum
1273 2180 1347 2208 est:
1386 2185 1465 2208 nam
1502 2184 1631 2208 revera

908 2223 945 2256 in
972 2223 1150 2257 Sarmatas
1189 2224 1457 2266 expeditionem
1494 2222 1630 2256 nullam

908 2276 1117 2315 susceperat
1163 2271 1372 2314 Mucianus,
1419 2270 1482 2304 sed
1520 2270 1628 2304 Dacis

909 2322 1020 2362 (nunc
1040 2318 1094 2352 illi
1109 2319 1299 2352 Sarmatae
1320 2320 1465 2365 generis
1484 2319 1630 2352 nomine

908 2369 1099 2414 vocantur)
1124 2366 1383 2401 rebellantibus
1408 2371 1545 2401 sextam
1572 2366 1630 2400 le-

909 2416 1055 2460 gionem
1080 2416 1272 2460 opposuit:
1300 2416 1342 2450 H.
1367 2415 1413 2450 111
1438 2415 1498 2451 46.
1551 2415 1628 2449 Ve-

908 2474 984 2497 rum
1013 2468 1049 2505 et
1076 2465 1258 2509 proprium
1282 2465 1434 2499 Muciani
1463 2465 1627 2498 meritum

910 2514 946 2546 in
975 2512 1074 2546 civili
1104 2512 1203 2546 bello
1233 2519 1370 2557 partum
1406 2518 1482 2548 erat
1507 2514 1626 2546 animo

906 2566 942 2595 et
971 2560 1160 2595 alacritate
1184 2564 1430 2607 promptisque
1449 2561 1623 2595 consiliis.

909 2609 979 2644 Sed
1007 2610 1129 2644 harum
1155 2620 1272 2644 rerum
1302 2611 1401 2644 nulla
1427 2610 1563 2643 mentio
1590 2610 1626 2641 in

906 2658 1251 2692 senatusconsulto:
1306 2661 1413 2692 immo
1458 2657 1626 2701 quoniam

906 2717 1005 2740 more
1038 2711 1181 2740 vetusto
1209 2706 1439 2750 triumphalia
1473 2705 1518 2738 ob
1543 2703 1625 2738 bel-

906 2755 978 2788 lum
1005 2754 1115 2788 civile
1142 2764 1211 2787 non
1229 2754 1532 2795 concedebantur,
1558 2763 1626 2786 ex..

907 2802 1043 2846 peditto
1069 2803 1103 2835 in
1134 2802 1310 2836 Sarmatas
1339 2803 1488 2846 praemii
1518 2811 1625 2835 causa

907 2861 986 2884 esse
1013 2850 1207 2884 ferebatur.

979 2904 1016 2931 ut
1041 2899 1272 2942 honorificam
1308 2899 1347 2931 in
1370 2898 1496 2932 bonum
1518 2899 1624 2944 prin-

908 2946 1038 2992 cipem:
1072 2947 1150 2991 ipse
1191 2947 1236 2981 de
1274 2956 1339 2980 sua
1364 2948 1544 2982 sententia
1566 2947 1623 2982 ia-
1654 2943 1659 2948 ’
