1768 3216
163 249 213 284 ge
603 276 605 278 ,
777 244 1042 280 GERMANIAE

163 377 239 408 suo
272 377 324 406 ex
354 363 446 404 acie
476 362 723 404 recessisse.
784 363 895 404 lllum
928 363 1185 416 defendere,
1218 361 1350 416 tueri,
1389 375 1463 406 sua
1494 373 1659 418 quoque
1686 387 1694 401 1

164 440 286 482 fortia
319 438 426 479 facta
458 436 621 492 gloriae
653 438 742 480 eius
786 439 1010 492 adsignare
1048 439 1316 492 praecipuum
1353 436 1658 480 sacramentum

163 517 237 555 est.
298 511 510 566 Principes
541 524 616 565 pro
663 512 839 554 victoria
874 516 1082 567 pugnant,
1125 512 1298 554 comites
1338 524 1413 566 pro
1451 511 1651 566 principe.

163 588 206 630 Si
238 587 383 628 civitas
418 587 459 627 in
487 598 566 640 qua
593 587 673 628 orti
705 591 800 628 sunt
824 587 950 642 longa
969 599 1074 640 pace
1096 591 1136 628 et
1159 587 1245 628 otio
1268 590 1443 640 torpeat,
1474 585 1662 640 plerique

131 661 359 703 5n0bilium
395 661 723 703 adolescentium
753 666 897 716 petunt
935 661 1042 703 ultro
1085 674 1156 703 eas
1202 661 1394 703 nationes
1435 673 1541 715 quae
1578 664 1662 702 tum

161 736 313 778 bellum
345 735 510 788 aliquod
544 740 708 791 gerunt,
740 736 835 789 quia
868 740 908 777 et
937 735 1102 790 ingrata
1124 735 1239 790 genti
1258 735 1390 789 quies,
1425 738 1465 777 et
1494 734 1659 777 facilius

163 811 273 852 inter
302 810 497 864 ancipitia
530 810 788 863 clarescunt,
834 822 1112 865 magnumque
1151 810 1390 851 comitatum
1420 809 1590 851 nonnisi
1620 809 1662 850 vi

162 885 355 939 belloque
390 888 567 926 tuentur.
628 884 812 940 Exigunt
842 885 952 925 enim
983 884 1182 938 principis
1201 884 1265 926 sui
1283 883 1530 926 liberalitate
1550 883 1663 925 illum

162 959 407 1001 bellatorem
448 971 628 1013 equum,
683 959 794 1001 illam
842 963 1053 1000 cruentam
1097 958 1397 1012 victricemque
1445 957 1661 1000 frameam.

114 1034 264 1076 ¹”Nam
298 1033 442 1088 epulae
474 1037 537 1085 et,
579 1045 824 1087 quamquam
865 1032 1085 1086 incompti,
1128 1032 1235 1086 largi
1270 1036 1405 1073 tamen
1443 1035 1662 1086 apparatus

163 1121 238 1165 pro
285 1108 492 1164 stipendio
535 1108 700 1150 cedunt.
774 1108 948 1150 Materia
997 1107 1304 1148 munificentiae
1349 1118 1424 1160 per
1464 1106 1572 1159 bella
1619 1109 1660 1148 et

298 1253 333 1286 2.
362 1251 435 1284 eius
461 1261 517 1283 om
545 1251 580 1284 P.
661 1251 846 1296 assignare
871 1250 908 1284 P.
985 1251 1020 1285 4.
1049 1251 1124 1284 ocio
1151 1249 1188 1284 P.
1264 1249 1299 1285 8.
1328 1247 1446 1285 luitur
1469 1247 1494 1282 P
1523 1252 1559 1283 et
1587 1248 1662 1283 Va-

164 1300 302 1334 ticanus
330 1299 422 1335 1862
448 1300 560 1333 ιιιοεηι·ς
576 1311 587 1333 .·
614 1299 778 1346 plerique
806 1306 938 1334 tueare.

238 1425 337 1460 illum
363 1425 548 1471 defendere
575 1429 685 1461 tueri:
721 1427 879 1461 additum

165 1475 257 1508 tueri
282 1474 361 1519 plus
385 1475 493 1509 infert
519 1486 622 1520 quam
648 1477 741 1509 inest
768 1475 879 1509 verbo

165 1523 380 1567 defendere:
422 1535 501 1558 nam
540 1524 607 1558 hoc
638 1524 682 1557 de
716 1524 879 1558 arcendis

166 1571 329 1606 hostibus
380 1572 416 1604 in
458 1572 583 1606 duceni
627 1573 880 1618 ingruentibus

166 1621 409 1666 intelligitur,
452 1621 544 1654 tueri
587 1620 630 1655 (le
677 1622 804 1665 quovis
838 1621 881 1655 ad

168 1669 320 1704 eundem
369 1669 581 1704 servandum
635 1670 782 1714 provisu
846 1674 882 1704 et

167 1717 296 1752 studio.

239 1790 467 1834 praecipuum
502 1794 760 1822 sacramentum
809 1795 879 1822 est:

166 1838 359 1882 praecipua
386 1847 464 1881 pars
494 1842 547 1871 est
570 1838 795 1881 sacramenti,
822 1838 881 1872 vel

167 1887 203 1918 in
241 1891 463 1920 sacramento
503 1886 647 1919 militari
684 1897 704 1919 a
737 1887 881 1919 comiti-

166 1933 234 1967 bus
262 1935 455 1978 praecipue
482 1934 689 1978 spondetur.
743 1934 881 1968 Prono-

170 1992 252 2015 men
281 1984 353 2015 eius
385 1983 419 2015 in
446 1982 471 2016 P
501 1982 634 2016 excidit
667 1987 702 2015 et
728 1982 880 2017 fortasse

171 2031 239 2063 iam
273 2031 311 2063 in
350 2030 545 2074 exemplari
579 2029 747 2064 Fuldensi
790 2031 880 2064 hau-

170 2082 262 2111 stum
302 2082 400 2121 erat,
451 2079 532 2112 dum
570 2083 677 2112 notae
711 2080 763 2123 εἰς
800 2090 879 2124 pars

167 2126 265 2170 prior
288 2131 368 2170 post
392 2125 540 2171 ylariae,
568 2126 681 2160 altera
706 2132 788 2160 ante
814 2128 881 2162 ad-

165 2175 309 2220 siynare
334 2175 453 2219 periit.

236 2251 358 2291 petunt
384 2246 475 2279 ultro
509 2256 569 2279 eas
606 2246 767 2279 nationes
793 2257 881 2290 quae

167 2300 370 2339 —9erunt:
396 2293 465 2328 hoc
483 2295 698 2328 contrarium
725 2299 779 2328 est
804 2295 880 2328 eius

167 2342 211 2375 de
232 2353 301 2387 quo
329 2353 360 2376 c.
394 2342 437 2377 14
464 2347 645 2376 extremo:
672 2353 752 2375 nam
779 2343 880 2386 prin-

167 2391 265 2434 cipes
303 2402 382 2425 cum
420 2401 485 2424 suo
523 2392 693 2425 comitatu
731 2390 836 2424 modo
861 2402 881 2424 a

167 2437 311 2482 populis
348 2438 484 2472 bellum
515 2439 724 2485 gerentibus
766 2450 880 2483 expe-

167 2491 310 2529 tuntur,
353 2487 458 2520 modo
505 2488 598 2521 ultro
642 2497 704 2522 eos
738 2492 876 2532 petunt.

166 2534 252 2568 Eius
279 2535 332 2568 rei
358 2535 521 2579 exempla
539 2536 569 2569 ll
594 2534 739 2570 45-46
767 2541 802 2568 et
819 2535 878 2578 62,

167 2582 215 2616 Xl
245 2582 300 2618 16.
327 2581 369 2616 Η.
400 2583 448 2616 lv
481 2583 534 2626 17,
565 2583 594 2616 V
626 2584 679 2618 19.

238 2663 468 2698 magnumque
495 2654 693 2687 comitatum
715 2674 760 2680 -—-
776 2660 879 2687 tuen-

167 2707 247 2736 tur:
274 2705 373 2735 recte
400 2711 439 2735 se
458 2700 719 2736 habebcodicis
738 2702 760 2735 l'
787 2703 879 2736 scri-

168 2754 268 2793 ptura
295 2755 434 2783 tuentur
450 2775 459 2792 ,
501 2761 570 2795 qua
609 2749 647 2783 fit
672 2755 711 2783 ut
735 2761 879 2784 narrare

167 2802 293 2843 pergat
321 2797 475 2839 Tacitus,
502 2809 573 2832 non
600 2809 700 2832 suam
727 2804 877 2833 senten-

167 2847 252 2879 tiam
286 2847 501 2889 interponat.
554 2846 594 2880 In
628 2847 773 2892 antiquo
812 2859 878 2881 ex-

169 2894 316 2937 emplari
350 2893 492 2928 videtur
535 2894 648 2929 fuisse
694 2892 786 2929 ιαεῑις
818 2894 878 2929 vel

170 2943 272 2974 tuet':
301 2941 383 2975 hinc
411 2942 543 2975 factum
571 2948 721 2986 tuentur,
751 2949 877 2978 tuean-

170 2994 238 3034 tur,
265 2993 301 3024 et
327 2989 428 3025 illata
454 2991 678 3027 correctione
706 2997 839 3027 tueare.

1018 1425 1117 1459 illum
1149 1425 1352 1460 bellatorem
1383 1435 1536 1470 equum:
1577 1423 1660 1459 bel-

947 1473 1039 1508 lator
1065 1484 1190 1519 equus,
1214 1478 1252 1507 ut
1277 1474 1389 1507 viceor
1415 1474 1589 1507 exercitus
1608 1472 1657 1507 Ill

948 1523 1005 1565 74,
1034 1523 1096 1556 Xll
1123 1523 1185 1565 17;
1216 1521 1395 1564 11.11154‚
1421 1521 1534 1557 1v46.
1562 1521 1658 1555 Pau-

947 1571 1020 1605 lum
1049 1571 1121 1604 abit
1148 1571 1188 1604 H.
1211 1570 1258 1604 Ill
1271 1570 1319 1605 83
1344 1570 1470 1607 aderat
1492 1580 1661 1616 paquara-

947 1620 1034 1653 titus
1062 1625 1238 1665 spectator
1261 1617 1419 1664 populun.
1486 1617 1661 1664 Virgilius

949 1667 988 1702 G.
1026 1667 1056 1701 ll
1097 1669 1194 1703 145:
1238 1667 1322 1700 hinc
1363 1666 1512 1701 bellator
1557 1677 1661 1711 equus

948 1727 1069 1762 campo
1095 1728 1169 1750 sese
1198 1716 1329 1749 arduus
1357 1716 1479 1760 infert.
1531 1714 1659 1749 Cicero

949 1764 1024 1799 Cat.
1053 1765 1135 1798 mai.
1165 1765 1214 1799 5:
1253 1763 1429 1810 (Ennius)
1454 1763 1532 1808 equi
1556 1764 1660 1808 fortis

949 1820 980 1847 et
1016 1814 1157 1847 victoris
1203 1813 1421 1859 (senectuti)
1452 1817 1661 1857 *comparat

947 1873 1056 1896 suam.
1177 1860 1272 1906 largi
1299 1866 1419 1895 tamen‘
1439 1865 1632 1907 apparatus
1648 1871 1659 1893 .-

948 1915 1142 1956 apparalus
1175 1919 1320 1942 mensae
1355 1909 1469 1952 dixit,
1511 1918 1601 1954 quos
1624 1909 1659 1942 in

947 1958 1145 1993 Annalibus
1185 1956 1231 1990 111
1265 1958 1313 1991 52
1357 1963 1392 1991 et
1426 1957 1472 1992 55
1511 1962 1661 2002 paratus

948 2007 1157 2051 appellavit.
1221 2003 1349 2039 Cicero
1393 2004 1438 2039 de
1465 2004 1532 2040 Off.
1569 2005 1654 2040 18:

948 2055 1122 2089 delectant
1139 2054 1243 2087 etiam
1269 2054 1447 2098 magnifici
1466 2059 1660 2099 apparatus
1713 2089 1718 2094 ,

947 2104 1105 2146 vitaeque
1145 2101 1255 2135 cultus
1296 2113 1373 2134 cum
1408 2101 1587 2147 elegantia
1626 2107 1659 2135 et

951 2162 1067 2197 copta.

1030 2226 1215 2266 eoepectare
1252 2231 1404 2254 armam:
1448 2221 1532 2254 anni
1574 2230 1661 2266 pro-

948 2274 1095 2303 ventum
1121 2269 1278 2303 breviter
1308 2279 1438 2302 annum
1473 2268 1581 2312 dixit,
1623 2274 1662 2304 ut

948 2318 983 2351 in
1008 2317 1181 2364 Agricola
1207 2318 1278 2352 31:
1315 2328 1402 2362 aqer
1427 2322 1460 2351 et
1484 2328 1598 2351 annus
1623 2318 1662 2352 in

946 2368 1172 2411 frumentum.
1201 2365 1365 2399 Lucanus
1379 2365 1531 2401 111452:
1559 2367 1660 2411 ayri-

949 2414 1047 2448 colae
1072 2414 1184 2459 raptis
1210 2425 1342 2448 annum
1374 2415 1500 2459 flevere
1535 2414 1660 2448 iuven-

949 2464 1010 2496 cis.
1097 2473 1226 2506 vocare
1256 2463 1410 2496 hostem.-
1437 2467 1491 2496 est
1517 2462 1658 2497 hostem

947 2520 1146 2554 provocare
1175 2509 1219 2543 ad
1257 2521 1437 2555 pugnam,
1477 2514 1516 2543 ut
1541 2511 1583 2544 H.
1613 2510 1659 2544 lv

948 2558 1018 2593 80:
1059 2569 1169 2602 neque
1194 2558 1267 2603 ipse
1300 2558 1422 2591 deerat
1447 2559 1662 2603 adrogantia

948 2617 1077 2641 vocare
1103 2607 1266 2652 offensas.
1282 2606 1332 2640 VI
1356 2606 1429 2641 34:
1457 2606 1598 2641 Oroden
1615 2628 1659 2633 —-

952 2655 1207 2688 Pharasmanes
1243 2665 1371 2688 vocare
1405 2654 1452 2688 ad
1491 2666 1658 2701 pugnam.

949 2703 1156 2737 Praeiverat
1203 2703 1378 2748 Virgilius
1421 2702 1460 2736 G.
1502 2703 1551 2737 lv
1590 2703 1659 2739 76:

947 2753 1151 2797 maqnisqae
1188 2757 1316 2786 vocant
1352 2751 1562 2786 clamoribus
1593 2751 1658 2785 Ιιο-

948 2807 1045 2834 stem.

1020 2896 1105 2941 Cap.
1124 2897 1178 2931 15.
1205 2895 1346 2929 multum
1371 2896 1563 2938 venatibus,
1581 2895 1660 2942 plus

944 2955 1009 2988 per
1036 2945 1142 2978 otium
1167 2945 1386 2989 transiqunt:
1417 2944 1561 2979 codices
1587 2954 1659 2978 mm

946 2992 1089 3028 multam
1116 2992 1308 3029 venatibus.
1335 2991 1573 3039 Negationem
1591 2991 1658 3028 de-
