1768 3216
748 216 1061 254 insromAavm
1419 229 1450 253 a.
1479 204 1516 255 ὶι.
1541 218 1627 258 822.

134 228 208 264 268

132 340 405 396 imperatoris,
439 338 540 380 alter
571 338 808 376 consortem
849 335 1012 389 imperii
1045 335 1262 390 cogitaret.
1322 335 1405 379 Sed
1435 336 1625 380 Vitellius

133 415 313 458 consulis
344 411 586 465 supplicium
616 410 806 463 poscenti
837 410 988 464 populo
1021 410 1188 462 restitit,
1220 410 1408 463 placatus
1436 423 1486 454 ac
1513 411 1626 454 velut

130 490 262 531 vicem
292 485 495 536 reddens,
543 484 651 537 quod
684 485 1039 538 interrogantibus
1072 485 1163 538 quis
1196 484 1442 538 Capitolium
1473 485 1624 529 incen-

129 561 258 602 disset
287 571 333 600 se
363 570 479 599 reum
516 557 679 599 Atticus
723 558 955 610 obtulerat,
1003 570 1134 611 eaque
1184 558 1488 610 consessione,
1531 559 1623 602 sive

96 637 261 687 saptum
288 633 463 685 tempori
494 631 757 673 mendacium
789 632 879 684 fuit,
913 632 1112 674 invidiam
1134 632 1375 687 crimenque
1394 633 1624 688 agnovisse

126 711 166 750 et
195 720 217 748 a
247 707 429 760 partibus
461 705 615 747 Vitellii
646 706 837 748 amolitus
870 706 1102 749 videbatur.

257 781 392 823 Isdem
441 781 588 822 diebus
618 781 770 823 Lucius
821 781 1009 823 Vitellius
1059 782 1205 835 positis
1249 781 1357 835 apud
1402 782 1692 828 Feroniamw

124 856 269 900 castris
301 856 466 898 excidio
498 856 750 898 Tarracinae
782 857 1035 909 imminebat,
1069 857 1222 899 clausis
1254 857 1339 898 illic
1369 857 1622 912 gladiatori-

8 952 70 1004 [μὲ
122 931 199 973 bus
230 930 568 992 remigibusque,
617 931 686 984 qui
727 942 811 971 non
850 931 996 986 egredi
1029 931 1195 973 moenia
1226 943 1362 985 neque
1390 931 1621 985 periculum

72 1000 165 1046 ioin
207 1008 348 1058 aperto
394 1004 613 1046 audebant.
673 1005 890 1058 Praeerat,
939 1010 983 1046 ut
1008 1018 1132 1060 supra
1163 1006 1508 1058 memoravimus,
1549 1005 1622 1050 Iu-

124 1078 256 1121 lianus
287 1079 604 1133 gladiatoribus,
633 1078 887 1133 Apollinaris
918 1080 1162 1135 remigibus,
1189 1079 1365 1122 lascivia
1396 1079 1622 1123 socordia-

127 1165 206 1206 que
249 1153 522 1208 gladiatorum
563 1154 696 1208 magis
737 1166 859 1208 quam
900 1154 1051 1197 ducum
1096 1154 1267 1196 similes·
1327 1155 1422 1218 Non
1453 1154 1620 1210 vigilias

0 1257 44 1289 f„
124 1239 275 1282 agere,
317 1240 401 1270 non
443 1229 570 1269 intuta
607 1229 818 1271 moenium
859 1229 1045 1271 firmare:
1082 1233 1209 1270 noctu
1253 1228 1404 1283 dieque
1452 1228 1552 1298 Qi
1581 1233 1623 1272 et

121 1313 293 1343 amoena
323 1302 488 1344 litorum
521 1307 821 1365 personantes,
866 1303 908 1344 in
948 1303 1223 1345 ministerium
1263 1303 1384 1345 luxus
1416 1302 1620 1357 dispersis

70 1384 107 1414 1⁵
120 1377 332 1429 militibus,
368 1377 420 1418 de
450 1378 560 1420 bello
585 1367 748 1421 “tantum
780 1379 889 1420 inter
912 1379 1107 1421 convivia
1129 1378 1417 1432 loquebantur.
1459 1377 1620 1420 Paucos

122 1455 215 1493 ante
262 1452 350 1493 dies
393 1452 646 1495 discesserat
684 1453 860 1507 Apinius
907 1454 1030 1506 Tiro,
1082 1453 1288 1506 donisque
1333 1465 1383 1494 ac
1430 1453 1620 1506 pecuniis

120 1526 272 1568 acerbe
302 1540 376 1580 per
407 1528 628 1582 municipia
660 1528 958 1582 conquirendis
988 1529 1078 1582 plus
1111 1528 1295 1570 invidiae
1318 1540 1438 1582 quam
1468 1528 1620 1570 virium

116 1601 300 1653 partibus
333 1601 523 1643 addebat.
570 1602 739 1645 Interim
771 1603 822 1644 ad
848 1604 1018 1645 Lucium
1043 1603 1251 1645 Vitellium
1282 1614 1431 1645 servus
1462 1603 1619 1658 Vergi-
1632 1620 1688 1661 qq

121 1675 179 1716 nii
212 1675 422 1728 Capitonis
453 1677 658 1731 perfugit,
691 1677 1008 1731 pollicitusque,
1041 1678 1077 1719 si
1104 1677 1358 1731 praesidium
1390 1677 1616 1732 acciperet,

64 1758 291 1791 aovacuam
336 1763 474 1791 arcem
518 1751 792 1804 traditurum,
835 1752 961 1792 multa
1002 1755 1126 1792 nocte
1166 1752 1362 1793 cohortes
1403 1751 1620 1806 expeditas

115 1819 285 1862 summis
317 1820 516 1860 montium
548 1820 656 1874 iugis
686 1833 811 1874 super
843 1825 965 1874 caput
992 1821 1172 1862 hostium
1203 1821 1323 1862 sistit.
1364 1821 1465 1863 Inde
1497 1820 1618 1863 miles

116 1893 167 1935 ad
199 1893 374 1935 caedem
402 1894 535 1949 magis
568 1907 687 1948 quam
721 1895 772 1936 ad
803 1907 986 1950 pugnam
1007 1895 1204 1936 decurrit.
1269 1896 1466 1951 Sternunt
1497 1895 1618 1938 iner-

248 2030 282 2063 4.
305 2029 375 2062 sibe
403 2028 466 2063 Ma.
542 2031 575 2064 5.
605 2032 768 2076 &ruperis
796 2030 870 2064 Ma:
898 2030 925 2064 G
951 2031 1107 2076 tempori.
1191 2031 1222 2065 7.
1252 2030 1293 2064 L.
1323 2029 1386 2064 Ma.
1461 2031 1496 2066 8.
1531 2031 1617 2066 Ter-

113 2077 261 2111 racinae
287 2087 382 2111 nunc
409 2076 472 2120 Ma,
500 2078 591 2111 infra
623 2078 851 2112 Tarracinae.
926 2081 979 2112 ll.
1007 2079 1196 2124 pollinaris
1225 2077 1296 2111 Ma:
1334 2078 1361 2113 G
1389 2079 1615 2124 apollinaris.

121 2125 174 2160 18.
204 2125 243 2159 L.
276 2124 341 2159 Ma.
415 2125 556 2171 uerqilt'i
582 2125 647 2167 Ma,
674 2127 810 2172 uirqilii
840 2127 887 2160 G:
926 2127 1081 2172 Ver-yinii
1108 2126 1338 2160 Puteolanus.
1409 2128 1466 2163 20.
1497 2129 1614 2162 tradi-

114 2179 228 2207 turum
251 2173 459 2208 Bekkerus:
495 2173 549 2207 Ma
574 2175 668 2208 tradi
693 2177 859 2219 futurum,
889 2175 916 2209 G
943 2180 977 2209 et
1003 2176 1063 2210 alii
1090 2177 1212 2220 furtim
1244 2175 1466 2210 tradit-urum.
1554 2178 1614 2212 22.

112 2222 263 2257 inermos
290 2220 360 2256 Ma:
389 2222 416 2256 G
447 2223 607 2256 inermes.

182 2338 265 2384 Cap.
294 2339 350 2374 76.
409 2340 516 2373 isdem
544 2340 680 2373 diebus.-
719 2344 822 2374 ante-

110 2398 214 2432 quam
257 2387 300 2420 ad
343 2390 538 2421 exercitum
572 2388 824 2422 Flavianorum

109 2435 223 2478 redit,
251 2445 308 2468 res
339 2436 712 2470 Vitellianorum‘non
739 2447 824 2480 pro-

112 2483 170 2516 cul
209 2494 230 2516 a
269 2482 482 2527 Campaniae
525 2483 653 2517 finibus
705 2490 824 2530 gestas

893 2351 977 2385 qens
1005 2340 1138 2374 latratu
1163 2352 1276 2387 reyna
1312 2342 1459 2386 trifauci
1487 2353 1615 2388 perso-

894 2395 968 2421 nat.
1032 2389 1087 2422 Ad
1134 2389 1279 2434 Virgilii
1319 2390 1418 2424 locos
1461 2390 1616 2425 advertit

895 2437 1158 2470 Doederlinins.

969 2483 1053 2528 Cap.
1085 2485 1141 2518 77.
1197 2485 1348 2519 tenebris
1370 2496 1521 2530 pavore.-
1562 2487 1616 2520 sic

111 2531 322 2576 exequitur,
367 2531 410 2565 ad
444 2533 681 2565 narrationem
721 2544 751 2566 e.
780 2534 823 2567 57

111 2584 148 2613 et
175 2578 221 2614 58
246 2581 412 2620 omissam
439 2590 616 2614 reversus.
727 2581 825 2625 posi-

110 2628 153 2661 tis
179 2627 272 2673 apud
287 2628 474 2662 Feroniam
501 2629 647 2662 castris:
675 2626 829 2662 Feronia

109 2675 222 2709 tribus
248 2677 392 2711 milibus
407 2687 573 2721 passuum
589 2688 609 2710 a
623 2676 827 2719 'l'erracina5

113 2724 159 2757 cf.
187 2724 323 2759 Horatii
351 2726 462 2760 Sei-m.
491 2725 505 2758 l
532 2726 553 2760 5
584 2724 641 2761 24.

194 2784 342 2807 arnoena
391 2774 530 2808 litorum
566 2778 826 2819 personantes.-

66 2849 68 2851 .
112 2819 246 2854 lascive
273 2823 309 2855 in
347 2822 512 2856 litoribus
554 2822 747 2856 clamantes
790 2827 828 2855 ut

112 2878 220 2902 sonus
245 2870 462 2904 redderetur.
511 2870 635 2916 Virgil.
666 2872 755 2904 Aen.
786 2870 829 2904 Vl

117 2917 204 2950 171:
243 2929 331 2951 caea
365 2919 444 2952 <lum
474 2925 640 2963 personat
672 2930 829 2964 aequora

115 2964 271 3008 concha3
314 2966 406 3001 418:
449 2967 620 3002 Cerberus
654 2967 744 3003 haec
768 2968 828 3002 in-

896 2533 1041 2565 distinxi
1066 2532 1345 2566 concinnitatem
1359 2535 1510 2577 partium
1535 2544 1616 2568 ser-

898 2581 1012 2614 monis
1046 2585 1218 2614 secutus:
1259 2592 1359 2617 nam.
1379 2581 1518 2615 duobus
1546 2592 1616 2616 no-

898 2629 1051 2662 minibus
1088 2630 1186 2662 iuxta
1229 2630 1356 2673 positis
1395 2630 1513 2664 statim
1554 2641 1616 2664 re-

899 2676 1076 2721 spondent
1107 2677 1176 2711 duo
1204 2679 1387 2723 nominum
1414 2679 1554 2724 paria,
1579 2680 1615 2713 in

900 2725 1027 2770 quibus
1062 2725 1212 2759 alterum
1248 2727 1292 2761 ab
1325 2726 1439 2762 altero
1472 2727 1616 2772 pendet,

898 2775 1013 2808 sonitu
1038 2775 1211 2818 tubarum,
1239 2775 1393 2810 clamore
1421 2775 1552 2810 hostili.

969 2824 1068 2866 fuere
1097 2824 1154 2867 qui
1179 2844 1223 2850 -—
1251 2824 1489 2858 incessebant:
1532 2834 1615 2858 cor-

897 2871 1037 2914 ruptela
1088 2871 1170 2904 libri
1209 2872 1358 2906 Medicei
1395 2874 1616 2908 incesserant

898 2924 975 2952 orta
997 2930 1040 2953 ex
1059 2921 1204 2965 antiqua
1218 2920 1412 2954 uncialium
1425 2922 1614 2966 scriptura,

897 2966 998 3001 ubiB
1027 2972 1062 3002 et
1079 2969 1109 3003 R
1138 2973 1174 3002 et
1198 2967 1308 3005 facile
1335 2973 1370 3003 et
1387 2979 1496 3014 saepe
1514 2979 1615 3005 com-
