1768 3216
765 213 1070 254 HISTORIARVM
1459 220 1492 244 a.
1518 217 1556 244 u.
1581 208 1670 247 822.

192 230 238 265 64

192 342 426 388 discrimine
462 339 565 384 sumi
600 336 825 392 principem
867 346 987 389 quam
1033 331 1189 387 quaeri.
1247 328 1439 371 Proxima
1483 325 1738 382 legionis&

189 420 341 474 primae
370 416 538 458 hiberna
566 416 695 464 erant,
727 415 767 453 et
797 408 1123 464 promptissimus
1154 420 1177 448 e
1207 404 1357 460 legatis
1402 401 1554 445 Fabius
1580 400 1672 444 Va-

186 493 287 536 lens.
345 491 382 532 Is
412 489 478 531 die
506 487 692 542 proximo
727 485 933 528 coloniam
955 482 1303 538 Agrippinensem
1337 489 1429 520 cum
1461 475 1670 532 equitibus

185 565 359 621 legionis
405 562 792 615 auxiliariorumque
843 560 1057 614 ingressus
1112 557 1404 610 imperatorem
1459 550 1670 595 Vitellium

155 639 464 690 sconsalutavit.
525 638 698 681 Secutae
736 634 893 690 ingenti
933 633 1156 676 certamine
1197 630 1384 673 eiusdem
1423 627 1671 684 provinciae

187 715 375 770 legiones
387 726 399 765 3
438 717 477 755 et
508 712 698 766 superior
728 709 958 761 exercitus,
1002 706 1205 761 speciosis
1245 709 1414 748 senatus
1445 703 1671 760 populique

184 787 355 831 Romani
393 786 626 829 nominibus
665 784 845 836 relictis,
886 783 1049 824 tertium
1090 793 1222 822 nonas
1254 779 1469 822 Ianuarias
1501 777 1669 821 Vitellio

186 861 374 904 accessit.
435 860 572 903 Scires
603 859 714 900 illum
743 858 882 912 priore
912 857 1037 898 biduo
1067 867 1151 898 non
1181 867 1311 914 penes
1341 867 1430 897 rem
1461 853 1670 909 publicam

186 936 327 978 fuisse.
389 934 594 978 Ardorem
625 933 877 976 exercituum
906 930 1235 987 Agrippinenses
1266 929 1428 972 Treviri
1456 928 1671 985 Lingones

137 1010 426 1064 maequabant,
457 1009 606 1051 auxilia
638 1020 780 1062 equos,
815 1019 926 1049 arma
956 1006 1174 1060 pecuniam
1208 1005 1450 1058 offerentes,
1481 1007 1526 1046 ut
1550 1002 1672 1059 quis-

189 1098 268 1141 que
311 1098 486 1140 corpore
527 1085 670 1140 opibus
716 1084 884 1139 ingenio
923 1082 1097 1125 validus.
1157 1083 1246 1125 Nec
1285 1082 1497 1137 principes
1541 1080 1669 1124 modo

187 1160 436 1203 coloniarum
468 1164 535 1201 aut
565 1164 812 1211 castrorum,
853 1157 997 1212 quibus
1028 1157 1264 1212 praesentia
1306 1155 1597 1218 e{.,¹i¹t¹fl¹.1t2!¹5
1627 1158 1671 1198 et

183 1239 298 1290 parta
326 1234 501 1277 victoria
530 1246 704 1289 magnae
736 1245 844 1287 spes,
876 1232 950 1275 sed
979 1231 1176 1286 manipuli
1198 1242 1364 1286 quoque
1385 1235 1427 1273 et
1443 1229 1670 1288 gregarius

320 1356 352 1390 1.
381 1354 478 1399 que-ri
502 1352 564 1393 Ma,
624 1354 658 1388 3.
682 1354 842 1399 proximo
868 1351 941 1387 Ma:

182 1401 217 1438 4.
243 1414 378 1448 qressus
400 1401 472 1436 Ma.-
498 1403 670 1448 inqressus
696 1401 735 1438 G.
823 1401 857 1436 8.
898 1413 1028 1447 paones
1055 1412 1177 1446 remp.
1206 1398 1270 1434 Ma.
1363 1399 1400 1437 9.
1428 1399 1670 1447 agrippinus

182 1449 246 1485 Ma.
321 1450 452 1485 Treviri
474 1449 544 1484 Ma:
571 1451 700 1485 treveri
725 1451 763 1484 G.
852 1450 904 1485 10.
929 1450 1084 1495 pecunia‘
1110 1459 1288 1493 superscr.
1315 1460 1333 1483 ε
1356 1447 1423 1493 Μ’,
1445 1449 1606 1496 pecunia
1629 1447 1671 1483 G.

186 1499 240 1533 11.
268 1510 432 1545 corporeo
455 1497 519 1534 Ma.
593 1498 717 1533 validis
742 1497 807 1542 Ma,
832 1497 972 1533 ualidus
999 1498 1038 1532 G.
1121 1499 1176 1534 12.
1204 1497 1281 1544 affl.
1309 1495 1368 1532 or.

965 1358 1103 1399 postero
1129 1350 1201 1386 BG.
1279 1351 1576 1398 agrippim'ensem
1599 1348 1670 1386 M‘.

181 1624 250 1658 que
264 1614 368 1647 nimis
382 1613 563 1648 indefinite
576 1613 777 1659 loquuntur,
799 1615 882 1650 vel-

179 1663 230 1695 uti
254 1662 322 1696 Dio
348 1661 421 1695 LIII
449 1664 511 1698 12:
546 1665 698 1698 Κελτῶν
724 1663 800 1711 γάρ
827 1677 880 1699 u-

179 1722 253 1752 νες,
283 1709 347 1749 οὓς
373 1707 414 1755 δὴ
437 1707 656 1759 regnaveris
681 1714 881 1760 καλοῦμεν,

179 1759 312 1794 πᾶσαν
339 1758 405 1802 τὴν
436 1758 534 1804 πρὸς
570 1760 621 1807 τῷ
645 1761 758 1803 ‘Primo
785 1765 883 1796 Κελ-

180 1801 283 1849 τικὴν
325 1807 578 1853 κατασχόντες
600 1834 610 1850 ,
663 1811 883 1857 Γερμανίαν

183 1853 445 1902 ὀνομάζεσθαι
481 1858 686 1911 {nosquam
719 1855 787 1900 τήν
811 1859 885 1904 μὲν

186 1901 263 1939 ἄνω
292 1899 361 1945 τήν
385 1899 476 1950 μετὰ
511 1916 579 1943 τας
613 1906 679 1939 τοῦ
713 1907 885 1953 ποταμοῦ

183 1950 328 1997 πηγάς,
363 1947 432 1994 τήν
465 1951 504 1987 δὲ
542 1949 642 1986 κοῖτω
681 1949 748 1995 τὴν
773 1957 887 2000 μέχρι

184 2001 255 2033 τοῦ
294 1998 476 2035 Ὠκεανοῦ
521 1999 586 2035 ’τοῦ
633 2002 886 2047 Βρεταννικοῦ

187 2044 318 2083 οὖσαν.
364 2046 512 2081 Messala
539 2047 582 2081 de
608 2051 781 2093 progenie
809 2050 887 2083 Au..

186 2095 304 2139 gusti:
345 2096 447 2129 Duae
484 2095 712 2140 Germaniae,
738 2099 888 2143 inferior

186 2153 230 2175 ac
275 2143 451 2187 superior,
496 2143 557 2177 eibi
598 2145 700 2178 unico
741 2158 885 2180 cessere.

188 2189 379 2224 Ptolemaei
405 2191 513 2225 verba
538 2191 581 2225 ad
607 2191 697 2227 hanc
722 2205 794 2229 rem
821 2194 887 2229 de-

186 2237 372 2271 finiendam
398 2240 511 2273 minus
539 2245 619 2283 apta
645 2247 736 2277 sunt.

258 2285 340 2329 Cap.
363 2287 419 2321 57.
448 2288 613 2333 proxima
638 2289 783 2334 legionis
807 2291 886 2336 pri-

184 2344 260 2366 mae
294 2334 440 2368 hiberna
479 2342 603 2370 erant.-
645 2337 731 2372 dicit
774 2343 888 2373 castra

185 2381 386 2416 Bonnensia
413 2383 474 2427 (H.
501 2383 550 2417 1v
579 2384 621 2419 19
650 2391 684 2419 et
711 2387 790 2432 25),
817 2383 888 2430 3¹l2

188 2428 362 2463 milliariis
388 2431 638 2475 geographicis
680 2444 700 2467 a
739 2434 889 2469 Colonia

186 2477 496 2522 Agrippinensium
522 2479 684 2515 discreta.
740 2482 777 2515 ld
803 2493 889 2526 spa-

188 2524 274 2556 tium
309 2527 466 2569 quamvis
498 2536 568 2560 non
600 2528 752 2572 amplum
789 2532 889 2575 gravi

188 2571 343 2617 legionis
371 2574 511 2619 agmine
536 2585 605 2608 uno
642 2576 698 2610 die
726 2589 803 2611 cum
829 2580 890 2612 vix

188 2621 360 2663 permeari
406 2627 548 2666 posset,
590 2623 729 2669 legatus
761 2625 890 2660 Fabius

188 2667 317 2702 Valens
346 2674 487 2713 postero
518 2671 576 2704 die
606 2682 683 2705 cum
711 2675 889 2718 equitibus

187 2714 398 2760 legionariis
425 2722 460 2751 et
486 2718 750 2754 auxiliariorum
776 2721 888 2756 Colo-

189 2763 281 2796 niam
307 2765 487 2811 ingressus
515 2771 579 2802 est.
643 2768 683 2802 In
709 2768 763 2803 Ma
799 2771 892 2815 quod

191 2815 244 2844 est
266 2823 400 2856 pressus
435 2824 498 2858 pro
523 2815 717 2861 inyressus‚
752 2817 821 2852 hoc
847 2830 892 2853 ex

191 2859 360 2902 scriptura
392 2867 544 2906 Tyressus
578 2869 612 2898 et
650 2876 694 2899 ex
733 2865 893 2901 litterai

191 2911 270 2961 post
317 2909 588 2955 auoeiliorumque
628 2912 751 2948 hausta
795 2915 892 2949 ducit

191 2954 380 3002 originem.
432 2956 536 2994 Certe
560 2961 706 3008 yrudior
741 2963 890 2999 verbum

949 1625 1124 1660 nusquam
1165 1613 1259 1660 apud
1285 1613 1443 1648 Tacitum
1477 1613 1668 1658 reperitur,

951 1664 1088 1698 formae
1105 1663 1326 1708 compositae
1343 1662 1568 1708 saepissime.
1593 1662 1670 1698 Ne-

952 1723 1022 1758 que
1058 1711 1147 1746 illud
1188 1711 1333 1757 Virgilii
1378 1711 1471 1746 Aen.
1511 1710 1558 1745 vt
1597 1710 1671 1747 633

951 1760 1062 1807 gressi
1092 1771 1159 1806 per
1193 1771 1308 1806 opaca
1341 1760 1482 1794 viarum
1515 1758 1671 1804 probare

951 1813 1070 1854 potest
1085 1808 1210 1842 Latine
1237 1808 1308 1842 dici
1332 1819 1474 1854 gressus
1494 1807 1672 1843 coloniam

952 1868 1015 1902 pro
1041 1857 1217 1902 inyressus
1242 1857 1331 1891 col..·
1360 1857 1468 1891 immo
1494 1857 1594 1901 prius
1610 1857 1671 1891 ni-

954 1905 1005 1939 hil
1032 1910 1086 1938 est
1104 1906 1173 1938 nisi
1200 1905 1448 1949 soloecismus,
1469 1915 1576 1951 quem
1597 1915 1671 1941 non

952 1953 1045 1988 bene
1072 1954 1164 1987 tueri
1190 1953 1323 1988 studuit
1349 1952 1520 1988 Orellius.

1040 2002 1177 2036 tertium
1211 2014 1323 2036 nonas
1360 2002 1584 2038 Ianuarias:
1620 2001 1668 2038 cf.

954 2054 1074 2084 annot.
1103 2050 1146 2084 ad
1172 2050 1218 2085 VI
1242 2052 1299 2087 50.

1028 2098 1166 2132 auxilia
1191 2111 1314 2144 equos,
1354 2110 1459 2134 arma
1481 2099 1672 2146 pecuniam

956 2146 1159 2192 offerentes:
1187 2159 1222 2183 v.
1250 2153 1371 2182 annot.
1401 2146 1446 2182 ad
1461 2147 1508 2183 xl
1530 2147 1576 2184 6.*
1594 2146 1668 2182 Ge-

954 2199 1067 2229 terum
1113 2197 1300 2241 pecuniam
1351 2197 1479 2242 scripsi
1523 2200 1671 2232 secutus

955 2244 1106 2287 priorem
1133 2245 1283 2280 Medicei
1309 2255 1476 2289 manum,
1505 2245 1589 2291 quin
1617 2245 1671 2280 sic

956 2297 991 2325 et
1016 2292 1166 2326 variatio
1193 2299 1346 2340 augetur
1363 2294 1486 2328 Tacito
1505 2297 1609 2340 gruta
1635 2297 1672 2328 et

955 2340 1130 2375 sibilantis
1152 2341 1292 2377 litterae
1305 2343 1476 2387 repetitio
1500 2343 1670 2376 evitatur.

1025 2395 1061 2422 ut
1089 2390 1227 2434 quisque
1244 2412 1289 2418 --
1315 2391 1479 2425 validm.-
1503 2391 1566 2436 qui
1586 2399 1671 2424 cor-

955 2446 1041 2481 pore
1070 2438 1204 2482 validi,
1234 2439 1396 2473 militiam
1423 2438 1612 2473 sumebant
1633 2437 1671 2472 in

957 2485 1162 2519 cohortibus
1208 2487 1322 2522 alisve
1346 2488 1563 2530 ‘socier-um,
1609 2486 1671 2532 qui

957 2533 1082 2577 opibus
1108 2539 1167 2568 aut
1195 2536 1356 2581 ingenio,
1384 2537 1454 2580 ipsi
1481 2535 1670 2580 pecuniam

958 2586 992 2614 et
1019 2592 1113 2615 arma
1139 2584 1359 2626 praebebant
1384 2588 1446 2618 aut
1471 2582 1565 2626 alios
1588 2581 1672 2616 elo-

958 2631 1102 2674 quentia
1128 2633 1386 2675 permovebant
1419 2636 1460 2666 ιιι
1491 2629 1671 2665 submini-

959 2683 1121 2713 strarent.
1174 2681 1250 2714 Non
1285 2682 1416 2716 merito
1449 2679 1590 2723 Lipsius
1625 2678 1671 2713 de

960 2727 1110 2761 sanitate
1135 2730 1236 2763 vocis
1255 2730 1398 2774 iri-‹yenit›
1419 2727 1595 2762 dubitavit
1609 2731 1671 2761 aut

961 2773 1040 2807 Otto
1067 2776 1216 2811 iumento
1243 2777 1439 2819 substituit,
1468 2774 1563 2821 quod
1588 2775 1670 2820 pla-

961 2823 1033 2855 cuit
1055 2823 1190 2859 Heraeo
1217 2836 1251 2870 p.
1281 2827 1360 2861 121.

1048 2883 1090 2904 eoe
1116 2874 1309 2918 adfluenti:
1347 2873 1393 2907 cf.
1430 2871 1518 2918 Agr.
1548 2873 1592 2908 15
1626 2883 1671 2908 w

958 2919 1071 2963 facili.
1101 2920 1224 2956 Graeci
1244 2923 1285 2959 ἐκ
1310 2921 1379 2957 τοῦ
1405 2919 1602 2968 ἀφθόνου,
1628 2922 1671 2958 ἐκ

958 2968 1024 3004 τοῦ
1049 2973 1265 3021 προχείρου.
1322 2968 1670 3019 principes—eolo-

1713 2846 1734 2986 ἤφ-..ἉΑΒ
