1768 3216
703 188 982 228 fflsronlcvs

109 303 301 349 antiquarii
326 303 356 338 0
380 303 425 337 21
452 308 488 339 et
512 304 572 339 42.

109 364 260 400 antistes
285 364 580 401 caerimoniarum
605 365 636 401 11
661 365 684 402 4
708 365 768 401 83.

109 423 264 461 Antistia
289 422 406 461 Plauti
433 433 522 460 uxor
540 423 595 460 ,14
621 424 680 461 22.

107 483 285 520 Antistius
313 482 433 516 Labeo
458 483 480 516 3
509 483 567 517 75.

108 543 286 581 Antistius,
309 542 480 581 Sosianus
511 542 675 580 tribunus
714 540 831 586 plebis

158 603 204 639 13
227 603 287 638 28.
325 607 469 648 praetor
498 601 542 635 14
564 601 625 636 48.
672 601 718 635 ob
745 611 831 645 pro-

157 664 266 700 brou
309 664 466 701 carmina
511 661 622 696 exilio
660 660 831 695 multatur

160 723 205 758 14
226 722 276 759 48
305 727 343 757 et
361 722 422 764 49,
451 722 496 759 16
516 721 577 756 21.
605 720 644 755 Ρ.
662 720 831 754 Anteium

119 814 122 818 .
155 787 302 819 accusat
327 781 372 819 16
405 781 462 816 14.
501 780 545 814 ab
586 779 696 814 exilio
722 780 768 813 ob
796 779 832 814 id

154 846 348 879 revocatur
369 840 455 879 ibid.
484 840 522 877 in
541 838 689 878 exilium
708 839 831 884 repel-

151 902 252 938 litur
275 902 307 937 11
327 900 353 936 4
378 898 439 934 44.
487 930 491 934 .

109 961 150 998 G.
167 962 346 998 Antistius
361 958 489 996 consul
506 958 530 992 4
549 959 579 992 1.
597 956 691 993 alius
711 956 755 990 12
770 956 831 991 25.

108 1021 147 1057 1..
172 1020 351 1057 Antistius
388 1018 501 1055 Vetus
540 1016 666 1056 consul
703 1017 747 1051 13
776 1018 832 1055 11.

158 1079 336 1116 exercitui
361 1081 504 1123 praeest
530 1076 568 1109 in
584 1074 771 1115 Germania
790 1076 832 1110 13

157 1139 217 1176 53.
245 1139 409 1174 Plautum
436 1145 609 1181 generum
634 1135 748 1173 adres
763 1144 833 1173 110-

157 1209 222 1233 vas
248 1198 410 1234 hortatur
438 1194 483 1228 14
507 1194 566 1233 58.
610 1194 718 1229 Asiae
744 1204 830 1239 pro..

157 1257 284 1295 consul
322 1256 366 1292 16
398 1255 453 1293 10.
522 1254 672 1289 moritur
708 1255 752 1294 16
787 1254 831 1290 10

157 1321 195 1353 et
221 1317 278 1352 11.

40 1384 52 1387 *
107 1377 285 1414 Antiatius
315 1377 424 1412 Vetus
449 1387 470 1410 o
504 1374 719 1420 primoribus
754 1373 831 1408 Ma-

157 1436 333 1472 cedonum
358 1437 543 1483 relegatur
567 1436 590 1470 3
615 1434 675 1470 38.

109 1497 257 1535 Antium
283 1496 306 1530 3
332 1496 389 1539 71,
416 1495 460 1530 14
484 1495 509 1528 4
534 1499 570 1529 et
594 1495 654 1529 27.
705 1493 831 1531 Antias

159 1565 248 1601 ager
277 1552 321 1589 14
345 1555 380 1589 3.
409 1554 562 1591 Neronis
577 1554 692 1598 patria
713 1553 756 1588 15
771 1551 829 1587 23.

161 1618 199 1648 et
221 1623 386 1647 secessus
414 1615 457 1648 15
483 1613 542 1648 39.
601 1612 650 1649 ibi
676 1611 832 1646 Fortuna

161 1674 339 1719 equestris
369 1673 393 1707 3
420 1674 477 1708 71.

110 1734 255 1770 Annona
281 1744 317 1767 v.
346 1734 487 1768 Avona.

110 1794 267 1828 Antonia
303 1791 444 1827 Claudii
482 1791 555 1826 filia
591 1791 633 1827 12
663 1791 685 1823 2
711 1793 747 1822 et
771 1787 828 1822 68.

162 1852 323 1889 cornelii
342 1852 464 1886 Sullae
485 1860 575 1886 uxor
596 1849 638 1886 13
662 1849 720 1883 23.
747 1857 829 1881 num

160 1911 419 1948 coniurationis
445 1910 480 1944 in
492 1909 671 1946 Neronem
685 1907 830 1946 conscia

163 1974 207 2008 15
232 1972 292 2008 53.

108 2032 267 2068 Antonia
289 2028 463 2065 Flaccilla
491 2028 533 2065 15
562 2027 618 2064 71.

112 2090 271 2128 Antonia
297 2089 413 2127 minor
438 2087 477 2124 1..
503 2086 652 2123 Domitii
688 2095 777 2120 uxor
809 2084 834 2118 4

161 2151 223 2188 44.
251 2149 315 2184 Cn.
345 2147 492 2183 Domitii
520 2151 557 2180 et
569 2138 747 2185 Domitiae
762 2145 832 2184 Le-

159 2209 266 2254 pidae
288 2212 403 2246 mater
434 2208 476 2245 12
504 2206 563 2241 64.

111 2270 268 2306 Antonia
292 2266 494 2305 Germanici
521 2265 669 2298 mutere»
683 2264 705 2298 3
723 2268 757 2301 et
777 2264 830 2298 18.

160 2333 198 2364 et
222 2325 361 2363 Claudii
392 2327 433 2360 11
459 2325 494 2366 3,
525 2324 568 2360 13
599 2324 654 2361 18.

113 2387 270 2426 Antonia
295 2386 400 2422 turris
429 2384 457 2420 Η
486 2385 507 2419 5
539 2384 593 2418 11.

112 2448 314 2483 Antoninus
342 2446 466 2480 Arrius
494 2444 523 2477 H
553 2445 569 2479 1
597 2442 654 2478 77.

112 2508 316 2544 Antoninus
343 2504 508 2539 Haterius
539 2502 581 2535 13
606 2501 664 2535 34.

113 2566 292 2602 Antonius
318 2564 419 2598 Felix
446 2562 600 2596 Palantis
636 2560 745 2593 frater
788 2560 830 2591 12

163 2626 219 2659 54.
247 2623 400 2658 Iudaeae
414 2625 621 2665 procurator
638 2617 720 2652 ibid.
749 2627 831 2650 sae-

163 2685 251 2719 vitia
278 2683 354 2716 eius
383 2692 424 2715 ac
451 2679 560 2713 libido
588 2678 615 2712 H
632 2679 653 2712 5
678 2677 714 2712 9.
739 2676 833 2711 Dru-

162 2742 277 2778 sillam
305 2752 452 2776 uxorem
478 2741 574 2775 ducit
599 2739 647 2773 ib.

115 2804 293 2839 Antonius
320 2802 477 2837 Flamma
503 2799 534 2834 H
557 2800 582 2832 4
609 2798 669 2834 45.

115 2864 293 2901 Antonius
319 2860 417 2897 lalus
447 2861 463 2894 1
495 2858 548 2902 ¹0.
580 2858 603 2893 3
632 2857 686 2893 18.
718 2856 833 2890 inter-

925 307 1043 341 fectus
1084 306 1130 343 ob
1173 304 1387 346 adulterium
1426 303 1541 345 Iuliae
1575 305 1601 339 4

925 366 990 401 44.

877 427 1053 460 Antonius
1089 423 1183 462 Naso
1223 423 1386 458 tribunus
1427 423 1601 468 praetorii

925 485 956 518 H
986 488 1002 519 1
1029 483 1089 518 20.

877 544 1054 580 Antonius
1078 542 1212 578 Natalis
1238 543 1276 576 in
1303 542 1482 581 Neronem
1507 550 1599 576 con-

925 604 1019 638 iurat
1048 603 1090 638 15
1116 603 1163 637 50
1189 606 1226 636 et
1250 602 1299 636 54
1328 606 1365 636 et
1388 602 1447 637 55.
1474 601 1520 635 ob
1539 601 1598 637 fe·-

925 664 1094 698 stinatum
1119 661 1289 700 indicium
1314 661 1469 706 impunis
1493 660 1537 699 15
1551 659 1599 695 56

928 727 964 757 et
990 723 1047 758 71.

876 783 1054 817 Antonius
1079 780 1253 816 Novellus
1278 779 1429 830 Otbonis
1466 779 1538 814 dux
1563 778 1595 812 H

928 845 946 876 1
974 842 1034 877 87.
1062 840 1196 878 nullius
1224 840 1447 879 auctoritatis
1471 840 1510 877 in
1522 838 1594 872 mi.-

925 900 1009 935 lites
1037 900 1067 934 H
1092 901 1115 934 2
1147 901 1203 936 12.

877 961 1056 996 Antonius
1082 958 1219 995 Primus
1244 958 1326 992 falsi
1352 957 1535 997 damnatus
1557 959 1600 998 14

926 1019 985 1053 40.
1015 1017 1043 1051 H
1071 1018 1092 1051 2
1121 1017 1178 1051 86.
1206 1017 1241 1050 in
1269 1022 1387 1061 partes
1411 1017 1600 1056 Flavianas

927 1076 1215 1124 transgressusll
1241 1076 1264 1114 2
1290 1076 1349 1114 86,
1377 1078 1491 1114 oratio
1517 1079 1596 1115 eius
1627 1094 1633 1101 ι

926 1148 990 1183 pro
1016 1136 1114 1174 bello
1146 1135 1348 1173 festinando
1375 1135 1493 1174 1132.
1522 1135 1597 1170 lta-

927 1196 1010 1230 liam
1047 1194 1185 1229 invadit
1222 1195 1251 1228 11
1280 1195 1303 1229 3
1328 1196 1363 1230 6.
1414 1200 1451 1229 et
1484 1200 1600 1230 vastat

926 1256 957 1289 H
979 1256 1003 1289 3
1027 1254 1085 1289 49.
1125 1254 1293 1292 facundia
1319 1259 1355 1288 et
1382 1255 1417 1290 in
1446 1254 1594 1300 vulgum

928 1314 1121 1347 auctoritas
1146 1313 1177 1349 H
1202 1314 1225 1347 3
1255 1314 1297 1348 10
1324 1318 1360 1348 et
1384 1313 1443 1348 80.
1482 1314 1595 1351 virtus

926 1373 963 1406 in
989 1372 1137 1416 proeliis
1164 1372 1194 1406 Η
1220 1373 1243 1407 3
1269 1373 1324 1409 17.
1379 1373 1529 1410 avaritia
1555 1383 1598 1411 ac

926 1431 1092 1476 superbia
1133 1431 1162 1465 H
1197 1431 1221 1467 3
1253 1431 1300 1468 28
1332 1435 1368 1465 et
1398 1433 1441 1469 31
1477 1436 1514 1466 et
1537 1431 1601 1471 49.κ

929 1491 1138 1527 cremonam
1191 1495 1371 1536 expugnat
1408 1491 1437 1525 H
1476 1492 1500 1528 3
1534 1491 1592 1526 31.

925 1549 1126 1584 Mucianum
1178 1551 1375 1584 insectatur
1410 1550 1439 1584 H
1478 1550 1501 1584 3
1535 1550 1593 1585 53.

926 1608 971 1642 ab
998 1618 1040 1642 eo
1068 1609 1212 1645 timetur
1240 1609 1269 1647 H
1293 1609 1318 1646 4
1344 1607 1404 1644 39.
1462 1608 1596 1646 milite}

927 1667 1131 1713 adloquitur
1160 1669 1188 1705 Η
1215 1668 1238 1703 3
1264 1668 1322 1703 60.
1379 1667 1591 1711 proditionis

927 1733 1113 1772 suspectus
1140 1727 1168 1765 11
1195 1728 1217 1760 3
1248 1727 1304 1769 78,
1332 1727 1356 1761 4
1381 1727 1438 1764 68.
1466 1731 1598 1771 poton-

928 1787 976 1820 tia
1001 1788 1078 1823 eius
1102 1788 1139 1823 in
1174 1786 1261 1823 urbe
1287 1786 1315 1824 ll
1343 1786 1367 1820 4
1391 1787 1426 1822 2.
1484 1786 1599 1823 fracta

927 1847 1080 1883 Muciani
1104 1846 1261 1883 adventu
1286 1845 1315 1879 11
1336 1845 1360 1882 4
1383 1846 1436 1880 11.
1465 1854 1598 1882 oonsu-

927 1905 1015 1939 laria
1041 1906 1074 1941 ei
1103 1904 1342 1943 decernuntur
1367 1905 1396 1942 11
1421 1903 1445 1939 4
1469 1906 1504 1940 4.
1555 1903 1600 1938 ad

930 1966 1186 2010 Vespasianum
1235 1963 1474 2009 proficiscitur
1510 1962 1540 2001 H
1573 1961 1599 1997 4

927 2025 986 2059 80.
1038 2024 1116 2057 eius
1139 2023 1348 2069 adrogantia
1373 2022 1403 2061 H
1429 2022 1453 2056 3
1477 2021 1546 2064 49,
1574 2021 1599 2055 4

929 2083 988 2118 80.

881 2143 920 2178 L.
934 2142 1123 2184 Antonius,
1138 2140 1232 2179 filius
1251 2140 1317 2179 tuli
1332 2140 1493 2182 Antonii,
1518 2148 1598 2173 mo..

931 2202 1018 2237 ritur
1043 2199 1066 2235 4
1091 2199 1150 2234 44.

881 2262 926 2295 M.
953 2260 1130 2295 Antonius
1167 2256 1329 2294 triumvir
1359 2257 1373 2291 1
1402 2257 1423 2293 2
1452 2259 1487 2288 et
1513 2254 1536 2290 9
1562 2259 1599 2288 et

932 2318 987 2360 10,
1014 2320 1034 2352 2
1063 2318 1121 2353 53.
1150 2315 1350 2355 Germanici
1388 2323 1475 2353 avus
1501 2314 1523 2347 2
1550 2313 1599 2346 43

928 2383 964 2412 et
992 2378 1049 2413 53.
1083 2388 1102 2413 a
1128 2374 1266 2413 Parthis
1296 2372 1502 2409 exturbatur
1523 2373 1546 2412 2
1563 2372 1597 2406 2.

928 2435 1147 2475 Artavasden
1174 2433 1344 2468 interficit
1368 2433 1390 2467 2
1420 2432 1455 2473 3.
1518 2431 1598 2475 epi-

928 2496 1043 2533 stulae
1068 2496 1105 2530 in
1130 2494 1327 2539 Augustum
1352 2491 1376 2526 4
1392 2490 1451 2525 34.
1480 2491 1598 2538 impu-

930 2559 1059 2601 gnatur
1090 2565 1110 2587 a
1136 2554 1312 2587 Cicerone
1342 2550 1370 2584 0
1396 2550 1453 2584 37.
1522 2549 1598 2582 eius

930 2615 1046 2659 neptis
1073 2613 1201 2647 liberto
1232 2615 1340 2654 nupta
1370 2610 1396 2644 ll
1421 2610 1441 2641 Γ)
1461 2607 1494 2641 9.
1523 2606 1597 2643 Hc-

930 2674 1025 2708 rodis
1055 2673 1189 2707 amicus
1216 2670 1244 2704 H
1271 2670 1292 2703 5
1323 2670 1378 2701 11.

882 2733 1057 2768 Antonius
1086 2731 1216 2765 Taurus
1243 2728 1403 2762 tribunus
1430 2724 1598 2770 praetorii

930 2793 958 2828 H
988 2794 1004 2826 1
1034 2791 1091 2826 20.

883 2851 1008 2888 anulus
1026 2851 1163 2886 ferreus
1183 2847 1209 2883 G
1226 2847 1284 2882 31.
1328 2845 1471 2881 anulum
1496 2843 1599 2880 fran-
