<?xml version="1.0" encoding="UTF-8"?>
<!DOCTYPE html PUBLIC "-//W3C//DTD XHTML 1.0 Transitional//EN"
    "http://www.w3.org/TR/xhtml1/DTD/xhtml1-transitional.dtd">
<html xmlns="http://www.w3.org/1999/xhtml" xml:lang="en" lang="en">
 <head>
  <title>
</title>
<meta http-equiv="Content-Type" content="text/html;charset=utf-8" />
  <meta name='ocr-system' content='tesseract 3.04.00' />
  <meta name='ocr-capabilities' content='ocr_page ocr_carea ocr_par ocr_line ocrx_word'/>
</head>
<body>
  <div class='ocr_page' id='page_1' title='image "./operaadcodicesan03taciuoft/operaadcodicesan03taciuoft_0339.png"; bbox 0 0 1768 3216; ppageno 0'>
   <div class='ocr_carea' id='block_1_1' title="bbox 114 254 1620 299">
    <p class='ocr_par' dir='ltr' id='par_1_1' title="bbox 114 254 1620 299">
     <span class='ocr_line' id='line_1_1' title="bbox 114 254 1620 299; baseline -0.006 -3"><span class='ocrx_word' id='word_1_1' title='bbox 114 270 142 296; x_wconf 70' lang='grc' dir='ltr'>ι</span> <span class='ocrx_word' id='word_1_2' title='bbox 162 258 205 296; x_wconf 73' lang='grc'><strong>0.</strong></span> <span class='ocrx_word' id='word_1_3' title='bbox 233 260 292 299; x_wconf 83' lang='grc'><strong>70.</strong></span> <span class='ocrx_word' id='word_1_4' title='bbox 575 257 711 292; x_wconf 82' lang='lat' dir='ltr'><strong>LlBER</strong></span> <span class='ocrx_word' id='word_1_5' title='bbox 738 257 800 292; x_wconf 88' lang='lat' dir='ltr'><strong>tv.</strong></span> <span class='ocrx_word' id='word_1_6' title='bbox 853 255 941 291; x_wconf 69' lang='lat' dir='ltr'><strong>Gn.</strong></span> <span class='ocrx_word' id='word_1_7' title='bbox 968 255 1126 292; x_wconf 80' lang='lat'><strong>46-48.</strong></span> <span class='ocrx_word' id='word_1_8' title='bbox 1546 254 1620 287; x_wconf 70' lang='lat'><strong>829</strong></span> 
     </span>
    </p>
   </div>
   <div class='ocr_carea' id='block_1_2' title="bbox 51 370 1768 1628">
    <p class='ocr_par' dir='ltr' id='par_1_2' title="bbox 51 370 1768 1628">
     <span class='ocr_line' id='line_1_2' title="bbox 114 370 1621 431; baseline -0.007 -11"><span class='ocrx_word' id='word_1_9' title='bbox 114 377 231 431; x_wconf 75' lang='lat' dir='ltr'><strong>lans,</strong></span> <span class='ocrx_word' id='word_1_10' title='bbox 274 377 380 420; x_wconf 82' lang='lat' dir='ltr'><strong>salso</strong></span> <span class='ocrx_word' id='word_1_11' title='bbox 422 377 561 418; x_wconf 91' lang='lat' dir='ltr'><strong>timori</strong></span> <span class='ocrx_word' id='word_1_12' title='bbox 603 376 769 418; x_wconf 87' lang='lat' dir='ltr'><strong>obviam</strong></span> <span class='ocrx_word' id='word_1_13' title='bbox 801 375 892 416; x_wconf 88' lang='lat' dir='ltr'><strong>iret.</strong></span> <span class='ocrx_word' id='word_1_14' title='bbox 953 374 1140 428; x_wconf 82' lang='lat' dir='ltr'><strong>Namque</strong></span> <span class='ocrx_word' id='word_1_15' title='bbox 1171 377 1212 414; x_wconf 86' lang='lat' dir='ltr'><strong>et</strong></span> <span class='ocrx_word' id='word_1_16' title='bbox 1240 372 1378 414; x_wconf 85' lang='lat' dir='ltr'><strong>vietor</strong></span> <span class='ocrx_word' id='word_1_17' title='bbox 1409 370 1621 415; x_wconf 86' lang='lat' dir='ltr'><strong>exercitus</strong></span> 
     </span>
     <span class='ocr_line' id='line_1_3' title="bbox 117 444 1621 502; baseline -0.007 -6"><span class='ocrx_word' id='word_1_18' title='bbox 117 453 303 495; x_wconf 87' lang='lat' dir='ltr'><strong>elamore</strong></span> <span class='ocrx_word' id='word_1_19' title='bbox 332 452 527 494; x_wconf 81' lang='lat' dir='ltr'><strong>lacrimas</strong></span> <span class='ocrx_word' id='word_1_20' title='bbox 558 463 703 492; x_wconf 89' lang='lat' dir='ltr'><strong>eorum</strong></span> <span class='ocrx_word' id='word_1_21' title='bbox 734 449 915 491; x_wconf 88' lang='lat' dir='ltr'><strong>iuvabat.</strong></span> <span class='ocrx_word' id='word_1_22' title='bbox 964 449 1085 502; x_wconf 90' lang='lat' dir='ltr'><strong>Isque</strong></span> <span class='ocrx_word' id='word_1_23' title='bbox 1115 448 1208 489; x_wconf 84' lang='lat' dir='ltr'><strong>finis</strong></span> <span class='ocrx_word' id='word_1_24' title='bbox 1240 447 1310 489; x_wconf 91' lang='lat' dir='ltr'><strong>illa</strong></span> <span class='ocrx_word' id='word_1_25' title='bbox 1341 445 1423 489; x_wconf 88' lang='lat' dir='ltr'><strong>die.</strong></span> <span class='ocrx_word' id='word_1_26' title='bbox 1471 444 1621 487; x_wconf 83' lang='lat' dir='ltr'><strong>Paucis</strong></span> 
     </span>
     <span class='ocr_line' id='line_1_4' title="bbox 117 503 1757 584; baseline -0.007 -13"><span class='ocrx_word' id='word_1_27' title='bbox 117 532 214 584; x_wconf 89' lang='lat' dir='ltr'><strong>post</strong></span> <span class='ocrx_word' id='word_1_28' title='bbox 244 527 392 570; x_wconf 90' lang='lat' dir='ltr'><strong>diebus</strong></span> <span class='ocrx_word' id='word_1_29' title='bbox 422 526 715 580; x_wconf 79' lang='lat' dir='ltr'><strong>adloquentem</strong></span> <span class='ocrx_word' id='word_1_30' title='bbox 759 524 1038 566; x_wconf 87' lang='lat' dir='ltr'><strong>Domitianum</strong></span> <span class='ocrx_word' id='word_1_31' title='bbox 1079 523 1232 583; x_wconf 71' lang='lat' dir='ltr'><strong>firmati</strong></span> <span class='ocrx_word' id='word_1_32' title='bbox 1278 523 1358 564; x_wconf 88' lang='lat' dir='ltr'><strong>iam</strong></span> <span class='ocrx_word' id='word_1_33' title='bbox 1401 503 1757 575; x_wconf 37' lang='lat' dir='ltr'><strong>exceperesvi‘ff</strong></span> 
     </span>
     <span class='ocr_line' id='line_1_5' title="bbox 120 578 1768 678; baseline -0.007 -31"><span class='ocrx_word' id='word_1_34' title='bbox 120 604 329 659; x_wconf 79' lang='lat' dir='ltr'><strong>spernunt</strong></span> <span class='ocrx_word' id='word_1_35' title='bbox 358 602 521 644; x_wconf 85' lang='lat' dir='ltr'><strong>oblatos</strong></span> <span class='ocrx_word' id='word_1_36' title='bbox 553 612 695 656; x_wconf 74' lang='lat' dir='ltr'><strong>agTOS,</strong></span> <span class='ocrx_word' id='word_1_37' title='bbox 728 600 915 641; x_wconf 88' lang='lat' dir='ltr'><strong>militiam</strong></span> <span class='ocrx_word' id='word_1_38' title='bbox 947 603 988 640; x_wconf 88' lang='lat' dir='ltr'><strong>et</strong></span> <span class='ocrx_word' id='word_1_39' title='bbox 1026 582 1233 653; x_wconf 68' lang='lat' dir='ltr'><strong>stipeHdia</strong></span> <span class='ocrx_word' id='word_1_40' title='bbox 1278 601 1411 639; x_wconf 87' lang='lat' dir='ltr'><strong>orant.</strong></span> <span class='ocrx_word' id='word_1_41' title='bbox 1472 586 1647 637; x_wconf 66' lang='lat' dir='ltr'><strong>Preces*</strong></span> <span class='ocrx_word' id='word_1_42' title='bbox 1677 578 1768 678; x_wconf 33' lang='lat'><strong>&gt;²2²</strong></span> 
     </span>
     <span class='ocr_line' id='line_1_6' title="bbox 119 654 1729 731; baseline -0.004 -11"><span class='ocrx_word' id='word_1_43' title='bbox 119 682 253 730; x_wconf 87' lang='lat' dir='ltr'><strong>erant,</strong></span> <span class='ocrx_word' id='word_1_44' title='bbox 286 677 362 719; x_wconf 89' lang='lat' dir='ltr'><strong>sed</strong></span> <span class='ocrx_word' id='word_1_45' title='bbox 394 677 542 731; x_wconf 90' lang='lat' dir='ltr'><strong>quibus</strong></span> <span class='ocrx_word' id='word_1_46' title='bbox 575 675 810 717; x_wconf 75' lang='lat' dir='ltr'>contradici</span> <span class='ocrx_word' id='word_1_47' title='bbox 840 686 925 716; x_wconf 91' lang='lat' dir='ltr'><strong>non</strong></span> <span class='ocrx_word' id='word_1_48' title='bbox 954 677 1111 727; x_wconf 88' lang='lat' dir='ltr'><strong>posset.</strong></span> <span class='ocrx_word' id='word_1_49' title='bbox 1160 672 1290 727; x_wconf 88' lang='lat' dir='ltr'><strong>lgitur</strong></span> <span class='ocrx_word' id='word_1_50' title='bbox 1310 672 1351 713; x_wconf 93' lang='lat' dir='ltr'><strong>in</strong></span> <span class='ocrx_word' id='word_1_51' title='bbox 1373 662 1667 726; x_wconf 52' lang='lat' dir='ltr'><strong>praetorium&amp;</strong></span> <span class='ocrx_word' id='word_1_52' title='bbox 1689 654 1729 690; x_wconf 51' lang='lat'><strong>‘²²</strong></span> 
     </span>
     <span class='ocr_line' id='line_1_7' title="bbox 120 747 1628 808; baseline -0.006 -12"><span class='ocrx_word' id='word_1_53' title='bbox 120 753 297 808; x_wconf 86' lang='lat' dir='ltr'><strong>accepti.</strong></span> <span class='ocrx_word' id='word_1_54' title='bbox 358 752 467 794; x_wconf 88' lang='lat' dir='ltr'><strong>Dein</strong></span> <span class='ocrx_word' id='word_1_55' title='bbox 498 751 647 805; x_wconf 91' lang='lat' dir='ltr'><strong>quibus</strong></span> <span class='ocrx_word' id='word_1_56' title='bbox 679 754 794 792; x_wconf 87' lang='lat' dir='ltr'><strong>aetas</strong></span> <span class='ocrx_word' id='word_1_57' title='bbox 827 754 868 790; x_wconf 87' lang='lat' dir='ltr'><strong>et</strong></span> <span class='ocrx_word' id='word_1_58' title='bbox 898 749 1004 790; x_wconf 91' lang='lat' dir='ltr'><strong>iusta</strong></span> <span class='ocrx_word' id='word_1_59' title='bbox 1049 748 1283 802; x_wconf 84' lang='lat' dir='ltr'><strong>stipendia,</strong></span> <span class='ocrx_word' id='word_1_60' title='bbox 1329 747 1491 789; x_wconf 85' lang='lat' dir='ltr'>dimissi</span> <span class='ocrx_word' id='word_1_61' title='bbox 1534 758 1628 787; x_wconf 90' lang='lat' dir='ltr'><strong>cum</strong></span> 
     </span>
     <span class='ocr_line' id='line_1_8' title="bbox 119 800 1768 912; baseline -0.005 -42"><span class='ocrx_word' id='word_1_62' title='bbox 119 828 298 880; x_wconf 82' lang='lat' dir='ltr'><strong>honore,</strong></span> <span class='ocrx_word' id='word_1_63' title='bbox 330 827 400 870; x_wconf 86' lang='lat' dir='ltr'><strong>alii</strong></span> <span class='ocrx_word' id='word_1_64' title='bbox 431 827 485 868; x_wconf 91' lang='lat' dir='ltr'><strong>ob</strong></span> <span class='ocrx_word' id='word_1_65' title='bbox 517 826 694 880; x_wconf 89' lang='lat' dir='ltr'><strong>culpam,</strong></span> <span class='ocrx_word' id='word_1_66' title='bbox 727 825 802 866; x_wconf 88' lang='lat' dir='ltr'><strong>sed</strong></span> <span class='ocrx_word' id='word_1_67' title='bbox 835 824 1009 892; x_wconf 69' lang='lat' dir='ltr'><strong>carptim</strong></span> <span class='ocrx_word' id='word_1_68' title='bbox 1041 836 1091 886; x_wconf 84' lang='lat' dir='ltr'><strong>ac</strong></span> <span class='ocrx_word' id='word_1_69' title='bbox 1108 822 1288 878; x_wconf 84' lang='lat' dir='ltr'><strong>singuli3</strong></span> <span class='ocrx_word' id='word_1_70' title='bbox 1320 834 1401 877; x_wconf 91' lang='lat' dir='ltr'><strong>quo</strong></span> <span class='ocrx_word' id='word_1_71' title='bbox 1423 821 1627 864; x_wconf 82' lang='lat' dir='ltr'><strong>tutissimo</strong></span> <span class='ocrx_word' id='word_1_72' title='bbox 1651 800 1688 893; x_wconf 45' lang='grc' dir='ltr'><strong>ᾗ)</strong></span> <span class='ocrx_word' id='word_1_73' title='bbox 1711 808 1768 912; x_wconf 46' lang='lat' dir='ltr'><em>Q</em></span> 
     </span>
     <span class='ocr_line' id='line_1_9' title="bbox 51 888 1675 956; baseline -0.006 -10"><span class='ocrx_word' id='word_1_74' title='bbox 51 902 311 946; x_wconf 75' lang='lat' dir='ltr'><strong>47remedio</strong></span> <span class='ocrx_word' id='word_1_75' title='bbox 373 913 606 943; x_wconf 87' lang='lat' dir='ltr'><strong>consensus</strong></span> <span class='ocrx_word' id='word_1_76' title='bbox 637 888 911 941; x_wconf 71' lang='lat' dir='ltr'><strong>multitudinis</strong></span> <span class='ocrx_word' id='word_1_77' title='bbox 937 892 1203 939; x_wconf 75' lang='lat' dir='ltr'><strong>extenuatur.</strong></span> <span class='ocrx_word' id='word_1_78' title='bbox 1250 896 1440 938; x_wconf 88' lang='lat' dir='ltr'><strong>Ceterum</strong></span> <span class='ocrx_word' id='word_1_79' title='bbox 1472 907 1630 956; x_wconf 67' lang='lat' dir='ltr'><strong>verane</strong></span> <span class='ocrx_word' id='word_1_80' title='bbox 1650 891 1675 913; x_wconf 47' lang='grc' dir='ltr'><strong>ζ*</strong></span> 
     </span>
     <span class='ocr_line' id='line_1_10' title="bbox 118 953 1630 1035; baseline -0.007 -15"><span class='ocrx_word' id='word_1_81' title='bbox 118 977 317 1034; x_wconf 80' lang='lat' dir='ltr'><strong>pauperie</strong></span> <span class='ocrx_word' id='word_1_82' title='bbox 345 989 398 1018; x_wconf 88' lang='lat' dir='ltr'><strong>an</strong></span> <span class='ocrx_word' id='word_1_83' title='bbox 426 975 745 1035; x_wconf 12' lang='lat' dir='ltr'><strong>utin-yideretur,</strong></span> <span class='ocrx_word' id='word_1_84' title='bbox 779 977 915 1015; x_wconf 90' lang='lat' dir='ltr'><strong>actum</strong></span> <span class='ocrx_word' id='word_1_85' title='bbox 947 972 987 1013; x_wconf 94' lang='lat' dir='ltr'><strong>in</strong></span> <span class='ocrx_word' id='word_1_86' title='bbox 1017 976 1163 1014; x_wconf 85' lang='lat' dir='ltr'><strong>senatu</strong></span> <span class='ocrx_word' id='word_1_87' title='bbox 1191 976 1236 1013; x_wconf 91' lang='lat' dir='ltr'><strong>ut</strong></span> <span class='ocrx_word' id='word_1_88' title='bbox 1266 953 1630 1013; x_wconf 36' lang='lat' dir='ltr'><strong>sexcentiessss-</strong></span> 
     </span>
     <span class='ocr_line' id='line_1_11' title="bbox 119 1035 1683 1105; baseline -0.005 -11"><span class='ocrx_word' id='word_1_89' title='bbox 119 1052 284 1094; x_wconf 90' lang='lat' dir='ltr'><strong>tertium</strong></span> <span class='ocrx_word' id='word_1_90' title='bbox 329 1065 354 1094; x_wconf 89' lang='lat' dir='ltr'><strong>a</strong></span> <span class='ocrx_word' id='word_1_91' title='bbox 392 1035 565 1105; x_wconf 78' lang='lat' dir='ltr'><strong>privatis</strong></span> <span class='ocrx_word' id='word_1_92' title='bbox 614 1053 796 1090; x_wconf 90' lang='lat' dir='ltr'><strong>mutuum</strong></span> <span class='ocrx_word' id='word_1_93' title='bbox 846 1048 1108 1102; x_wconf 87' lang='lat' dir='ltr'><strong>acciperetur</strong></span> <span class='ocrx_word' id='word_1_94' title='bbox 1121 1060 1133 1098; x_wconf 86' lang='lat'><em>3</em></span> <span class='ocrx_word' id='word_1_95' title='bbox 1191 1046 1542 1101; x_wconf 83' lang='lat' dir='ltr'><strong>praepositusque</strong></span> <span class='ocrx_word' id='word_1_96' title='bbox 1589 1045 1629 1087; x_wconf 89' lang='lat' dir='ltr'><strong>ei</strong></span> <span class='ocrx_word' id='word_1_97' title='bbox 1643 1056 1683 1085; x_wconf 82' lang='grc' dir='ltr'><strong>ιο</strong></span> 
     </span>
     <span class='ocr_line' id='line_1_12' title="bbox 123 1121 1628 1181; baseline -0.006 -11"><span class='ocrx_word' id='word_1_98' title='bbox 123 1139 253 1170; x_wconf 84' lang='lat' dir='ltr'><strong>curae</strong></span> <span class='ocrx_word' id='word_1_99' title='bbox 283 1127 500 1181; x_wconf 87' lang='lat' dir='ltr'><strong>Pompeius</strong></span> <span class='ocrx_word' id='word_1_100' title='bbox 531 1125 738 1168; x_wconf 90' lang='lat' dir='ltr'><strong>Silvanus.</strong></span> <span class='ocrx_word' id='word_1_101' title='bbox 798 1124 886 1166; x_wconf 87' lang='lat' dir='ltr'><strong>Nec</strong></span> <span class='ocrx_word' id='word_1_102' title='bbox 927 1122 1054 1164; x_wconf 90' lang='lat' dir='ltr'><strong>multo</strong></span> <span class='ocrx_word' id='word_1_103' title='bbox 1100 1126 1195 1176; x_wconf 92' lang='lat' dir='ltr'><strong>post</strong></span> <span class='ocrx_word' id='word_1_104' title='bbox 1236 1121 1471 1163; x_wconf 82' lang='lat' dir='ltr'><strong>necessitas</strong></span> <span class='ocrx_word' id='word_1_105' title='bbox 1513 1121 1628 1173; x_wconf 87' lang='lat' dir='ltr'><strong>abiit,</strong></span> 
     </span>
     <span class='ocr_line' id='line_1_13' title="bbox 123 1196 1632 1253; baseline -0.006 -8"><span class='ocrx_word' id='word_1_106' title='bbox 123 1203 214 1245; x_wconf 89' lang='lat' dir='ltr'><strong>sive</strong></span> <span class='ocrx_word' id='word_1_107' title='bbox 244 1202 402 1244; x_wconf 86' lang='lat' dir='ltr'><strong>omissa</strong></span> <span class='ocrx_word' id='word_1_108' title='bbox 432 1200 655 1242; x_wconf 85' lang='lat' dir='ltr'><strong>simulatio.</strong></span> <span class='ocrx_word' id='word_1_109' title='bbox 716 1198 923 1253; x_wconf 85' lang='lat' dir='ltr'><strong>Abrogati</strong></span> <span class='ocrx_word' id='word_1_110' title='bbox 954 1198 1076 1250; x_wconf 87' lang='lat' dir='ltr'><strong>inde,</strong></span> <span class='ocrx_word' id='word_1_111' title='bbox 1122 1197 1259 1252; x_wconf 85' lang='lat' dir='ltr'><strong>legem</strong></span> <span class='ocrx_word' id='word_1_112' title='bbox 1292 1196 1453 1238; x_wconf 84' lang='lat' dir='ltr'><strong>ferente</strong></span> <span class='ocrx_word' id='word_1_113' title='bbox 1484 1196 1632 1237; x_wconf 87' lang='lat' dir='ltr'><strong>Domi-</strong></span> 
     </span>
     <span class='ocr_line' id='line_1_14' title="bbox 124 1271 1631 1329; baseline -0.005 -11"><span class='ocrx_word' id='word_1_114' title='bbox 124 1277 255 1329; x_wconf 84' lang='lat' dir='ltr'><strong>tiano,</strong></span> <span class='ocrx_word' id='word_1_115' title='bbox 289 1276 529 1318; x_wconf 87' lang='lat' dir='ltr'><strong>consulatus</strong></span> <span class='ocrx_word' id='word_1_116' title='bbox 562 1286 666 1329; x_wconf 92' lang='lat' dir='ltr'><strong>quos</strong></span> <span class='ocrx_word' id='word_1_117' title='bbox 698 1273 888 1316; x_wconf 90' lang='lat' dir='ltr'><strong>Vitellius</strong></span> <span class='ocrx_word' id='word_1_118' title='bbox 920 1273 1118 1325; x_wconf 83' lang='lat' dir='ltr'><strong>dederat,</strong></span> <span class='ocrx_word' id='word_1_119' title='bbox 1153 1272 1360 1326; x_wconf 84' lang='lat' dir='ltr'><strong>funusque</strong></span> <span class='ocrx_word' id='word_1_120' title='bbox 1392 1271 1631 1312; x_wconf 84' lang='lat' dir='ltr'><strong>censorium</strong></span> 
     </span>
     <span class='ocr_line' id='line_1_15' title="bbox 123 1346 1632 1404; baseline -0.004 -10"><span class='ocrx_word' id='word_1_121' title='bbox 123 1351 267 1396; x_wconf 86' lang='lat' dir='ltr'><strong>Flavio</strong></span> <span class='ocrx_word' id='word_1_122' title='bbox 299 1351 454 1394; x_wconf 89' lang='lat' dir='ltr'><strong>Sabino</strong></span> <span class='ocrx_word' id='word_1_123' title='bbox 486 1350 678 1401; x_wconf 90' lang='lat' dir='ltr'><strong>ductum,</strong></span> <span class='ocrx_word' id='word_1_124' title='bbox 721 1361 874 1404; x_wconf 83' lang='lat' dir='ltr'><strong>magna</strong></span> <span class='ocrx_word' id='word_1_125' title='bbox 913 1347 1161 1390; x_wconf 88' lang='lat' dir='ltr'><strong>documenta</strong></span> <span class='ocrx_word' id='word_1_126' title='bbox 1204 1346 1408 1390; x_wconf 89' lang='lat' dir='ltr'><strong>instabilis</strong></span> <span class='ocrx_word' id='word_1_127' title='bbox 1441 1346 1632 1389; x_wconf 79' lang='lat' dir='ltr'><strong>fortunae</strong></span> 
     </span>
     <span class='ocr_line' id='line_1_16' title="bbox 124 1407 1765 1488; baseline -0.007 -19"><span class='ocrx_word' id='word_1_128' title='bbox 124 1438 367 1480; x_wconf 83' lang='lat' dir='ltr'><strong>summaque</strong></span> <span class='ocrx_word' id='word_1_129' title='bbox 397 1429 439 1468; x_wconf 84' lang='lat' dir='ltr'><strong>et</strong></span> <span class='ocrx_word' id='word_1_130' title='bbox 467 1426 549 1467; x_wconf 90' lang='lat' dir='ltr'><strong>ima</strong></span> <span class='ocrx_word' id='word_1_131' title='bbox 579 1407 808 1466; x_wconf 76' lang='lat' dir='ltr'><strong>miscentis.</strong></span> <span class='ocrx_word' id='word_1_132' title='bbox 1647 1430 1686 1459; x_wconf 70' lang='grc' dir='ltr'><strong>ιε</strong></span> <span class='ocrx_word' id='word_1_133' title='bbox 1756 1472 1765 1488; x_wconf 35' lang='grc' dir='ltr'><strong>Ἰ</strong></span> 
     </span>
     <span class='ocr_line' id='line_1_17' title="bbox 194 1491 1763 1558; baseline -0.005 -14"><span class='ocrx_word' id='word_1_134' title='bbox 194 1540 202 1546; x_wconf 28' lang='grc'><em>1</em></span> <span class='ocrx_word' id='word_1_135' title='bbox 263 1500 347 1543; x_wconf 91' lang='lat' dir='ltr'><strong>Sub</strong></span> <span class='ocrx_word' id='word_1_136' title='bbox 379 1499 489 1541; x_wconf 89' lang='lat' dir='ltr'><strong>idem</strong></span> <span class='ocrx_word' id='word_1_137' title='bbox 520 1503 682 1553; x_wconf 87' lang='lat' dir='ltr'><strong>tempus</strong></span> <span class='ocrx_word' id='word_1_138' title='bbox 711 1497 864 1539; x_wconf 90' lang='lat' dir='ltr'><strong>Lucius</strong></span> <span class='ocrx_word' id='word_1_139' title='bbox 903 1497 997 1539; x_wconf 92' lang='lat' dir='ltr'><strong>Piso</strong></span> <span class='ocrx_word' id='word_1_140' title='bbox 1038 1508 1114 1551; x_wconf 89' lang='lat' dir='ltr'><strong>pro</strong></span> <span class='ocrx_word' id='word_1_141' title='bbox 1144 1495 1331 1558; x_wconf 64' lang='lat' dir='ltr'><strong>qule</strong></span> <span class='ocrx_word' id='word_1_142' title='bbox 1372 1495 1630 1538; x_wconf 85' lang='lat' dir='ltr'><strong>interficitur.</strong></span> <span class='ocrx_word' id='word_1_143' title='bbox 1662 1492 1693 1537; x_wconf 63' lang='lat' dir='ltr'><strong>ft</strong></span> <span class='ocrx_word' id='word_1_144' title='bbox 1738 1491 1763 1529; x_wconf 52' lang='grc' dir='ltr'><em>Ὺ</em></span> 
     </span>
     <span class='ocr_line' id='line_1_18' title="bbox 125 1553 1768 1628; baseline -0.005 -10"><span class='ocrx_word' id='word_1_145' title='bbox 125 1575 187 1619; x_wconf 83' lang='lat' dir='ltr'><strong>Ea</strong></span> <span class='ocrx_word' id='word_1_146' title='bbox 216 1575 271 1617; x_wconf 88' lang='lat' dir='ltr'><strong>de</strong></span> <span class='ocrx_word' id='word_1_147' title='bbox 302 1575 434 1617; x_wconf 86' lang='lat' dir='ltr'><strong>caede</strong></span> <span class='ocrx_word' id='word_1_148' title='bbox 472 1587 594 1628; x_wconf 89' lang='lat' dir='ltr'><strong>quam</strong></span> <span class='ocrx_word' id='word_1_149' title='bbox 623 1573 844 1615; x_wconf 89' lang='lat' dir='ltr'><strong>verissime</strong></span> <span class='ocrx_word' id='word_1_150' title='bbox 875 1557 1142 1626; x_wconf 31' lang='lat' dir='ltr'><strong>expediam?</strong></span> <span class='ocrx_word' id='word_1_151' title='bbox 1162 1571 1199 1612; x_wconf 93' lang='lat' dir='ltr'><strong>si</strong></span> <span class='ocrx_word' id='word_1_152' title='bbox 1236 1583 1370 1625; x_wconf 87' lang='lat' dir='ltr'><strong>pauca</strong></span> <span class='ocrx_word' id='word_1_153' title='bbox 1400 1583 1525 1624; x_wconf 88' lang='lat' dir='ltr'><strong>supra</strong></span> <span class='ocrx_word' id='word_1_154' title='bbox 1557 1583 1633 1612; x_wconf 89' lang='lat' dir='ltr'><strong>re-</strong></span> <span class='ocrx_word' id='word_1_155' title='bbox 1675 1572 1694 1587; x_wconf 62' lang='lat'><strong>²</strong></span> <span class='ocrx_word' id='word_1_156' title='bbox 1720 1553 1768 1582; x_wconf 56' lang='lat'><strong>&#39;⁵²‘</strong></span> 
     </span>
    </p>
   </div>
   <div class='ocr_carea' id='block_1_3' title="bbox 123 1645 1631 1706">
    <p class='ocr_par' dir='ltr' id='par_1_3' title="bbox 123 1645 1631 1706">
     <span class='ocr_line' id='line_1_19' title="bbox 123 1645 1631 1706; baseline -0.005 -13"><span class='ocrx_word' id='word_1_157' title='bbox 123 1651 300 1706; x_wconf 88' lang='lat' dir='ltr'><strong>petiero,</strong></span> <span class='ocrx_word' id='word_1_158' title='bbox 344 1650 395 1691; x_wconf 89' lang='lat' dir='ltr'><strong>ab</strong></span> <span class='ocrx_word' id='word_1_159' title='bbox 438 1650 556 1690; x_wconf 89' lang='lat' dir='ltr'><strong>initio</strong></span> <span class='ocrx_word' id='word_1_160' title='bbox 604 1648 827 1701; x_wconf 81' lang='lat' dir='ltr'><strong>causisque</strong></span> <span class='ocrx_word' id='word_1_161' title='bbox 856 1647 997 1687; x_wconf 90' lang='lat' dir='ltr'><strong>talium</strong></span> <span class='ocrx_word' id='word_1_162' title='bbox 1044 1646 1276 1687; x_wconf 79' lang='lat' dir='ltr'><strong>facinorum</strong></span> <span class='ocrx_word' id='word_1_163' title='bbox 1318 1657 1403 1687; x_wconf 91' lang='lat' dir='ltr'><strong>non</strong></span> <span class='ocrx_word' id='word_1_164' title='bbox 1435 1645 1631 1687; x_wconf 86' lang='lat' dir='ltr'><strong>absurda.</strong></span> 
     </span>
    </p>
   </div>
   <div class='ocr_carea' id='block_1_4' title="bbox 56 1511 114 1552">
    <p class='ocr_par' dir='ltr' id='par_1_4' title="bbox 56 1511 114 1552">
     <span class='ocr_line' id='line_1_20' title="bbox 56 1511 114 1552; baseline 0 0"><span class='ocrx_word' id='word_1_165' title='bbox 56 1511 114 1552; x_wconf 73' lang='lat'><strong>48</strong></span> 
     </span>
    </p>
   </div>
   <div class='ocr_carea' id='block_1_5' title="bbox 125 1765 1636 1971">
    <p class='ocr_par' dir='ltr' id='par_1_5' title="bbox 125 1765 1636 1971">
     <span class='ocr_line' id='line_1_21' title="bbox 266 1765 1636 1815; baseline -0.001 -12"><span class='ocrx_word' id='word_1_166' title='bbox 266 1772 296 1804; x_wconf 88' lang='grc' dir='ltr'><strong>Ι.</strong></span> <span class='ocrx_word' id='word_1_167' title='bbox 322 1781 462 1815; x_wconf 77' lang='lat' dir='ltr'><strong>nanque</strong></span> <span class='ocrx_word' id='word_1_168' title='bbox 488 1768 554 1803; x_wconf 66' lang='lat' dir='ltr'><strong>Ma.</strong></span> <span class='ocrx_word' id='word_1_169' title='bbox 653 1770 687 1803; x_wconf 82' lang='lat'><strong>4.</strong></span> <span class='ocrx_word' id='word_1_170' title='bbox 727 1768 935 1814; x_wconf 54' lang='lat' dir='ltr'><strong>§cesserant</strong></span> <span class='ocrx_word' id='word_1_171' title='bbox 972 1765 1044 1800; x_wconf 65' lang='lat' dir='ltr'><strong>Ma:</strong></span> <span class='ocrx_word' id='word_1_172' title='bbox 1069 1766 1096 1802; x_wconf 88' lang='lat' dir='ltr'><strong>G</strong></span> <span class='ocrx_word' id='word_1_173' title='bbox 1121 1778 1244 1812; x_wconf 80' lang='lat' dir='ltr'><strong>preces</strong></span> <span class='ocrx_word' id='word_1_174' title='bbox 1268 1772 1383 1801; x_wconf 85' lang='lat' dir='ltr'><strong>erant.</strong></span> <span class='ocrx_word' id='word_1_175' title='bbox 1483 1767 1517 1802; x_wconf 89' lang='grc'><strong>7.</strong></span> <span class='ocrx_word' id='word_1_176' title='bbox 1545 1766 1636 1811; x_wconf 77' lang='lat' dir='ltr'><strong>quod</strong></span> 
     </span>
     <span class='ocr_line' id='line_1_22' title="bbox 129 1814 1634 1863; baseline -0.003 -10"><span class='ocrx_word' id='word_1_177' title='bbox 129 1815 202 1853; x_wconf 56' lang='lat'><strong>31³:</strong></span> <span class='ocrx_word' id='word_1_178' title='bbox 229 1817 257 1852; x_wconf 84' lang='lat' dir='ltr'><strong>G</strong></span> <span class='ocrx_word' id='word_1_179' title='bbox 285 1829 364 1863; x_wconf 83' lang='lat' dir='ltr'><strong>quo.</strong></span> <span class='ocrx_word' id='word_1_180' title='bbox 452 1818 486 1853; x_wconf 88' lang='lat'><strong>9.</strong></span> <span class='ocrx_word' id='word_1_181' title='bbox 516 1818 703 1852; x_wconf 73' lang='lat' dir='ltr'><strong>sescenties</strong></span> <span class='ocrx_word' id='word_1_182' title='bbox 731 1815 795 1851; x_wconf 70' lang='lat' dir='ltr'><strong>hta.</strong></span> <span class='ocrx_word' id='word_1_183' title='bbox 894 1816 950 1850; x_wconf 85' lang='lat'><strong>12.</strong></span> <span class='ocrx_word' id='word_1_184' title='bbox 978 1815 1168 1860; x_wconf 66' lang='lat' dir='ltr'><strong>abrogatus·</strong></span> <span class='ocrx_word' id='word_1_185' title='bbox 1192 1814 1245 1849; x_wconf 73' lang='lat' dir='ltr'><strong>Ma</strong></span> <span class='ocrx_word' id='word_1_186' title='bbox 1272 1821 1309 1849; x_wconf 88' lang='lat' dir='ltr'><strong>et</strong></span> <span class='ocrx_word' id='word_1_187' title='bbox 1334 1815 1393 1850; x_wconf 90' lang='lat' dir='ltr'><strong>BG</strong></span> <span class='ocrx_word' id='word_1_188' title='bbox 1420 1814 1498 1860; x_wconf 86' lang='lat' dir='ltr'><strong>(hic</strong></span> <span class='ocrx_word' id='word_1_189' title='bbox 1524 1816 1634 1849; x_wconf 80' lang='lat' dir='ltr'><strong>abro-</strong></span> 
     </span>
     <span class='ocr_line' id='line_1_23' title="bbox 125 1862 1634 1914; baseline -0.002 -13"><span class='ocrx_word' id='word_1_190' title='bbox 125 1866 236 1914; x_wconf 60' lang='lat'><strong>9310:</strong></span> <span class='ocrx_word' id='word_1_191' title='bbox 263 1867 421 1901; x_wconf 86' lang='lat' dir='ltr'><strong>correxit</strong></span> <span class='ocrx_word' id='word_1_192' title='bbox 449 1866 678 1900; x_wconf 85' lang='lat' dir='ltr'><strong>Puteolanus.</strong></span> <span class='ocrx_word' id='word_1_193' title='bbox 768 1867 822 1900; x_wconf 73' lang='lat'><strong>14.</strong></span> <span class='ocrx_word' id='word_1_194' title='bbox 849 1864 953 1909; x_wconf 75' lang='lat' dir='ltr'><strong>flabio</strong></span> <span class='ocrx_word' id='word_1_195' title='bbox 981 1862 1047 1898; x_wconf 71' lang='lat' dir='ltr'><strong>Ma.</strong></span> <span class='ocrx_word' id='word_1_196' title='bbox 1138 1865 1194 1899; x_wconf 83' lang='lat'><strong>15.</strong></span> <span class='ocrx_word' id='word_1_197' title='bbox 1222 1870 1255 1898; x_wconf 87' lang='lat' dir='ltr'><strong>et</strong></span> <span class='ocrx_word' id='word_1_198' title='bbox 1280 1864 1369 1911; x_wconf 79' lang='lat' dir='ltr'><strong>ima]</strong></span> <span class='ocrx_word' id='word_1_199' title='bbox 1398 1865 1504 1898; x_wconf 79' lang='lat' dir='ltr'><strong>etiam</strong></span> <span class='ocrx_word' id='word_1_200' title='bbox 1529 1863 1634 1898; x_wconf 60' lang='lat' dir='ltr'><strong>Gna:</strong></span> 
     </span>
     <span class='ocr_line' id='line_1_24' title="bbox 128 1912 1633 1971; baseline -0.002 -22"><span class='ocrx_word' id='word_1_201' title='bbox 128 1915 353 1951; x_wconf 81' lang='lat' dir='ltr'><strong>emendatum</strong></span> <span class='ocrx_word' id='word_1_202' title='bbox 380 1916 416 1971; x_wconf 71' lang='lat' dir='ltr'><strong>in</strong></span> <span class='ocrx_word' id='word_1_203' title='bbox 441 1916 485 1949; x_wconf 87' lang='lat' dir='ltr'><strong>A.</strong></span> <span class='ocrx_word' id='word_1_204' title='bbox 567 1915 622 1950; x_wconf 88' lang='lat'><strong>16.</strong></span> <span class='ocrx_word' id='word_1_205' title='bbox 654 1915 693 1948; x_wconf 74' lang='lat'><strong>1..</strong></span> <span class='ocrx_word' id='word_1_206' title='bbox 721 1912 786 1948; x_wconf 71' lang='lat' dir='ltr'><strong>Illa.</strong></span> <span class='ocrx_word' id='word_1_207' title='bbox 867 1913 921 1948; x_wconf 85' lang='lat'><strong>17.</strong></span> <span class='ocrx_word' id='word_1_208' title='bbox 947 1913 1082 1958; x_wconf 77' lang='lat' dir='ltr'><strong>petiero</strong></span> <span class='ocrx_word' id='word_1_209' title='bbox 1113 1912 1220 1947; x_wconf 58' lang='lat' dir='ltr'><strong>Gna,</strong></span> <span class='ocrx_word' id='word_1_210' title='bbox 1249 1913 1405 1947; x_wconf 77' lang='lat' dir='ltr'><strong>correxit</strong></span> <span class='ocrx_word' id='word_1_211' title='bbox 1428 1913 1633 1947; x_wconf 79' lang='lat' dir='ltr'><strong>Rhenanus.</strong></span> 
     </span>
    </p>
   </div>
   <div class='ocr_carea' id='block_1_6' title="bbox 127 2040 837 2091">
    <p class='ocr_par' dir='ltr' id='par_1_6' title="bbox 127 2040 837 2091">
     <span class='ocr_line' id='line_1_25' title="bbox 127 2040 837 2091; baseline -0.006 -13"><span class='ocrx_word' id='word_1_212' title='bbox 127 2043 199 2079; x_wconf 80' lang='lat' dir='ltr'><strong>tela</strong></span> <span class='ocrx_word' id='word_1_213' title='bbox 230 2043 351 2091; x_wconf 85' lang='lat' dir='ltr'><strong>cogita</strong></span> <span class='ocrx_word' id='word_1_214' title='bbox 376 2043 449 2089; x_wconf 86' lang='lat' dir='ltr'><strong>pila</strong></span> <span class='ocrx_word' id='word_1_215' title='bbox 475 2049 512 2078; x_wconf 81' lang='lat' dir='ltr'><strong>et</strong></span> <span class='ocrx_word' id='word_1_216' title='bbox 544 2043 663 2077; x_wconf 85' lang='lat' dir='ltr'><strong>hastas</strong></span> <span class='ocrx_word' id='word_1_217' title='bbox 692 2046 727 2076; x_wconf 85' lang='lat' dir='ltr'><strong>et</strong></span> <span class='ocrx_word' id='word_1_218' title='bbox 754 2040 837 2088; x_wconf 86' lang='lat' dir='ltr'><strong>gla-</strong></span> 
     </span>
    </p>
   </div>
   <div class='ocr_carea' id='block_1_7' title="bbox 75 2039 1637 2138">
    <p class='ocr_par' dir='ltr' id='par_1_7' title="bbox 75 2039 1637 2138">
     <span class='ocr_line' id='line_1_26' title="bbox 908 2039 1637 2086; baseline 0 -12"><span class='ocrx_word' id='word_1_219' title='bbox 908 2041 982 2074; x_wconf 75' lang='lat' dir='ltr'><strong>cius</strong></span> <span class='ocrx_word' id='word_1_220' title='bbox 1008 2041 1098 2083; x_wconf 76' lang='lat' dir='ltr'><strong>Piso,</strong></span> <span class='ocrx_word' id='word_1_221' title='bbox 1134 2046 1240 2086; x_wconf 79' lang='lat' dir='ltr'><strong>paler</strong></span> <span class='ocrx_word' id='word_1_222' title='bbox 1266 2041 1403 2075; x_wconf 77' lang='lat' dir='ltr'><strong>Pisonis</strong></span> <span class='ocrx_word' id='word_1_223' title='bbox 1428 2039 1553 2084; x_wconf 72' lang='lat' dir='ltr'><strong>iltius,</strong></span> <span class='ocrx_word' id='word_1_224' title='bbox 1577 2041 1637 2085; x_wconf 80' lang='lat' dir='ltr'><strong>qm&#39;</strong></span> 
     </span>
     <span class='ocr_line' id='line_1_27' title="bbox 75 2091 843 2138; baseline -0.007 -11"><span class='ocrx_word' id='word_1_225' title='bbox 75 2093 78 2098; x_wconf 79' lang='grc'><em>“</em></span> <span class='ocrx_word' id='word_1_226' title='bbox 126 2093 224 2135; x_wconf 80' lang='lat' dir='ltr'><strong>dios,</strong></span> <span class='ocrx_word' id='word_1_227' title='bbox 251 2103 356 2127; x_wconf 76' lang='lat' dir='ltr'><strong>arma</strong></span> <span class='ocrx_word' id='word_1_228' title='bbox 380 2093 509 2138; x_wconf 87' lang='lat' dir='ltr'><strong>quibus</strong></span> <span class='ocrx_word' id='word_1_229' title='bbox 542 2102 671 2137; x_wconf 90' lang='lat' dir='ltr'><strong>corpus</strong></span> <span class='ocrx_word' id='word_1_230' title='bbox 696 2091 843 2136; x_wconf 84' lang='lat' dir='ltr'><strong>tegitur,</strong></span> 
     </span>
    </p>
   </div>
   <div class='ocr_carea' id='block_1_8' title="bbox 914 2089 1635 2136">
    <p class='ocr_par' dir='ltr' id='par_1_8' title="bbox 914 2089 1635 2136">
     <span class='ocr_line' id='line_1_28' title="bbox 914 2089 1635 2136; baseline 0 -14"><span class='ocrx_word' id='word_1_231' title='bbox 914 2101 937 2123; x_wconf 80' lang='lat' dir='ltr'><strong>u</strong></span> <span class='ocrx_word' id='word_1_232' title='bbox 974 2090 1114 2125; x_wconf 83' lang='lat' dir='ltr'><strong>Valerio</strong></span> <span class='ocrx_word' id='word_1_233' title='bbox 1143 2089 1240 2124; x_wconf 82' lang='lat' dir='ltr'><strong>Festo</strong></span> <span class='ocrx_word' id='word_1_234' title='bbox 1270 2102 1336 2136; x_wconf 84' lang='lat' dir='ltr'><strong>per</strong></span> <span class='ocrx_word' id='word_1_235' title='bbox 1371 2101 1538 2124; x_wconf 80' lang='lat' dir='ltr'><strong>summum</strong></span> <span class='ocrx_word' id='word_1_236' title='bbox 1572 2092 1635 2134; x_wconf 78' lang='grc' dir='ltr'><strong>[α-</strong></span> 
     </span>
    </p>
   </div>
   <div class='ocr_carea' id='block_1_9' title="bbox 97 2141 858 3057">
    <p class='ocr_par' dir='ltr' id='par_1_9' title="bbox 128 2141 466 2187">
     <span class='ocr_line' id='line_1_29' title="bbox 128 2141 466 2187; baseline 0 -12"><span class='ocrx_word' id='word_1_237' title='bbox 128 2141 324 2187; x_wconf 84' lang='lat' dir='ltr'><strong>praecipue</strong></span> <span class='ocrx_word' id='word_1_238' title='bbox 353 2147 466 2175; x_wconf 78' lang='lat' dir='ltr'><strong>scuta.</strong></span> 
     </span>
    </p>

    <p class='ocr_par' dir='ltr' id='par_1_10' title="bbox 128 2191 845 2524">
     <span class='ocr_line' id='line_1_30' title="bbox 202 2191 844 2235; baseline -0.002 -12"><span class='ocrx_word' id='word_1_239' title='bbox 202 2200 272 2223; x_wconf 75' lang='lat' dir='ltr'><strong>neu</strong></span> <span class='ocrx_word' id='word_1_240' title='bbox 305 2191 391 2235; x_wconf 76' lang='lat' dir='ltr'><strong>pari</strong></span> <span class='ocrx_word' id='word_1_241' title='bbox 426 2201 556 2224; x_wconf 77' lang='lat' dir='ltr'><strong>causa.-</strong></span> <span class='ocrx_word' id='word_1_242' title='bbox 598 2199 718 2233; x_wconf 82' lang='lat' dir='ltr'><strong>parem</strong></span> <span class='ocrx_word' id='word_1_243' title='bbox 756 2200 844 2223; x_wconf 89' lang='lat' dir='ltr'><strong>cau-</strong></span> 
     </span>
     <span class='ocr_line' id='line_1_31' title="bbox 128 2237 843 2281; baseline -0.003 -9"><span class='ocrx_word' id='word_1_244' title='bbox 128 2249 202 2273; x_wconf 86' lang='lat' dir='ltr'><strong>sam</strong></span> <span class='ocrx_word' id='word_1_245' title='bbox 221 2237 344 2272; x_wconf 82' lang='lat' dir='ltr'><strong>dicunt</strong></span> <span class='ocrx_word' id='word_1_246' title='bbox 370 2240 527 2272; x_wconf 86' lang='lat' dir='ltr'><strong>omnium</strong></span> <span class='ocrx_word' id='word_1_247' title='bbox 548 2237 843 2281; x_wconf 80' lang='lat' dir='ltr'><strong>Vitellianorum3</strong></span> 
     </span>
     <span class='ocr_line' id='line_1_32' title="bbox 129 2286 844 2333; baseline -0.003 -13"><span class='ocrx_word' id='word_1_248' title='bbox 129 2288 263 2333; x_wconf 83' lang='lat' dir='ltr'><strong>quippe</strong></span> <span class='ocrx_word' id='word_1_249' title='bbox 289 2286 381 2321; x_wconf 82' lang='lat' dir='ltr'><strong>haec</strong></span> <span class='ocrx_word' id='word_1_250' title='bbox 405 2287 540 2332; x_wconf 83' lang='lat' dir='ltr'><strong>singuli</strong></span> <span class='ocrx_word' id='word_1_251' title='bbox 568 2297 612 2319; x_wconf 86' lang='lat' dir='ltr'><strong>ex</strong></span> <span class='ocrx_word' id='word_1_252' title='bbox 639 2286 844 2320; x_wconf 85' lang='lat' dir='ltr'><strong>Vitellianis</strong></span> 
     </span>
     <span class='ocr_line' id='line_1_33' title="bbox 129 2334 844 2381; baseline -0.004 -12"><span class='ocrx_word' id='word_1_253' title='bbox 129 2335 172 2369; x_wconf 82' lang='lat' dir='ltr'><strong>ad</strong></span> <span class='ocrx_word' id='word_1_254' title='bbox 198 2335 515 2381; x_wconf 78' lang='lat' dir='ltr'><strong>cornmam’pulares</strong></span> <span class='ocrx_word' id='word_1_255' title='bbox 545 2334 750 2379; x_wconf 89' lang='lat' dir='ltr'><strong>loquuntur,</strong></span> <span class='ocrx_word' id='word_1_256' title='bbox 774 2344 844 2367; x_wconf 90' lang='lat' dir='ltr'><strong>non</strong></span> 
     </span>
     <span class='ocr_line' id='line_1_34' title="bbox 129 2381 845 2417; baseline -0.003 0"><span class='ocrx_word' id='word_1_257' title='bbox 129 2382 173 2417; x_wconf 89' lang='lat' dir='ltr'><strong>ad</strong></span> <span class='ocrx_word' id='word_1_258' title='bbox 199 2381 402 2417; x_wconf 85' lang='lat' dir='ltr'><strong>Flavianos.</strong></span> <span class='ocrx_word' id='word_1_259' title='bbox 457 2383 573 2417; x_wconf 82' lang='lat' dir='ltr'><strong>Aliter</strong></span> <span class='ocrx_word' id='word_1_260' title='bbox 613 2382 756 2416; x_wconf 82' lang='lat' dir='ltr'><strong>videtur</strong></span> <span class='ocrx_word' id='word_1_261' title='bbox 781 2393 845 2415; x_wconf 83' lang='lat' dir='ltr'><strong>ac-</strong></span> 
     </span>
     <span class='ocr_line' id='line_1_35' title="bbox 131 2430 845 2476; baseline -0.004 -10"><span class='ocrx_word' id='word_1_262' title='bbox 131 2432 272 2474; x_wconf 86' lang='lat' dir='ltr'><strong>cepisse</strong></span> <span class='ocrx_word' id='word_1_263' title='bbox 290 2430 459 2474; x_wconf 83' lang='lat' dir='ltr'><strong>Oreltius,</strong></span> <span class='ocrx_word' id='word_1_264' title='bbox 487 2432 546 2476; x_wconf 90' lang='lat' dir='ltr'><strong>qui</strong></span> <span class='ocrx_word' id='word_1_265' title='bbox 576 2431 845 2474; x_wconf 86' lang='lat' dir='ltr'><strong>interpretatur,</strong></span> 
     </span>
     <span class='ocr_line' id='line_1_36' title="bbox 128 2480 806 2524; baseline -0.003 -10"><span class='ocrx_word' id='word_1_266' title='bbox 128 2480 228 2514; x_wconf 87' lang='lat' dir='ltr'><strong>‘licet</strong></span> <span class='ocrx_word' id='word_1_267' title='bbox 254 2490 318 2524; x_wconf 87' lang='lat' dir='ltr'><strong>par</strong></span> <span class='ocrx_word' id='word_1_268' title='bbox 344 2482 390 2514; x_wconf 86' lang='lat' dir='ltr'><strong>sit</strong></span> <span class='ocrx_word' id='word_1_269' title='bbox 417 2485 648 2524; x_wconf 87' lang='lat' dir='ltr'><strong>utrorumque</strong></span> <span class='ocrx_word' id='word_1_270' title='bbox 678 2481 806 2514; x_wconf 84' lang='lat' dir='ltr'><strong>causa&#39;.</strong></span> 
     </span>
    </p>

    <p class='ocr_par' dir='ltr' id='par_1_11' title="bbox 129 2529 845 2623">
     <span class='ocr_line' id='line_1_37' title="bbox 211 2529 845 2572; baseline 0 -10"><span class='ocrx_word' id='word_1_271' title='bbox 211 2529 344 2563; x_wconf 74' lang='lat' dir='ltr'><strong>dimissi</strong></span> <span class='ocrx_word' id='word_1_272' title='bbox 378 2541 455 2563; x_wconf 83' lang='lat' dir='ltr'><strong>cum</strong></span> <span class='ocrx_word' id='word_1_273' title='bbox 489 2529 650 2562; x_wconf 74' lang='lat' dir='ltr'><strong>honore.-</strong></span> <span class='ocrx_word' id='word_1_274' title='bbox 693 2529 845 2572; x_wconf 83' lang='lat' dir='ltr'><strong>pecunia</strong></span> 
     </span>
     <span class='ocr_line' id='line_1_38' title="bbox 129 2577 461 2623; baseline 0.006 -13"><span class='ocrx_word' id='word_1_275' title='bbox 129 2578 301 2623; x_wconf 78' lang='lat' dir='ltr'><strong>agrisque</strong></span> <span class='ocrx_word' id='word_1_276' title='bbox 326 2577 461 2612; x_wconf 84' lang='lat' dir='ltr'><strong>donati.</strong></span> 
     </span>
    </p>

    <p class='ocr_par' dir='ltr' id='par_1_12' title="bbox 130 2625 852 2863">
     <span class='ocr_line' id='line_1_39' title="bbox 206 2625 848 2670; baseline 0 -12"><span class='ocrx_word' id='word_1_277' title='bbox 206 2625 293 2669; x_wconf 83' lang='lat' dir='ltr'><strong>Cap.</strong></span> <span class='ocrx_word' id='word_1_278' title='bbox 320 2627 409 2661; x_wconf 81' lang='lat'><strong>47..</strong></span> <span class='ocrx_word' id='word_1_279' title='bbox 434 2625 635 2660; x_wconf 75' lang='lat' dir='ltr'><strong>consulatus</strong></span> <span class='ocrx_word' id='word_1_280' title='bbox 671 2637 754 2670; x_wconf 83' lang='lat' dir='ltr'><strong>quos</strong></span> <span class='ocrx_word' id='word_1_281' title='bbox 788 2625 848 2660; x_wconf 82' lang='lat' dir='ltr'><strong>Vi-</strong></span> 
     </span>
     <span class='ocr_line' id='line_1_40' title="bbox 131 2673 849 2719; baseline 0.001 -13"><span class='ocrx_word' id='word_1_282' title='bbox 131 2673 246 2707; x_wconf 64' lang='lat' dir='ltr'><strong>tectius</strong></span> <span class='ocrx_word' id='word_1_283' title='bbox 274 2674 441 2708; x_wconf 80' lang='lat' dir='ltr'><strong>dederat.-</strong></span> <span class='ocrx_word' id='word_1_284' title='bbox 470 2684 533 2707; x_wconf 89' lang='lat' dir='ltr'><strong>eos</strong></span> <span class='ocrx_word' id='word_1_285' title='bbox 568 2673 656 2707; x_wconf 85' lang='lat' dir='ltr'><strong>dicit</strong></span> <span class='ocrx_word' id='word_1_286' title='bbox 694 2674 738 2707; x_wconf 91' lang='lat' dir='ltr'><strong>de</strong></span> <span class='ocrx_word' id='word_1_287' title='bbox 765 2675 849 2719; x_wconf 89' lang='lat' dir='ltr'><strong>qui-</strong></span> 
     </span>
     <span class='ocr_line' id='line_1_41' title="bbox 130 2721 849 2765; baseline 0.001 -10"><span class='ocrx_word' id='word_1_288' title='bbox 130 2722 196 2755; x_wconf 79' lang='lat' dir='ltr'><strong>hus</strong></span> <span class='ocrx_word' id='word_1_289' title='bbox 223 2721 263 2754; x_wconf 85' lang='lat' dir='ltr'><strong>ll.</strong></span> <span class='ocrx_word' id='word_1_290' title='bbox 290 2721 337 2755; x_wconf 85' lang='grc' dir='ltr'><strong>ΠΙ</strong></span> <span class='ocrx_word' id='word_1_291' title='bbox 364 2723 433 2757; x_wconf 83' lang='lat'><strong>55:</strong></span> <span class='ocrx_word' id='word_1_292' title='bbox 482 2723 654 2765; x_wconf 65' lang='lat' dir='ltr'><strong>festinare</strong></span> <span class='ocrx_word' id='word_1_293' title='bbox 693 2723 849 2762; x_wconf 81' lang='lat' dir='ltr'><strong>comitia,</strong></span> 
     </span>
     <span class='ocr_line' id='line_1_42' title="bbox 131 2769 852 2814; baseline 0.001 -12"><span class='ocrx_word' id='word_1_294' title='bbox 131 2769 252 2814; x_wconf 72' lang='lat' dir='ltr'><strong>quibus</strong></span> <span class='ocrx_word' id='word_1_295' title='bbox 293 2770 452 2804; x_wconf 80' lang='lat' dir='ltr'><strong>consules</strong></span> <span class='ocrx_word' id='word_1_296' title='bbox 489 2770 527 2802; x_wconf 81' lang='lat' dir='ltr'><strong>in</strong></span> <span class='ocrx_word' id='word_1_297' title='bbox 569 2769 695 2803; x_wconf 84' lang='lat' dir='ltr'><strong>mullos</strong></span> <span class='ocrx_word' id='word_1_298' title='bbox 738 2782 852 2804; x_wconf 66' lang='lat' dir='ltr'><strong>antuus</strong></span> 
     </span>
     <span class='ocr_line' id='line_1_43' title="bbox 135 2817 852 2863; baseline -0.004 -12"><span class='ocrx_word' id='word_1_299' title='bbox 135 2818 347 2852; x_wconf 78' lang='lat' dir='ltr'><strong>destinabat.</strong></span> <span class='ocrx_word' id='word_1_300' title='bbox 403 2817 619 2852; x_wconf 81' lang='lat' dir='ltr'><strong>Consulatus</strong></span> <span class='ocrx_word' id='word_1_301' title='bbox 646 2819 730 2852; x_wconf 90' lang='lat' dir='ltr'><strong>anni</strong></span> <span class='ocrx_word' id='word_1_302' title='bbox 767 2829 852 2863; x_wconf 86' lang='lat' dir='ltr'><strong>pro..</strong></span> 
     </span>
    </p>

    <p class='ocr_par' dir='ltr' id='par_1_13' title="bbox 97 2865 854 2959">
     <span class='ocr_line' id='line_1_44' title="bbox 97 2865 854 2915; baseline 0 -15"><span class='ocrx_word' id='word_1_303' title='bbox 97 2910 104 2915; x_wconf 21' lang='grc' dir='ltr'><strong>ἡ</strong></span> <span class='ocrx_word' id='word_1_304' title='bbox 134 2868 233 2900; x_wconf 75' lang='lat' dir='ltr'><strong>xime</strong></span> <span class='ocrx_word' id='word_1_305' title='bbox 261 2868 480 2911; x_wconf 84' lang='lat' dir='ltr'><strong>superioris,</strong></span> <span class='ocrx_word' id='word_1_306' title='bbox 522 2865 566 2899; x_wconf 89' lang='lat' dir='ltr'><strong>de</strong></span> <span class='ocrx_word' id='word_1_307' title='bbox 593 2866 726 2910; x_wconf 86' lang='lat' dir='ltr'><strong>quibus</strong></span> <span class='ocrx_word' id='word_1_308' title='bbox 752 2867 794 2900; x_wconf 87' lang='lat' dir='ltr'><strong>H.</strong></span> <span class='ocrx_word' id='word_1_309' title='bbox 823 2867 854 2900; x_wconf 89' lang='lat'><strong>11</strong></span> 
     </span>
     <span class='ocr_line' id='line_1_45' title="bbox 133 2914 627 2959; baseline -0.008 -9"><span class='ocrx_word' id='word_1_310' title='bbox 133 2917 191 2956; x_wconf 81' lang='lat'><strong>71,</strong></span> <span class='ocrx_word' id='word_1_311' title='bbox 220 2914 289 2948; x_wconf 90' lang='lat' dir='ltr'><strong>huc</strong></span> <span class='ocrx_word' id='word_1_312' title='bbox 317 2915 407 2949; x_wconf 89' lang='lat' dir='ltr'><strong>nihil</strong></span> <span class='ocrx_word' id='word_1_313' title='bbox 434 2915 627 2959; x_wconf 85' lang='lat' dir='ltr'><strong>pertinent.</strong></span> 
     </span>
    </p>

    <p class='ocr_par' dir='ltr' id='par_1_14' title="bbox 203 2961 854 3009">
     <span class='ocr_line' id='line_1_46' title="bbox 203 2961 854 3009; baseline -0.002 -12"><span class='ocrx_word' id='word_1_314' title='bbox 203 2963 295 3007; x_wconf 84' lang='lat' dir='ltr'><strong>Cap.</strong></span> <span class='ocrx_word' id='word_1_315' title='bbox 322 2962 381 2998; x_wconf 83' lang='lat'><strong>48.</strong></span> <span class='ocrx_word' id='word_1_316' title='bbox 419 2974 484 3009; x_wconf 81' lang='lat' dir='ltr'><strong>pro</strong></span> <span class='ocrx_word' id='word_1_317' title='bbox 514 2961 654 2996; x_wconf 81' lang='lat' dir='ltr'><strong>consule</strong></span> <span class='ocrx_word' id='word_1_318' title='bbox 682 2963 854 3005; x_wconf 73' lang='lat' dir='ltr'><strong>interfici-</strong></span> 
     </span>
    </p>

    <p class='ocr_par' dir='ltr' id='par_1_15' title="bbox 135 3010 858 3057">
     <span class='ocr_line' id='line_1_47' title="bbox 135 3010 858 3057; baseline -0.004 -10"><span class='ocrx_word' id='word_1_319' title='bbox 135 3018 196 3047; x_wconf 81' lang='lat' dir='ltr'><strong>tur</strong></span> <span class='ocrx_word' id='word_1_320' title='bbox 224 3021 239 3044; x_wconf 79' lang='grc'><strong>.-</strong></span> <span class='ocrx_word' id='word_1_321' title='bbox 266 3010 356 3047; x_wconf 83' lang='lat' dir='ltr'><strong>Ptin.</strong></span> <span class='ocrx_word' id='word_1_322' title='bbox 380 3011 495 3057; x_wconf 83' lang='lat' dir='ltr'><strong>Epist.</strong></span> <span class='ocrx_word' id='word_1_323' title='bbox 514 3010 562 3046; x_wconf 89' lang='lat' dir='ltr'><strong>lll</strong></span> <span class='ocrx_word' id='word_1_324' title='bbox 590 3011 630 3045; x_wconf 87' lang='lat'><strong>7:</strong></span> <span class='ocrx_word' id='word_1_325' title='bbox 657 3021 768 3056; x_wconf 79' lang='lat' dir='ltr'><strong>nuper</strong></span> <span class='ocrx_word' id='word_1_326' title='bbox 784 3011 858 3046; x_wconf 79' lang='lat' dir='ltr'><strong>Lu-</strong></span> 
     </span>
    </p>
   </div>
   <div class='ocr_carea' id='block_1_10' title="bbox 913 2138 1640 3044">
    <p class='ocr_par' dir='ltr' id='par_1_16' title="bbox 913 2138 1636 2610">
     <span class='ocr_line' id='line_1_48' title="bbox 914 2138 1634 2182; baseline -0.001 -10"><span class='ocrx_word' id='word_1_327' title='bbox 914 2140 1014 2173; x_wconf 83' lang='lat' dir='ltr'><strong>cinus</strong></span> <span class='ocrx_word' id='word_1_328' title='bbox 1042 2140 1080 2172; x_wconf 76' lang='lat' dir='ltr'><strong>in</strong></span> <span class='ocrx_word' id='word_1_329' title='bbox 1106 2138 1237 2182; x_wconf 77' lang='lat' dir='ltr'><strong>Africa</strong></span> <span class='ocrx_word' id='word_1_330' title='bbox 1261 2139 1396 2173; x_wconf 79' lang='lat' dir='ltr'><strong>occisus</strong></span> <span class='ocrx_word' id='word_1_331' title='bbox 1423 2144 1484 2181; x_wconf 81' lang='lat' dir='ltr'><strong>est,</strong></span> <span class='ocrx_word' id='word_1_332' title='bbox 1516 2138 1634 2172; x_wconf 83' lang='lat' dir='ltr'><strong>dicere</strong></span> 
     </span>
     <span class='ocr_line' id='line_1_49' title="bbox 913 2187 1635 2229; baseline -0.004 -6"><span class='ocrx_word' id='word_1_333' title='bbox 913 2187 1069 2229; x_wconf 81' lang='lat' dir='ltr'><strong>solebat,</strong></span> <span class='ocrx_word' id='word_1_334' title='bbox 1107 2189 1281 2221; x_wconf 78' lang='lat' dir='ltr'><strong>neminem</strong></span> <span class='ocrx_word' id='word_1_335' title='bbox 1307 2199 1343 2222; x_wconf 88' lang='lat' dir='ltr'><strong>se</strong></span> <span class='ocrx_word' id='word_1_336' title='bbox 1369 2187 1487 2222; x_wconf 79' lang='lat' dir='ltr'><strong>videre</strong></span> <span class='ocrx_word' id='word_1_337' title='bbox 1511 2187 1549 2220; x_wconf 75' lang='lat' dir='ltr'><strong>in</strong></span> <span class='ocrx_word' id='word_1_338' title='bbox 1576 2198 1635 2221; x_wconf 84' lang='lat' dir='ltr'><strong>se-</strong></span> 
     </span>
     <span class='ocr_line' id='line_1_50' title="bbox 914 2235 1634 2280; baseline -0.003 -10"><span class='ocrx_word' id='word_1_339' title='bbox 914 2242 1020 2279; x_wconf 79' lang='lat' dir='ltr'><strong>natu,</strong></span> <span class='ocrx_word' id='word_1_340' title='bbox 1055 2247 1152 2280; x_wconf 84' lang='lat' dir='ltr'><strong>quem</strong></span> <span class='ocrx_word' id='word_1_341' title='bbox 1179 2235 1301 2270; x_wconf 81' lang='lat' dir='ltr'><strong>consul</strong></span> <span class='ocrx_word' id='word_1_342' title='bbox 1324 2237 1398 2280; x_wconf 72' lang='lat' dir='ltr'><strong>ipse</strong></span> <span class='ocrx_word' id='word_1_343' title='bbox 1424 2237 1634 2269; x_wconf 74' lang='lat' dir='ltr'><strong>sentenciam</strong></span> 
     </span>
     <span class='ocr_line' id='line_1_51' title="bbox 915 2283 1634 2330; baseline -0.004 -11"><span class='ocrx_word' id='word_1_344' title='bbox 915 2285 1120 2330; x_wconf 76' lang='lat' dir='ltr'><strong>royacisset.</strong></span> <span class='ocrx_word' id='word_1_345' title='bbox 1177 2285 1281 2318; x_wconf 84' lang='lat' dir='ltr'><strong>Pater</strong></span> <span class='ocrx_word' id='word_1_346' title='bbox 1308 2284 1437 2318; x_wconf 71' lang='lat' dir='ltr'><strong>Lucius</strong></span> <span class='ocrx_word' id='word_1_347' title='bbox 1462 2283 1539 2317; x_wconf 73' lang='lat' dir='ltr'><strong>Piso</strong></span> <span class='ocrx_word' id='word_1_348' title='bbox 1566 2289 1634 2325; x_wconf 87' lang='lat' dir='ltr'><strong>est,</strong></span> 
     </span>
     <span class='ocr_line' id='line_1_52' title="bbox 916 2331 1633 2367; baseline -0.001 0"><span class='ocrx_word' id='word_1_349' title='bbox 916 2335 1019 2367; x_wconf 87' lang='lat' dir='ltr'><strong>cuius</strong></span> <span class='ocrx_word' id='word_1_350' title='bbox 1046 2332 1253 2366; x_wconf 89' lang='lat' dir='ltr'><strong>consulatus</strong></span> <span class='ocrx_word' id='word_1_351' title='bbox 1278 2331 1358 2365; x_wconf 86' lang='lat' dir='ltr'><strong>Xlll</strong></span> <span class='ocrx_word' id='word_1_352' title='bbox 1385 2333 1431 2367; x_wconf 83' lang='lat'><strong>31</strong></span> <span class='ocrx_word' id='word_1_353' title='bbox 1469 2341 1561 2365; x_wconf 86' lang='lat' dir='ltr'><strong>anno</strong></span> <span class='ocrx_word' id='word_1_354' title='bbox 1589 2332 1633 2366; x_wconf 87' lang='grc'><strong>57</strong></span> 
     </span>
     <span class='ocr_line' id='line_1_53' title="bbox 916 2379 1635 2426; baseline -0.001 -12"><span class='ocrx_word' id='word_1_355' title='bbox 916 2386 996 2426; x_wconf 87' lang='lat' dir='ltr'><strong>post</strong></span> <span class='ocrx_word' id='word_1_356' title='bbox 1013 2380 1191 2414; x_wconf 73' lang='lat' dir='ltr'><strong>Christum</strong></span> <span class='ocrx_word' id='word_1_357' title='bbox 1218 2381 1384 2422; x_wconf 81' lang='lat' dir='ltr'><strong>refertur,</strong></span> <span class='ocrx_word' id='word_1_358' title='bbox 1413 2381 1547 2425; x_wconf 85' lang='lat' dir='ltr'><strong>quique</strong></span> <span class='ocrx_word' id='word_1_359' title='bbox 1571 2379 1635 2413; x_wconf 86' lang='lat' dir='ltr'><strong>XV</strong></span> 
     </span>
     <span class='ocr_line' id='line_1_54' title="bbox 921 2428 1633 2474; baseline -0.003 -10"><span class='ocrx_word' id='word_1_360' title='bbox 921 2430 964 2464; x_wconf 90' lang='lat'><strong>18</strong></span> <span class='ocrx_word' id='word_1_361' title='bbox 979 2434 1205 2464; x_wconf 84' lang='lat' dir='ltr'><strong>memoratur.</strong></span> <span class='ocrx_word' id='word_1_362' title='bbox 1234 2429 1348 2463; x_wconf 84' lang='lat' dir='ltr'><strong>Filius</strong></span> <span class='ocrx_word' id='word_1_363' title='bbox 1375 2429 1465 2466; x_wconf 78' lang='lat' dir='ltr'><strong>eius.</strong></span> <span class='ocrx_word' id='word_1_364' title='bbox 1495 2428 1539 2462; x_wconf 88' lang='lat' dir='ltr'><strong>de</strong></span> <span class='ocrx_word' id='word_1_365' title='bbox 1563 2439 1633 2474; x_wconf 90' lang='lat' dir='ltr'><strong>quo</strong></span> 
     </span>
     <span class='ocr_line' id='line_1_55' title="bbox 919 2477 1633 2521; baseline -0.004 -8"><span class='ocrx_word' id='word_1_366' title='bbox 919 2478 953 2513; x_wconf 87' lang='lat' dir='ltr'><strong>h.</strong></span> <span class='ocrx_word' id='word_1_367' title='bbox 982 2477 1005 2511; x_wconf 94' lang='lat' dir='ltr'><strong>l.</strong></span> <span class='ocrx_word' id='word_1_368' title='bbox 1037 2480 1249 2521; x_wconf 71' lang='lat' dir='ltr'><strong>exponitur,</strong></span> <span class='ocrx_word' id='word_1_369' title='bbox 1286 2477 1359 2511; x_wconf 85' lang='lat' dir='ltr'><strong>alio</strong></span> <span class='ocrx_word' id='word_1_370' title='bbox 1386 2488 1478 2511; x_wconf 89' lang='lat' dir='ltr'><strong>anno</strong></span> <span class='ocrx_word' id='word_1_371' title='bbox 1507 2477 1633 2511; x_wconf 90' lang='lat' dir='ltr'><strong>consul</strong></span> 
     </span>
     <span class='ocr_line' id='line_1_56' title="bbox 918 2526 1636 2568; baseline -0.003 -7"><span class='ocrx_word' id='word_1_372' title='bbox 918 2527 999 2567; x_wconf 82' lang='lat' dir='ltr'><strong>fuit,</strong></span> <span class='ocrx_word' id='word_1_373' title='bbox 1027 2536 1097 2558; x_wconf 89' lang='lat' dir='ltr'><strong>non</strong></span> <span class='ocrx_word' id='word_1_374' title='bbox 1128 2527 1328 2560; x_wconf 85' lang='lat' dir='ltr'><strong>ordinarius</strong></span> <span class='ocrx_word' id='word_1_375' title='bbox 1348 2552 1357 2568; x_wconf 87' lang='lat'><strong>,</strong></span> <span class='ocrx_word' id='word_1_376' title='bbox 1384 2526 1447 2560; x_wconf 85' lang='lat' dir='ltr'><strong>sed</strong></span> <span class='ocrx_word' id='word_1_377' title='bbox 1473 2536 1563 2559; x_wconf 85' lang='lat' dir='ltr'><strong>unus</strong></span> <span class='ocrx_word' id='word_1_378' title='bbox 1592 2537 1636 2559; x_wconf 83' lang='lat' dir='ltr'><strong>ex</strong></span> 
     </span>
     <span class='ocr_line' id='line_1_57' title="bbox 919 2575 1091 2610; baseline -0.006 -2"><span class='ocrx_word' id='word_1_379' title='bbox 919 2575 1091 2610; x_wconf 81' lang='lat' dir='ltr'><strong>suffectis.</strong></span> 
     </span>
    </p>

    <p class='ocr_par' dir='ltr' id='par_1_17' title="bbox 920 2623 1640 3044">
     <span class='ocr_line' id='line_1_58' title="bbox 993 2623 1636 2668; baseline -0.003 -11"><span class='ocrx_word' id='word_1_380' title='bbox 993 2635 1095 2668; x_wconf 79' lang='lat' dir='ltr'><strong>quam</strong></span> <span class='ocrx_word' id='word_1_381' title='bbox 1120 2624 1298 2656; x_wconf 71' lang='lat' dir='ltr'><strong>verissime</strong></span> <span class='ocrx_word' id='word_1_382' title='bbox 1325 2623 1533 2668; x_wconf 69' lang='lat' dir='ltr'><strong>expediam:</strong></span> <span class='ocrx_word' id='word_1_383' title='bbox 1570 2632 1636 2655; x_wconf 73' lang='lat' dir='ltr'><strong>va-</strong></span> 
     </span>
     <span class='ocr_line' id='line_1_59' title="bbox 920 2670 1635 2714; baseline -0.006 -8"><span class='ocrx_word' id='word_1_384' title='bbox 920 2674 992 2706; x_wconf 79' lang='lat' dir='ltr'><strong>rios</strong></span> <span class='ocrx_word' id='word_1_385' title='bbox 1028 2672 1071 2706; x_wconf 90' lang='lat' dir='ltr'><strong>de</strong></span> <span class='ocrx_word' id='word_1_386' title='bbox 1107 2671 1269 2714; x_wconf 89' lang='lat' dir='ltr'><strong>Pisonis,</strong></span> <span class='ocrx_word' id='word_1_387' title='bbox 1311 2672 1380 2704; x_wconf 83' lang='lat' dir='ltr'><strong>viri</strong></span> <span class='ocrx_word' id='word_1_388' title='bbox 1414 2670 1564 2704; x_wconf 81' lang='lat' dir='ltr'><strong>illustris</strong></span> <span class='ocrx_word' id='word_1_389' title='bbox 1602 2675 1635 2703; x_wconf 90' lang='lat' dir='ltr'><strong>et</strong></span> 
     </span>
     <span class='ocr_line' id='line_1_60' title="bbox 922 2717 1635 2767; baseline -0.004 -13"><span class='ocrx_word' id='word_1_390' title='bbox 922 2722 1066 2767; x_wconf 81' lang='lat' dir='ltr'><strong>gravis,</strong></span> <span class='ocrx_word' id='word_1_391' title='bbox 1095 2720 1206 2754; x_wconf 90' lang='lat' dir='ltr'><strong>caede</strong></span> <span class='ocrx_word' id='word_1_392' title='bbox 1236 2729 1395 2752; x_wconf 88' lang='lat' dir='ltr'><strong>rumores</strong></span> <span class='ocrx_word' id='word_1_393' title='bbox 1423 2729 1486 2762; x_wconf 88' lang='lat' dir='ltr'><strong>per</strong></span> <span class='ocrx_word' id='word_1_394' title='bbox 1511 2717 1635 2752; x_wconf 79' lang='lat' dir='ltr'><strong>urbem</strong></span> 
     </span>
     <span class='ocr_line' id='line_1_61' title="bbox 923 2766 1636 2810; baseline -0.003 -8"><span class='ocrx_word' id='word_1_395' title='bbox 923 2775 958 2803; x_wconf 87' lang='lat' dir='ltr'><strong>et</strong></span> <span class='ocrx_word' id='word_1_396' title='bbox 985 2770 1020 2802; x_wconf 87' lang='lat' dir='ltr'><strong>in</strong></span> <span class='ocrx_word' id='word_1_397' title='bbox 1039 2769 1302 2802; x_wconf 81' lang='lat' dir='ltr'><strong>commentariis</strong></span> <span class='ocrx_word' id='word_1_398' title='bbox 1321 2767 1501 2810; x_wconf 85' lang='lat' dir='ltr'><strong>dispersos</strong></span> <span class='ocrx_word' id='word_1_399' title='bbox 1522 2766 1636 2800; x_wconf 79' lang='lat' dir='ltr'><strong>fuisse</strong></span> 
     </span>
     <span class='ocr_line' id='line_1_62' title="bbox 925 2815 1638 2857; baseline -0.006 -6"><span class='ocrx_word' id='word_1_400' title='bbox 925 2828 1002 2851; x_wconf 87' lang='lat' dir='ltr'><strong>cum</strong></span> <span class='ocrx_word' id='word_1_401' title='bbox 1031 2817 1116 2849; x_wconf 87' lang='lat' dir='ltr'><strong>satis</strong></span> <span class='ocrx_word' id='word_1_402' title='bbox 1143 2820 1278 2849; x_wconf 83' lang='lat' dir='ltr'><strong>certum</strong></span> <span class='ocrx_word' id='word_1_403' title='bbox 1305 2815 1490 2857; x_wconf 83' lang='lat' dir='ltr'><strong>videatur,</strong></span> <span class='ocrx_word' id='word_1_404' title='bbox 1519 2825 1638 2848; x_wconf 84' lang='lat' dir='ltr'><strong>rerum</strong></span> 
     </span>
     <span class='ocr_line' id='line_1_63' title="bbox 925 2864 1638 2908; baseline -0.001 -10"><span class='ocrx_word' id='word_1_405' title='bbox 925 2866 1077 2908; x_wconf 83' lang='lat' dir='ltr'><strong>scriptor</strong></span> <span class='ocrx_word' id='word_1_406' title='bbox 1104 2864 1148 2897; x_wconf 89' lang='lat' dir='ltr'><strong>ab</strong></span> <span class='ocrx_word' id='word_1_407' title='bbox 1179 2864 1341 2897; x_wconf 86' lang='lat' dir='ltr'><strong>veritatis</strong></span> <span class='ocrx_word' id='word_1_408' title='bbox 1367 2864 1638 2897; x_wconf 82' lang='lat' dir='ltr'><strong>asseveratione</strong></span> 
     </span>
     <span class='ocr_line' id='line_1_64' title="bbox 926 2913 1073 2947; baseline -0.007 0"><span class='ocrx_word' id='word_1_409' title='bbox 926 2913 1073 2947; x_wconf 88' lang='lat' dir='ltr'><strong>orditur.</strong></span> 
     </span>
     <span class='ocr_line' id='line_1_65' title="bbox 941 2959 1640 3006; baseline 0 -12"><span class='ocrx_word' id='word_1_410' title='bbox 941 2984 951 2995; x_wconf 47' lang='lat'><strong>⁴</strong></span> <span class='ocrx_word' id='word_1_411' title='bbox 999 2961 1042 2994; x_wconf 75' lang='grc' dir='ltr'><strong>αἱ)</strong></span> <span class='ocrx_word' id='word_1_412' title='bbox 1079 2959 1178 2993; x_wconf 73' lang='lat' dir='ltr'><strong>initio</strong></span> <span class='ocrx_word' id='word_1_413' title='bbox 1215 2960 1395 3004; x_wconf 78' lang='lat' dir='ltr'><strong>causisque</strong></span> <span class='ocrx_word' id='word_1_414' title='bbox 1434 2959 1554 2994; x_wconf 74' lang='lat' dir='ltr'><strong>talium</strong></span> <span class='ocrx_word' id='word_1_415' title='bbox 1577 2962 1640 3006; x_wconf 78' lang='lat' dir='ltr'><strong>[u-</strong></span> 
     </span>
     <span class='ocr_line' id='line_1_66' title="bbox 929 3008 1640 3044; baseline 0.001 -1"><span class='ocrx_word' id='word_1_416' title='bbox 929 3010 1085 3043; x_wconf 83' lang='lat' dir='ltr'><strong>cinornm</strong></span> <span class='ocrx_word' id='word_1_417' title='bbox 1119 3018 1191 3042; x_wconf 70' lang='lat' dir='ltr'><strong>reon</strong></span> <span class='ocrx_word' id='word_1_418' title='bbox 1231 3008 1416 3044; x_wconf 77' lang='lat' dir='ltr'><strong>absurda.-</strong></span> <span class='ocrx_word' id='word_1_419' title='bbox 1462 3020 1533 3043; x_wconf 82' lang='lat' dir='ltr'><strong>mm</strong></span> <span class='ocrx_word' id='word_1_420' title='bbox 1573 3009 1640 3044; x_wconf 77' lang='lat' dir='ltr'><strong>ab-</strong></span> 
     </span>
    </p>
   </div>
  </div>
 </body>
</html>
