1768 3216
139 233 317 274 ιαᾶθ.

647 234 783 270 LfflER
807 234 835 268 l.
888 233 976 268 Cn.
1005 232 1161 270 79—82.
1600 229 1652 264 87

68 359 123 399 81
139 354 290 398 dentes
322 352 441 407 equis
473 351 620 393 urbem
652 363 702 393 ac
733 350 931 392 Palatium
963 352 1119 403 petunt.
1166 347 1267 389 Erat
1297 345 1452 390 Othoni
1482 345 1650 388 celebre

139 423 381 473 convivium
418 428 670 483 primoribus
712 426 879 468 feminis
920 425 1134 478 virisque3
1177 424 1246 477 qui
1278 421 1457 477 trepidi,
1497 421 1652 464 fortui-

138 510 259 548 tusne
289 504 463 546 militum
494 503 612 545 furor
643 514 696 544 an
728 501 849 543 dolus
881 499 1175 554 imperatoris,
1209 511 1380 540 manere
1412 510 1464 539 ae
1494 497 1652 551 depress

140 579 268 623 hendi
308 592 361 621 an
401 579 551 633 sugere
593 581 634 618 et
663 576 854 630 dispergi
883 574 1164 629 periculosius
1197 573 1328 625 foret,
1375 572 1501 614 modo
1544 583 1653 614 con-a-

139 655 334 698 stantiam
369 653 589 705 simulare,
642 651 767 693 modo
816 650 1042 692 formidine
1087 649 1251 703 detegi,
1304 647 1425 690 simul
1474 646 1684 690 Othoniss

139 730 294 772 vultum
325 729 489 771 intueri.

551 727 683 781 thue
715 725 855 768 evenit
885 724 1095 765 inclinatis
1129 723 1180 765 ad
1212 722 1499 777 suspicionem
1527 733 1651 763 meno—

139 806 280 858 tibus,
299 817 392 847 cum
424 804 590 845 timeret
621 802 746 854 Otho,
780 800 1015 842 timebatur.

1078 798 1162 841 Sed
1194 797 1303 840 haud
1335 809 1460 839 secus
1496 796 1654 838 discri-

139 881 252 923 mine
282 884 453 922 senatus
485 891 608 932 quam
650 888 727 919 suo
768 876 963 926 territus,
1008 878 1050 914 et
1087 874 1328 927 praefectos
1368 871 1570 926 praetorii
1600 870 1653 913 ad

140 954 393 1010 mitigandas
446 953 619 994 militum
665 952 750 993 iras
799 950 938 992 statim
981 948 1177 1000 miserat,
1227 951 1269 988 et
1317 947 1434 989 abire
1472 951 1654 1000 propere

141 1042 287 1073 omnes
317 1041 341 1070 e
371 1028 571 1070 convivio
604 1027 737 1068 iussit.
783 1025 885 1066 Tum
910 1036 1013 1066 vero
1045 1023 1202 1078 passim
1233 1022 1517 1077 magistratus,
1550 1032 1701 1075 pro-m

142 1104 264 1146 iectis
297 1102 548 1158 insignibus,
580 1101 709 1144 vitata
741 1101 936 1142 comitum
969 1103 1010 1140 et
1040 1110 1260 1140 servorum
1291 1096 1549 1150 frequentia,
1582 1107 1657 1137 se-

142 1191 219 1221 nes
234 1179 499 1232 feminaeque
515 1190 591 1231 per
614 1176 808 1219 tenebras
834 1175 1001 1217 diversa
1031 1174 1148 1215 urbis
1182 1173 1347 1226 itinera,
1377 1172 1464 1214 rari
1487 1171 1653 1224 domos,

84 1252 95 1265 '
141 1253 307 1309 plurimi
338 1253 568 1295 amicorum
599 1257 708 1294 tecta
740 1256 781 1293 et
819 1255 863 1292 ut
904 1250 1055 1304 cuique
1093 1248 1343 1290 humillimus
1384 1247 1541 1299 cliens,
1587 1246 1658 1288 in-

71 1333 128 1373 82
142 1333 280 1372 certas
311 1328 493 1370 latebras
524 1328 727 1381 petivere.

794 1326 967 1369 Militum
999 1325 1175 1379 impetus
1210 1336 1262 1366 ne
1295 1323 1455 1365 foribus
1488 1322 1657 1377 quidem

141 1403 289 1446 Palatii
322 1402 557 1454 coercituS,
591 1414 672 1456 quo
706 1402 842 1443 minus
876 1400 1114 1442 convivium
1145 1399 1456 1452 inrumperent,
1490 1397 1707 1445 ostendiffi

141 1479 223 1521 sibi
255 1479 462 1521 Othonem
493 1477 828 1530 expostulantes,
867 1475 1085 1517 vulnerato
1125 1474 1228 1515 Iulio
1269 1472 1458 1515 Martiale
1489 1472 1655 1517 tribuno

142 1557 185 1596 et
214 1553 380 1596 Vitellio
412 1552 636 1595 Saturnino
669 1551 901 1617 praesecto,
931 1550 1031 1615 dum
1061 1548 1277 1592 ruentibus
1308 1547 1528 1590 obsistunt,
1569 1546 1659 1588 Un-

645 1607 691 1621 x
747 1614 750 1616 .

558 1637 630 1684 ί(“
679 1629 937 1691 ἶζὰῖῠΨΐΐτιῑ
981 1665 1003 1672 ·’
1042 1626 1161 1681 {aa}
1197 1660 1229 1675 1,

995 1700 1042 1733 ad
1068 1699 1316 1744 suspictionem
1336 1695 1386 1730 G:
1416 1694 1656 1740 adspicionem
1676 1708 1687 1738 ς
1714 1721 1723 1737 ⁷.
1747 1722 1756 1736 ..‹

0 1672 43 1704 ‚⁴1
86 1662 121 1697 ί(
149 1644 190 1699 ὦ
255 1621 413 1738 C'sfffti'*
440 1669 473 1699 ὅ,

76 1703 86 1715 ”
307 1728 313 1735 .
343 1702 526 1748 desiliendi
549 1700 614 1735 Ma.
683 1701 718 1736 6.

140 1750 205 1789 Ma.
286 1752 342 1785 11.
368 1751 588 1796 frequentias
614 1748 679 1783 Ma.

747 1700 829 1734 volt.
859 1699 918 1734 Or.

748 1750 804 1783 15.
830 1748 946 1794 palati
975 1747 1041 1782 Ma.

1243 1624 1250 1635 Ι

1230 1670 1247 1677 η
1295 1649 1322 1671 ,¹2-
1355 1621 1502 1677 ξιιμ-,ί
1535 1636 1661 1673 χ’(μηφ

1121 1746 1177 1782 16.
1204 1746 1298 1781 volu.
1326 1744 1385 1780 Or.
1465 1745 1522 1778 17.
1546 1754 1654 1789 prae-

139 1802 231 1846 fecto
259 1799 398 1834 editor:
427 1799 573 1834 codices
595 1799 780 1845 praefecto
806 1797 966 1843 leyionis.

141 1933 320 1974 tamquam
370 1926 498 1972 culpae
545 1927 757 1961 manifestus
802 1936 865 1960 eos

141 1979 305 2022 aspicere
335 1981 541 2019 vereretur,
581 1976 709 2021 quibus
739 1977 865 2020 perni-

143 2023 235 2061 ciem
269 2030 440 2070 pararet,
483 2025 644 2070 factique
688 2026 865 2059 rationem

141 2074 294 2110 reddere
322 2076 464 2109 vitaret.

217 2123 298 2158 rari
324 2124 466 2157 aornos.-
505 2122 552 2157 cf.
590 2128 750 2157 annotat.
781 2122 825 2156 ad
851 2122 864 2155 l

143 2173 202 2208 73.
230 2172 405 2207 Domibus
431 2171 705 2218 magistratuum
732 2176 768 2206 et
797 2181 866 2205 no-

142 2221 269 2256 bilium
298 2226 528 2266 opponuntur
555 2222 749 2255 amicorum
774 2225 867 2254 tecta

145 2275 181 2305 et
205 2270 366 2304 incertae
393 2270 551 2303 latebrae
568 2270 765 2304 clientium.
795 2268 865 2302 La-

143 2318 264 2353 tebras
289 2319 446 2352 incertas
480 2318 739 2365 (unkenntlich)
767 2317 866 2360 dicit,

145 2366 240 2413 quod
266 2376 337 2400 non
359 2366 469 2401 facile
484 2366 714 2412 deteguntur.
742 2366 784 2400 Α.
796 2366 867 2401 38:

147 2417 288 2451 incerta
312 2418 421 2462 fuqae
444 2416 603 2461 vestiqia.

235 2462 322 2509 Cap.
358 2464 419 2499 82.
492 2464 628 2498 Vitellio
669 2464 867 2498 Saturnino

141 2514 326 2560 praesecto
366 2513 574 2560 [legionis].·
620 2513 794 2557 praefecti
832 2513 867 2546 in

99 2575 103 2581 ·
147 2563 234 2596 viris
269 2562 485 2596 militaribus
521 2562 614 2606 apud
639 2561 796 2596 Tacitum
833 2566 869 2595 et

146 2610 340 2654 scriptores
369 2611 542 2655 aequales
570 2615 630 2644 aut
656 2610 767 2644 duces
787 2616 870 2644 sunt

148 2659 351 2697 cohortium
377 2659 561 2693 alarumve
592 2657 781 2693 socia‘lium
809 2665 869 2692 aut

106 2720 109 2731 ³
149 2712 343 2742 curatores
369 2712 593 2748 castrorum,
628 2708 762 2753 singuli
792 2709 869 2741 sin-

112 2747 120 2800 ἵ
150 2749 551 2801 ξυίοέυῐῐῑῖιῖέιτοι·υῐηε
570 2756 613 2790 de
629 2758 748 2801 priore
763 2767 870 2800 prae-

121 2803 327 2838 ·fectorum
364 2815 500 2851 genere
536 2803 609 2843 dixi
645 2804 688 2837 ad
718 2804 869 2847 x1135‚

152 2851 300 2887 alterius
341 2853 560 2887 mentionem
603 2852 690 2886 facit
727 2852 869 2887 'l‘acitns

151 2900 165 2941 l
195 2900 243 2936 20
269 2904 306 2935 et
331 2902 397 2944 23,
425 2901 502 2936 XIII
530 2901 597 2943 39,
626 2900 703 2934 XIV
729 2901 798 2944 37,
827 2901 869 2936 H.

152 2947 184 2983 11
210 2948 258 2985 26
285 2953 320 2983 et
346 2949 393 2985 29
418 2955 454 2984 et
477 2949 543 2992 89,
585 2949 633 2983 lv
660 2950 727 2993 503
762 2959 871 2994 prae-

152 3001 256 3033 terea
289 2996 326 3032 in
350 3005 389 3033 re
415 2996 561 3034 militari
589 2996 763 3042 praefecti
789 3001 872 3033 sunt

935 1927 1125 1972 remigum,
1154 1924 1351 1967 classium3
1378 1916 1442 1957 sed
1468 1923 1505 1956 in
1532 1920 1659 1955 castris

927 1975 1081 2009 'urbanis
1096 1973 1303 2018 praefectus
1322 1971 1443 2006 nullus
1467 1975 1561 2005 erat:
1581 1971 1658 2004 eius

936 2026 1030 2058 enim
1070 2023 1230 2057 officium
1265 2021 1442 2066 praefecti
1478 2019 1659 2065 praetorio

938 2072 1221 2118 exequebantur.
1251 2070 1344 2113 Quid
1364 2071 1477 2114 igitur
1494 2069 1563 2103 sibi
1581 2067 1660 2102 vuit

936 2121 972 2156 h.
990 2121 1015 2156 l.
1041 2124 1247 2167 praefectus
1273 2119 1450 2164 legionis?
1480 2118 1574 2152 Sane
1600 2118 1660 2150 in-

936 2170 1132 2205 ferioribus
1162 2168 1384 2214 temporibus
1414 2168 1523 2202 etiam
1545 2177 1659 2213 prae-

935 2220 1022 2265 fecti
1054 2219 1231 2264 leyionum
1269 2221 1513 2251 memorantur
1558 2215 1660 2260 (vide
1694 2232 1696 2234 v

938 2269 1065 2314 Veget.
1094 2267 1183 2304 119.
1225 2266 1337 2301 Notit.
1374 2266 1502 2309 dignit.
1539 2263 1661 2298 multis

938 2317 1074 2362 locis),
1114 2316 1177 2350 sed
1201 2315 1313 2349 Taciti
1348 2324 1439 2348 aevo
1473 2313 1662 2359 legionum

938 2365 1048 2399 duces
1076 2364 1165 2398 nulli
1193 2368 1286 2405 sunt,
1314 2363 1384 2396 nisi
1400 2363 1512 2409 legati
1539 2361 1662 2408 legio-

936 2425 1042 2455 num,
1079 2425 1121 2448 ac
1148 2413 1192 2447 de
1220 2413 1276 2446 his
1310 2413 1417 2447 etiam
1445 2411 1580 2445 dictum
1608 2413 1664 2443 est

938 2463 980 2496 H.
1007 2462 1114 2506 1186,
1142 2462 1253 2497 11152
1279 2461 1370 2496 illud
1397 2460 1529 2506 leyioni
1550 2469 1662 2505 prae-

934 2512 1089 2557 positus,
1125 2511 1220 2556 quod
1247 2510 1454 2544 Waltherus
1483 2513 1662 2553 tamquam

938 2560 982 2594 de
1010 2560 1195 2604 praefecto
1239 2559 1397 2605 legionis
1435 2558 1559 2592 nescio
1592 2566 1662 2601 quo

940 2610 1094 2653 positum
1122 2609 1275 2652 accepit.
1330 2606 1483 2641 Accedit
1511 2605 1662 2639 alterum

940 2661 1096 2695 νοθείας
1124 2656 1296 2691 indicium
1314 2667 1384 2690 non
1402 2657 1519 2689 minus
1537 2663 1660 2699 grave.

939 2707 974 2741 Si
994 2707 1205 2740 Saturninus
1231 2706 1303 2739 dux
1329 2705 1489 2750 legionis
1519 2702 1661 2742 fuisset,

940 2766 1070 2789 nomen
1097 2756 1175 2789 sive
1203 2764 1371 2787 numerus
1400 2753 1477 2785 eius
1505 2750 1663 2795 legionis

940 2803 1164 2838 adiiciendns
1191 2806 1278 2835 erat.
1341 2800 1427 2843 Quis
1455 2799 1567 2845 igitur
1593 2798 1663 2831 iste

941 2852 1036 2886 fuit?
1068 2848 1149 2885 Fuit
1179 2849 1355 2884 Ostiensis
1384 2846 1543 2882 cohortis
1577 2850 1661 2893 (au-

941 2899 1098 2945 xiliaris)
1137 2899 1208 2932 dux
1248 2901 1283 2931 et
1324 2897 1583 2941 praepositus,
1627 2893 1663 2928 id

942 2947 1037 2994 quod
1075 2958 1120 2981 ex
1154 2947 1232 2991 ipso
1276 2945 1421 2979 nomine
1460 2944 1664 2991 praefectus

941 2994 1053 3031 Taciti
1073 2993 1230 3031 lectores
1251 2998 1380 3040 sponte
1394 2991 1662 3040 intelligebant,
