1768 3216
150 224 177 252 α’
196 215 239 252 ὓ.
267 217 326 253 69.
613 215 750 251 LIBER
774 216 837 251 lv.
888 215 978 252 Cn.
1007 215 1166 253 28—29.
1578 216 1651 250 811

149 333 282 388 gestis
313 333 472 375 circum
503 333 629 388 lignis
661 332 952 386 accensisque,
985 332 1106 374 simul
1142 332 1371 387 epulantes,
1401 336 1447 373 ut
1478 333 1653 386 quisque

148 407 250 449 vino
272 407 514 459 incaluerat,
541 407 591 448 ad
614 419 794 461 pugnam
815 406 1049 448 temeritate
1066 407 1183 448 inani
1203 407 1457 448 ferebantur.
1491 406 1651 460 Quippe

147 483 335 537 ipsorum
366 482 448 524 tela
478 495 554 536 per
584 481 780 522 tenebras
812 493 943 522 vana:
993 481 1170 523 Romani
1201 481 1471 535 conspicuam
1496 481 1652 523 barba-
1706 537 1714 545 .

147 568 290 600 rorum
321 557 470 609 aciem,
505 560 546 597 et
574 556 612 598 si
640 556 732 610 quis
765 555 941 598 audacia
968 560 1039 597 aut
1068 555 1302 610 insignibus
1335 555 1565 610 effulgens,
1598 555 1648 613 agl
1677 557 1768 630 Su-f‘

147 632 274 674 ictum
307 631 415 674 desti
559 635 586 671 t.
640 630 904 672 intellectum
946 630 988 671 id
1029 630 1180 683 Civili,
1227 634 1269 671 et
1304 630 1505 671 restincto
1550 630 1650 684 igne
1665 642 1711 696 ⁸0

146 707 318 765 misceri
348 709 499 765 cuncta
538 705 724 765 tenebris
752 709 792 746 et
823 705 949 763 armis
979 705 1105 747 iubet.
1169 705 1270 746 Tum
1307 716 1411 746 vero
1453 699 1686 759 strepitus*

146 763 331 832 dissoni,
363 764 505 822 casus
523 766 696 831 incerti,
716 767 866 833 *neque
898 779 1079 820 feriendi
1109 791 1247 833 neque
1278 779 1518 821 declinandi
1547 791 1651 834 pro-

144 854 342 896 videntia.
393 853 510 895 Unde
543 842 701 895 clamor
731 854 963 905 acciderat,
996 853 1288 907 circumagere
1323 865 1518 907 corpora,
1554 858 1651 894 ten-

145 927 248 970 dere
276 931 408 1005 Q.
469 927 580 969 Nihil
610 927 815 980 prodesse
844 927 975 967 virtus
996 957 1007 978 ‚
1061 926 1149 968 fors
1180 930 1330 968 cuncta
1378 927 1547 968 turbare
1565 958 1576 979 ‚
1609 930 1650 967 et
1684 925 1768 992 {ff

142 1002 390 1056 ignavorum
435 1013 563 1054 saepe
608 1000 702 1042 telis
750 1000 970 1042 fortissimi
1020 1000 1188 1042 cadere.
1249 1000 1371 1054 Apud
1418 999 1649 1042 Germanos
1667 1015 1768 1055 10ch

141 1075 379 1118 inconsulta
412 1076 497 1117 ira:
551 1076 761 1117 Romanus
790 1075 908 1117 miles
939 1075 1222 1129 periculorum
1271 1086 1429 1130 gnarus
1470 1075 1647 1116 ferratas

141 1150 281 1202 sudes,
311 1150 458 1205 gravia
491 1162 594 1191 saxa
622 1162 706 1190 non
740 1150 847 1192 sorte
879 1150 1073 1191 iaciebat.
1122 1150 1200 1192 Ubi
1228 1161 1358 1192 sonus
1389 1149 1649 1191 molientium

141 1228 210 1267 aut
249 1223 464 1278 adpositae
506 1223 648 1265 scalae
678 1223 842 1265 hostem
874 1223 916 1264 in
948 1236 1092 1265 manus
1136 1224 1364 1277 dederant,
1409 1223 1647 1278 propellere

285 1362 320 1396 3.
346 1361 528 1407 pspicuum
555 1371 634 1394 cum
661 1359 724 1394 lin.
751 1365 953 1395 transversa
978 1362 1014 1394 in
1041 1360 1110 1394 litt.
1135 1372 1182 1407 p,
1219 1370 1397 1404 superscr.
1429 1371 1447 1393 c
1474 1371 1553 1394 cum
1581 1359 1644 1394 lin.

139 1410 184 1444 ab
211 1408 289 1444 ead.
319 1420 364 1442 m.
392 1408 472 1443 Ma:
502 1408 529 1442 G
549 1410 784 1455 conspicuam.
857 1409 892 1444 4.
922 1415 955 1443 et
977 1409 1117 1454 fulqens
1153 1407 1217 1443 Ma.
1322 1410 1354 1444 7.
1379 1409 1497 1442 ‘casus
1521 1409 1649 1442 incerti

139 1458 271 1492 omittit
302 1456 367 1500 Ma,
395 1458 496 1491 cuius
521 1468 643 1503 margo
671 1469 792 1492 corsus
816 1458 987 1504 incepeci.'
1011 1457 1171 1491 Bssuussu.
1201 1457 1358 1491 ‘scilicet
1385 1457 1454 1491 hoc
1479 1457 1647 1491 lectionis

139 1511 334 1541 monstrum
369 1507 404 1539 in
442 1506 512 1540 fine
551 1505 738 1540 columnae
777 1511 959 1540 exaratum
1000 1511 1054 1540 est
1089 1508 1126 1540 in
1162 1505 1316 1540 frustulo
1342 1505 1571 1540 membranae
1597 1505 1647 1540 ibi

138 1554 364 1601 adglutinato
389 1554 433 1588 ab
461 1554 618 1598 homine,
647 1556 706 1601 qui
734 1554 921 1599 archetypi
947 1555 1085 1588 litteras
1111 1559 1212 1588 recte
1243 1554 1369 1600 legere
1395 1564 1466 1587 non
1493 1558 1646 1598 poterat,

139 1603 233 1637 unde
263 1604 406 1647 scripsit
432 1614 472 1636 or
499 1613 561 1647 pro
589 1615 631 1646 a,
671 1604 738 1649 put
764 1613 827 1647 pro
855 1604 925 1637 rti.²
959 1602 1113 1637 erssn.
1213 1603 1248 1637 8.
1295 1603 1552 1647 circumageret
1579 1601 1644 1636 Ma.

139 1651 173 1686 9.
202 1657 301 1685 artus
328 1651 463 1685 editor:
495 1662 600 1685 arcus
628 1652 791 1694 codices,
819 1652 931 1685 iactus
956 1651 1163 1694 Acidalius,
1195 1652 1303 1685 armis
1332 1650 1485 1694 Lipsius.
1590 1651 1644 1685 10.

140 1699 235 1745 apud
259 1700 311 1746 (in
339 1710 462 1733 versus
496 1699 582 1743 fine)
611 1700 704 1745 apud
730 1700 922 1734 Germanos
949 1698 1012 1733 Ma.
1113 1702 1166 1734 11.
1194 1701 1342 1744 iynarus
1368 1697 1422 1732 Ma
1449 1703 1484 1732 et
1510 1699 1646 1732 ceteri:

141 1749 296 1782 correxit
334 1748 547 1791 Rhenanus,
587 1749 672 1782 item
709 1748 890 1782 Victorius
924 1749 960 1781 in
1001 1758 1065 1781 suo
1103 1748 1157 1782 ed.
1193 1747 1432 1781 Beroaldinae
1466 1746 1648 1791 exemplo.

146 1798 200 1832 13.
227 1797 307 1842 adp.
333 1795 408 1830 Ma:
443 1807 522 1842 app.
552 1796 590 1830 G.

930 1940 1067 1973 nestius
1110 1940 1206 1974 tendi
1242 1951 1347 1975 arcus
1373 1940 1467 1983 dici,
1506 1940 1650 1974 tendere

929 1999 1035 2022 arcus
1063 1988 1180 2033 aliquo
1208 1999 1279 2022 non
1304 1990 1482 2023 inveniri:
1515 1989 1649 2034 quippe

928 2037 1071 2070 tendere
1100 2048 1224 2071 arcum
1262 2042 1316 2071 est
1346 2037 1526 2071 attrahere
1562 2047 1648 2071 ner-

138 1941 288 1976 Grutero
316 1940 385 1975 hoc
404 1940 683 1993 additamentum
705 1952 748 1975 ex
762 1951 857 1974 mar-

137 1991 223 2036 gine
250 1990 389 2034 antiqui
417 1989 600 2024 cuiusdam
627 1989 709 2023 libri
723 1988 857 2023 Taciti-

136 2039 192 2072 nis
220 2039 392 2072 insertum
419 2037 534 2072 fuisse
562 2039 740 2072 existimo.

210 2087 293 2130 quia
314 2086 441 2131 procul
477 2088 558 2132 ripa
596 2087 771 2121 aberant:
807 2086 857 2119 ibi

137 2134 227 2168 nihil
255 2134 407 2179 periculi
436 2136 622 2169 imminere
656 2135 723 2169 sibi
758 2134 856 2167 arbi-

136 2182 331 2216 trabantur.
364 2183 612 2217 Marcodurum
640 2194 734 2217 nunc
759 2182 858 2216 audit

138 2231 273 2273 Daren,
302 2231 429 2264 civitas
461 2231 504 2265 ad
518 2232 668 2265 Roeram
682 2234 746 2276 (=
764 2231 855 2277 Bur)

137 2278 315 2312 inMosam
341 2289 380 2312 se
409 2279 654 2313 effundentem
669 2281 749 2321 sita,
778 2290 856 2312 me-

138 2325 196 2359 dia
230 2327 324 2360 inter
362 2325 549 2360 Coloniam
587 2332 622 2361 et
655 2328 856 2371 Aquisgra-

139 2383 251 2407 nense
277 2374 460 2418 oppidum.

212 2421 400 2467 molemque
432 2434 598 2469 operum.-
633 2428 714 2457 sunt
747 2433 857 2467 opera

138 2469 233 2503 mole
262 2471 419 2516 insignia
435 2472 687 2517 (masscnkafte
706 2471 854 2517 Werke).

202 2517 295 2563 Dap.
323 2519 381 2555 29.
422 2526 544 2554 artus.-
573 2520 762 2566 legebatur
790 2531 856 2553 ar-

138 2577 209 2600 cus.
249 2567 364 2601 Arcus
390 2578 513 2602 verum
543 2579 624 2602 esse
650 2578 721 2602 non
748 2578 856 2613 posse

137 2613 279 2658 Lipsius
307 2621 343 2649 et
367 2615 554 2650 Ernestius
589 2618 701 2662 magis
727 2627 855 2655 sense-

137 2666 359 2711 runt‘quam
399 2664 668 2698 intellexerunt.
723 2665 855 2701 Dicunt

138 2719 210 2742 non
230 2711 354 2744 erebra
375 2721 417 2744 ea
442 2722 539 2745 arma
557 2711 739 2747 Germanis
762 2713 856 2746 fuis-

139 2768 203 2791 set
245 2758 281 2792 id
311 2769 434 2792 verum
462 2764 517 2793 est
543 2765 579 2794 et
601 2759 711 2794 'l'aciti
739 2760 853 2794 Germ.

140 2817 170 2839 c.
197 2804 220 2839 6
246 2807 507 2851 comprobatur.
537 2807 650 2841 Arcus
683 2809 777 2842 enim
797 2810 855 2842 in-

138 2858 193 2886 ter
218 2864 315 2889 arma
340 2854 408 2889 hoc
436 2856 516 2889 loco
544 2855 653 2898 nulli,
681 2861 716 2890 et
739 2858 855 2890 missi-

140 2902 191 2935 lia
218 2902 349 2937 ibidem
377 2909 653 2938 commemorata
667 2903 757 2939 nihil
778 2915 856 2939 cum

140 2959 240 2986 arcu.
270 2951 309 2986 ld
334 2962 479 2999 quoque
508 2957 606 2988 recte
633 2953 770 2988 monuit
789 2953 861 2991 En.

927 2096 1010 2118 vum
1044 2096 1147 2119 arcus
1186 2086 1269 2132 (den
1304 2086 1424 2131 Boqen
1462 2097 1646 2131 spannen,

927 2143 999 2166 non
1026 2135 1192 2180 richten).
1247 2133 1316 2168 Sed
1352 2134 1463 2169 multo
1499 2135 1647 2180 gravius

928 2187 994 2225 est,
1025 2182 1120 2227 quod
1144 2193 1190 2216 ne
1205 2183 1323 2216 Parthi
1351 2183 1495 2228 quidem
1517 2184 1553 2216 in
1582 2182 1648 2216 hae

927 2232 1197 2276 oppugnatione
1235 2243 1325 2264 arcu
1351 2233 1402 2264 uti
1429 2231 1645 2275 potuissent.

927 2278 1021 2320 Quid
1072 2280 1167 2312 enim
1226 2278 1390 2313 Germani
1443 2279 1648 2312 conantur?

929 2326 1070 2369 Quippe
1096 2326 1157 2360 alii
1174 2327 1354 2361 moliendo
1382 2326 1547 2361 scindere
1564 2326 1647 2360 val-

931 2374 1024 2416 lum,
1055 2373 1117 2407 alii
1155 2376 1330 2418 appositis
1360 2375 1467 2409 scalis
1502 2375 1646 2408 moenia

928 2421 1123 2456 ascendere
1158 2427 1320 2465 tentant,
1363 2434 1473 2458 caeco
1511 2425 1647 2468 impetu

927 2470 1158 2516 tenebrisque
1186 2472 1449 2507 circumvoluti.
1500 2472 1558 2506 Sic
1588 2473 1647 2505 in-

929 2519 1140 2563 gruentibus
1186 2531 1288 2553 arcus
1334 2522 1447 2566 magis
1491 2519 1647 2564 impedi-

928 2572 1048 2600 mento
1067 2567 1134 2601 fuit
1154 2579 1256 2613 quani
1279 2570 1370 2603 usui.
1401 2569 1525 2613 ltaque
1551 2567 1646 2601 unde

928 2615 1062 2649 clamor
1076 2616 1265 2660 acciderat,
1297 2619 1539 2661 circumayere
1563 2627 1646 2649 cor-

923 2674 1027 2708 pora,
1057 2665 1200 2698 tendere
1226 2671 1336 2707 artus,
1365 2665 1399 2699 h.
1426 2676 1458 2699 e.
1483 2663 1647 2697 manibus

927 2712 1151 2758 pedibusque
1186 2715 1263 2747 niti.
1328 2713 1435 2746 Artus
1469 2716 1551 2744 sunt
1579 2721 1645 2744 ex.-

928 2764 1041 2794 trema
1068 2763 1248 2804 corporis,
1291 2762 1484 2804 praecipue
1521 2769 1646 2793 manus

926 2808 1122 2853 pedesque.
1181 2810 1239 2842 Sic
1276 2808 1355 2841 Xlll
1389 2809 1460 2842 35:
1498 2807 1647 2841 ambusti·

925 2857 1110 2890 multorum
1135 2862 1233 2890 artus
1270 2859 1414 2900 (manus
1448 2859 1485 2889 et
1514 2855 1645 2899 pedes)

926 2905 960 2937 υἱ
993 2906 1163 2949 friyoris3
1211 2904 1272 2937 XV
1308 2903 1356 2939 64
1388 2903 1539 2949 [νίψεως
1574 2904 1646 2937 iam

930 2957 1026 2986 artus
1054 2954 1197 2998 (manus
1229 2951 1458 2999 pedesque),
1492 2957 1524 2987 et
1550 2950 1645 2986 eluso
