<?xml version="1.0" encoding="UTF-8"?>
<!DOCTYPE html PUBLIC "-//W3C//DTD XHTML 1.0 Transitional//EN"
    "http://www.w3.org/TR/xhtml1/DTD/xhtml1-transitional.dtd">
<html xmlns="http://www.w3.org/1999/xhtml" xml:lang="en" lang="en">
 <head>
  <title>
</title>
<meta http-equiv="Content-Type" content="text/html;charset=utf-8" />
  <meta name='ocr-system' content='tesseract 3.04.00' />
  <meta name='ocr-capabilities' content='ocr_page ocr_carea ocr_par ocr_line ocrx_word'/>
</head>
<body>
  <div class='ocr_page' id='page_1' title='image "./operaadcodicesan03taciuoft/operaadcodicesan03taciuoft_0467.png"; bbox 0 0 1768 3216; ppageno 0'>
   <div class='ocr_carea' id='block_1_1' title="bbox 728 210 1615 247">
    <p class='ocr_par' dir='ltr' id='par_1_1' title="bbox 728 210 1615 247">
     <span class='ocr_line' id='line_1_1' title="bbox 728 210 1615 247; baseline -0.002 0"><span class='ocrx_word' id='word_1_1' title='bbox 728 212 816 247; x_wconf 67' lang='grc' dir='ltr'><strong>ΟΑΡ.</strong></span> <span class='ocrx_word' id='word_1_2' title='bbox 845 212 1000 247; x_wconf 81' lang='lat'>11-12.</span> <span class='ocrx_word' id='word_1_3' title='bbox 1565 210 1615 245; x_wconf 76' lang='lat'>85</span> 
     </span>
    </p>
   </div>
   <div class='ocr_carea' id='block_1_2' title="bbox 45 325 1671 1270">
    <p class='ocr_par' dir='ltr' id='par_1_2' title="bbox 45 325 1671 1270">
     <span class='ocr_line' id='line_1_2' title="bbox 45 325 1612 384; baseline -0.004 -10"><span class='ocrx_word' id='word_1_4' title='bbox 45 331 103 382; x_wconf 70' lang='lat'>12</span> <span class='ocrx_word' id='word_1_5' title='bbox 115 327 320 384; x_wconf 79' lang='lat' dir='ltr'>adsensus</span> <span class='ocrx_word' id='word_1_6' title='bbox 360 340 494 384; x_wconf 89' lang='lat' dir='ltr'>genus</span> <span class='ocrx_word' id='word_1_7' title='bbox 530 333 603 372; x_wconf 48' lang='lat' dir='ltr'>‘est</span> <span class='ocrx_word' id='word_1_8' title='bbox 650 330 776 372; x_wconf 85' lang='lat' dir='ltr'>armis</span> <span class='ocrx_word' id='word_1_9' title='bbox 812 329 996 372; x_wconf 85' lang='lat' dir='ltr'>laudare.</span> <span class='ocrx_word' id='word_1_10' title='bbox 1069 328 1187 371; x_wconf 85' lang='lat' dir='ltr'>Licet</span> <span class='ocrx_word' id='word_1_11' title='bbox 1234 327 1343 382; x_wconf 87' lang='lat' dir='ltr'>apud</span> <span class='ocrx_word' id='word_1_12' title='bbox 1388 325 1612 370; x_wconf 90' lang='lat' dir='ltr'>concilium</span> 
     </span>
     <span class='ocr_line' id='line_1_3' title="bbox 116 402 1610 459; baseline -0.001 -13"><span class='ocrx_word' id='word_1_13' title='bbox 116 415 320 454; x_wconf 78' lang='lat' dir='ltr'>accusare</span> <span class='ocrx_word' id='word_1_14' title='bbox 350 416 514 458; x_wconf 90' lang='lat' dir='ltr'>quoque</span> <span class='ocrx_word' id='word_1_15' title='bbox 548 408 589 445; x_wconf 88' lang='lat' dir='ltr'>et</span> <span class='ocrx_word' id='word_1_16' title='bbox 627 405 859 459; x_wconf 12' lang='lat' dir='ltr'>discrimen,</span> <span class='ocrx_word' id='word_1_17' title='bbox 897 404 1044 458; x_wconf 82' lang='lat' dir='ltr'>capitis</span> <span class='ocrx_word' id='word_1_18' title='bbox 1085 402 1316 445; x_wconf 84' lang='lat' dir='ltr'>intendere.</span> <span class='ocrx_word' id='word_1_19' title='bbox 1387 402 1610 445; x_wconf 87' lang='lat' dir='ltr'>Distinctio</span> 
     </span>
     <span class='ocr_line' id='line_1_4' title="bbox 114 477 1611 533; baseline -0.001 -13"><span class='ocrx_word' id='word_1_20' title='bbox 114 489 344 533; x_wconf 85' lang='lat' dir='ltr'>poenarum</span> <span class='ocrx_word' id='word_1_21' title='bbox 369 491 423 520; x_wconf 86' lang='lat' dir='ltr'>ex</span> <span class='ocrx_word' id='word_1_22' title='bbox 453 478 620 520; x_wconf 90' lang='lat' dir='ltr'>delicto.</span> <span class='ocrx_word' id='word_1_23' title='bbox 657 478 900 520; x_wconf 84' lang='lat' dir='ltr'>Proditores</span> <span class='ocrx_word' id='word_1_24' title='bbox 930 483 970 520; x_wconf 91' lang='lat' dir='ltr'>et</span> <span class='ocrx_word' id='word_1_25' title='bbox 999 477 1238 533; x_wconf 83' lang='lat' dir='ltr'><strong>transfugas</strong></span> <span class='ocrx_word' id='word_1_26' title='bbox 1260 477 1481 519; x_wconf 82' lang='lat' dir='ltr'>arboribus</span> <span class='ocrx_word' id='word_1_27' title='bbox 1511 485 1611 519; x_wconf 85' lang='lat' dir='ltr'>sus-</span> 
     </span>
     <span class='ocr_line' id='line_1_5' title="bbox 115 552 1610 610; baseline -0.003 -13"><span class='ocrx_word' id='word_1_28' title='bbox 115 554 300 610; x_wconf 77' lang='lat' dir='ltr'>pendunt</span> <span class='ocrx_word' id='word_1_29' title='bbox 310 567 324 606; x_wconf 92' lang='lat'>;</span> <span class='ocrx_word' id='word_1_30' title='bbox 363 554 541 609; x_wconf 87' lang='lat' dir='ltr'>ignavos</span> <span class='ocrx_word' id='word_1_31' title='bbox 581 557 621 594; x_wconf 90' lang='lat' dir='ltr'>et</span> <span class='ocrx_word' id='word_1_32' title='bbox 661 552 849 595; x_wconf 86' lang='lat' dir='ltr'>imbelles</span> <span class='ocrx_word' id='word_1_33' title='bbox 882 557 923 594; x_wconf 87' lang='lat' dir='ltr'>et</span> <span class='ocrx_word' id='word_1_34' title='bbox 953 565 1133 607; x_wconf 88' lang='lat' dir='ltr'>corpore</span> <span class='ocrx_word' id='word_1_35' title='bbox 1164 553 1340 594; x_wconf 82' lang='lat' dir='ltr'>infames</span> <span class='ocrx_word' id='word_1_36' title='bbox 1381 563 1516 594; x_wconf 92' lang='lat' dir='ltr'>coeno</span> <span class='ocrx_word' id='word_1_37' title='bbox 1560 564 1610 593; x_wconf 87' lang='lat' dir='ltr'>ac</span> 
     </span>
     <span class='ocr_line' id='line_1_6' title="bbox 116 625 1646 683; baseline -0.003 -13"><span class='ocrx_word' id='word_1_38' title='bbox 116 627 291 683; x_wconf 81' lang='lat' dir='ltr'>palude,</span> <span class='ocrx_word' id='word_1_39' title='bbox 323 628 479 670; x_wconf 88' lang='lat' dir='ltr'>iniecta</span> <span class='ocrx_word' id='word_1_40' title='bbox 508 628 679 681; x_wconf 89' lang='lat' dir='ltr'>insuper</span> <span class='ocrx_word' id='word_1_41' title='bbox 713 632 851 679; x_wconf 89' lang='lat' dir='ltr'>crate,</span> <span class='ocrx_word' id='word_1_42' title='bbox 893 631 1100 682; x_wconf 88' lang='lat' dir='ltr'>mergunt.</span> <span class='ocrx_word' id='word_1_43' title='bbox 1123 652 1131 657; x_wconf 82' lang='lat'><em>-</em></span> <span class='ocrx_word' id='word_1_44' title='bbox 1159 626 1393 668; x_wconf 80' lang='lat' dir='ltr'>Diversitas</span> <span class='ocrx_word' id='word_1_45' title='bbox 1421 625 1646 679; x_wconf 72' lang='lat' dir='ltr'>suppliciis</span> 
     </span>
     <span class='ocr_line' id='line_1_7' title="bbox 118 701 1616 757; baseline -0.003 -11"><span class='ocrx_word' id='word_1_46' title='bbox 118 703 216 746; x_wconf 90' lang='lat' dir='ltr'>illuc</span> <span class='ocrx_word' id='word_1_47' title='bbox 245 703 432 757; x_wconf 81' lang='lat' dir='ltr'>respicit,</span> <span class='ocrx_word' id='word_1_48' title='bbox 464 706 672 756; x_wconf 85' lang='lat' dir='ltr'>tamquam</span> <span class='ocrx_word' id='word_1_49' title='bbox 702 702 865 744; x_wconf 87' lang='lat' dir='ltr'>scelera</span> <span class='ocrx_word' id='word_1_50' title='bbox 894 702 1059 744; x_wconf 90' lang='lat' dir='ltr'>ostendi</span> <span class='ocrx_word' id='word_1_51' title='bbox 1085 705 1288 756; x_wconf 83' lang='lat' dir='ltr'>oporteat,</span> <span class='ocrx_word' id='word_1_52' title='bbox 1320 701 1415 743; x_wconf 91' lang='lat' dir='ltr'>dum</span> <span class='ocrx_word' id='word_1_53' title='bbox 1433 701 1616 755; x_wconf 90' lang='lat' dir='ltr'>puniun-</span> 
     </span>
     <span class='ocr_line' id='line_1_8' title="bbox 118 775 1615 833; baseline -0.003 -12"><span class='ocrx_word' id='word_1_54' title='bbox 118 782 198 831; x_wconf 87' lang='lat' dir='ltr'>tur,</span> <span class='ocrx_word' id='word_1_55' title='bbox 228 777 387 833; x_wconf 82' lang='lat' dir='ltr'>flagitia</span> <span class='ocrx_word' id='word_1_56' title='bbox 427 777 644 819; x_wconf 81' lang='lat' dir='ltr'>abscondi.</span> <span class='ocrx_word' id='word_1_57' title='bbox 705 777 789 819; x_wconf 87' lang='lat' dir='ltr'>Sed</span> <span class='ocrx_word' id='word_1_58' title='bbox 827 780 869 818; x_wconf 87' lang='lat' dir='ltr'>et</span> <span class='ocrx_word' id='word_1_59' title='bbox 907 776 1135 818; x_wconf 88' lang='lat' dir='ltr'>levioribus</span> <span class='ocrx_word' id='word_1_60' title='bbox 1177 776 1341 818; x_wconf 89' lang='lat' dir='ltr'>delictis</span> <span class='ocrx_word' id='word_1_61' title='bbox 1382 787 1457 829; x_wconf 88' lang='lat' dir='ltr'>pro</span> <span class='ocrx_word' id='word_1_62' title='bbox 1489 775 1615 816; x_wconf 89' lang='lat' dir='ltr'>modo</span> 
     </span>
     <span class='ocr_line' id='line_1_9' title="bbox 116 849 1611 907; baseline -0.003 -13"><span class='ocrx_word' id='word_1_63' title='bbox 116 864 286 907; x_wconf 84' lang='lat' dir='ltr'>poena:</span> <span class='ocrx_word' id='word_1_64' title='bbox 333 864 532 906; x_wconf 88' lang='lat' dir='ltr'>equorum</span> <span class='ocrx_word' id='word_1_65' title='bbox 574 863 859 906; x_wconf 88' lang='lat' dir='ltr'>pecorumque</span> <span class='ocrx_word' id='word_1_66' title='bbox 899 863 1072 892; x_wconf 90' lang='lat' dir='ltr'>numero</span> <span class='ocrx_word' id='word_1_67' title='bbox 1111 850 1302 892; x_wconf 78' lang='lat' dir='ltr'>convicti</span> <span class='ocrx_word' id='word_1_68' title='bbox 1350 849 1611 890; x_wconf 85' lang='lat' dir='ltr'>mulctantur.</span> 
     </span>
     <span class='ocr_line' id='line_1_10' title="bbox 116 922 1618 981; baseline -0.004 -12"><span class='ocrx_word' id='word_1_69' title='bbox 116 927 218 971; x_wconf 86' lang='lat' dir='ltr'>Pars</span> <span class='ocrx_word' id='word_1_70' title='bbox 246 926 424 972; x_wconf 86' lang='lat' dir='ltr'>mulctae</span> <span class='ocrx_word' id='word_1_71' title='bbox 454 927 548 981; x_wconf 89' lang='lat' dir='ltr'>regi</span> <span class='ocrx_word' id='word_1_72' title='bbox 575 926 642 967; x_wconf 91' lang='lat' dir='ltr'>vel</span> <span class='ocrx_word' id='word_1_73' title='bbox 684 926 864 977; x_wconf 84' lang='lat' dir='ltr'>civitati,</span> <span class='ocrx_word' id='word_1_74' title='bbox 901 937 998 979; x_wconf 91' lang='lat' dir='ltr'>pars</span> <span class='ocrx_word' id='word_1_75' title='bbox 1043 925 1123 979; x_wconf 92' lang='lat' dir='ltr'>ipsi</span> <span class='ocrx_word' id='word_1_76' title='bbox 1167 925 1237 978; x_wconf 91' lang='lat' dir='ltr'>qui</span> <span class='ocrx_word' id='word_1_77' title='bbox 1275 923 1513 965; x_wconf 84' lang='lat' dir='ltr'>vindicatur</span> <span class='ocrx_word' id='word_1_78' title='bbox 1550 922 1618 965; x_wconf 84' lang='lat' dir='ltr'>vel</span> 
     </span>
     <span class='ocr_line' id='line_1_11' title="bbox 117 997 1671 1056; baseline -0.005 -12"><span class='ocrx_word' id='word_1_79' title='bbox 117 1001 361 1056; x_wconf 84' lang='lat' dir='ltr'>propinquis</span> <span class='ocrx_word' id='word_1_80' title='bbox 393 1001 482 1043; x_wconf 91' lang='lat' dir='ltr'>eius</span> <span class='ocrx_word' id='word_1_81' title='bbox 524 1000 742 1042; x_wconf 84' lang='lat' dir='ltr'>exolvitur.</span> <span class='ocrx_word' id='word_1_82' title='bbox 803 1000 1023 1054; x_wconf 85' lang='lat' dir='ltr'>Eliguntur</span> <span class='ocrx_word' id='word_1_83' title='bbox 1063 999 1106 1040; x_wconf 92' lang='lat' dir='ltr'>in</span> <span class='ocrx_word' id='word_1_84' title='bbox 1153 998 1286 1040; x_wconf 91' lang='lat' dir='ltr'>isdem</span> <span class='ocrx_word' id='word_1_85' title='bbox 1327 997 1518 1039; x_wconf 88' lang='lat' dir='ltr'>conciliis</span> <span class='ocrx_word' id='word_1_86' title='bbox 1567 1001 1609 1038; x_wconf 90' lang='lat' dir='ltr'>et</span> <span class='ocrx_word' id='word_1_87' title='bbox 1632 1003 1671 1033; x_wconf 87' lang='lat'>¹⁰</span> 
     </span>
     <span class='ocr_line' id='line_1_12' title="bbox 117 1070 1616 1130; baseline -0.005 -12"><span class='ocrx_word' id='word_1_88' title='bbox 117 1076 354 1130; x_wconf 87' lang='lat' dir='ltr'>principes,</span> <span class='ocrx_word' id='word_1_89' title='bbox 396 1076 467 1129; x_wconf 91' lang='lat' dir='ltr'>qui</span> <span class='ocrx_word' id='word_1_90' title='bbox 505 1076 595 1117; x_wconf 87' lang='lat' dir='ltr'>iura</span> <span class='ocrx_word' id='word_1_91' title='bbox 639 1087 715 1129; x_wconf 92' lang='lat' dir='ltr'>per</span> <span class='ocrx_word' id='word_1_92' title='bbox 752 1086 887 1129; x_wconf 86' lang='lat' dir='ltr'>pagos</span> <span class='ocrx_word' id='word_1_93' title='bbox 932 1073 1134 1127; x_wconf 88' lang='lat' dir='ltr'>vicosque</span> <span class='ocrx_word' id='word_1_94' title='bbox 1177 1072 1370 1115; x_wconf 87' lang='lat' dir='ltr'>reddunt.</span> <span class='ocrx_word' id='word_1_95' title='bbox 1441 1070 1616 1123; x_wconf 87' lang='lat' dir='ltr'>Centeni</span> 
     </span>
     <span class='ocr_line' id='line_1_13' title="bbox 120 1146 1616 1207; baseline -0.004 -14"><span class='ocrx_word' id='word_1_96' title='bbox 120 1150 295 1207; x_wconf 85' lang='lat' dir='ltr'>singulis</span> <span class='ocrx_word' id='word_1_97' title='bbox 337 1163 390 1192; x_wconf 86' lang='lat' dir='ltr'>ex</span> <span class='ocrx_word' id='word_1_98' title='bbox 428 1150 550 1205; x_wconf 90' lang='lat' dir='ltr'>plebe</span> <span class='ocrx_word' id='word_1_99' title='bbox 596 1150 771 1192; x_wconf 91' lang='lat' dir='ltr'>comites</span> <span class='ocrx_word' id='word_1_100' title='bbox 792 1180 804 1202; x_wconf 85' lang='lat'>,</span> <span class='ocrx_word' id='word_1_101' title='bbox 855 1148 1073 1190; x_wconf 90' lang='lat' dir='ltr'>consilium</span> <span class='ocrx_word' id='word_1_102' title='bbox 1123 1147 1246 1191; x_wconf 91' lang='lat' dir='ltr'>simul</span> <span class='ocrx_word' id='word_1_103' title='bbox 1289 1151 1329 1189; x_wconf 91' lang='lat' dir='ltr'>et</span> <span class='ocrx_word' id='word_1_104' title='bbox 1375 1146 1616 1198; x_wconf 87' lang='lat' dir='ltr'>auctoritas,</span> 
     </span>
     <span class='ocr_line' id='line_1_14' title="bbox 122 1226 285 1270; baseline -0.018 0"><span class='ocrx_word' id='word_1_105' title='bbox 122 1226 285 1270; x_wconf 74' lang='lat' dir='ltr'>adsunt,</span> 
     </span>
    </p>
   </div>
   <div class='ocr_carea' id='block_1_3' title="bbox 122 1386 1624 1631">
    <p class='ocr_par' dir='ltr' id='par_1_3' title="bbox 122 1386 1624 1631">
     <span class='ocr_line' id='line_1_15' title="bbox 266 1386 1621 1437; baseline -0.007 -8"><span class='ocrx_word' id='word_1_106' title='bbox 266 1396 297 1430; x_wconf 91' lang='lat'>1.</span> <span class='ocrx_word' id='word_1_107' title='bbox 325 1404 485 1428; x_wconf 80' lang='lat' dir='ltr'>assensus</span> <span class='ocrx_word' id='word_1_108' title='bbox 510 1391 549 1426; x_wconf 90' lang='lat' dir='ltr'>P.</span> <span class='ocrx_word' id='word_1_109' title='bbox 648 1392 682 1426; x_wconf 89' lang='lat'>7.</span> <span class='ocrx_word' id='word_1_110' title='bbox 708 1390 882 1437; x_wconf 77' lang='lat' dir='ltr'>supplicia</span> <span class='ocrx_word' id='word_1_111' title='bbox 906 1390 1073 1424; x_wconf 78' lang='lat' dir='ltr'>abscondi</span> <span class='ocrx_word' id='word_1_112' title='bbox 1096 1389 1133 1432; x_wconf 88' lang='lat' dir='ltr'>P,</span> <span class='ocrx_word' id='word_1_113' title='bbox 1159 1390 1196 1422; x_wconf 92' lang='lat' dir='ltr'>in</span> <span class='ocrx_word' id='word_1_114' title='bbox 1221 1399 1293 1434; x_wconf 87' lang='lat' dir='ltr'>mg.</span> <span class='ocrx_word' id='word_1_115' title='bbox 1325 1388 1373 1422; x_wconf 85' lang='lat' dir='ltr'>al.</span> <span class='ocrx_word' id='word_1_116' title='bbox 1397 1398 1443 1421; x_wconf 92' lang='lat' dir='ltr'>m.</span> <span class='ocrx_word' id='word_1_117' title='bbox 1472 1386 1621 1432; x_wconf 72' lang='lat' dir='ltr'>flayitia,</span> 
     </span>
     <span class='ocr_line' id='line_1_16' title="bbox 123 1435 1621 1484; baseline -0.007 -6"><span class='ocrx_word' id='word_1_118' title='bbox 123 1448 163 1478; x_wconf 76' lang='lat' dir='ltr'>ut</span> <span class='ocrx_word' id='word_1_119' title='bbox 188 1443 313 1478; x_wconf 81' lang='lat' dir='ltr'>ceteri.</span> <span class='ocrx_word' id='word_1_120' title='bbox 438 1447 470 1475; x_wconf 88' lang='lat' dir='ltr'>et</span> <span class='ocrx_word' id='word_1_121' title='bbox 496 1451 575 1475; x_wconf 90' lang='lat' dir='ltr'>cum</span> <span class='ocrx_word' id='word_1_122' title='bbox 599 1439 737 1475; x_wconf 90' lang='lat' dir='ltr'>lineola</span> <span class='ocrx_word' id='word_1_123' title='bbox 762 1450 870 1484; x_wconf 90' lang='lat' dir='ltr'>super</span> <span class='ocrx_word' id='word_1_124' title='bbox 895 1445 907 1473; x_wconf 89' lang='lat' dir='ltr'>t</span> <span class='ocrx_word' id='word_1_125' title='bbox 935 1439 972 1472; x_wconf 88' lang='lat' dir='ltr'>P.</span> <span class='ocrx_word' id='word_1_126' title='bbox 1081 1438 1117 1473; x_wconf 88' lang='lat'>8.</span> <span class='ocrx_word' id='word_1_127' title='bbox 1142 1448 1336 1483; x_wconf 79' lang='lat' dir='ltr'>poenarum</span> <span class='ocrx_word' id='word_1_128' title='bbox 1363 1436 1388 1470; x_wconf 92' lang='lat' dir='ltr'>P</span> <span class='ocrx_word' id='word_1_129' title='bbox 1418 1440 1455 1470; x_wconf 82' lang='lat' dir='ltr'>et</span> <span class='ocrx_word' id='word_1_130' title='bbox 1481 1435 1621 1469; x_wconf 87' lang='lat' dir='ltr'>ceteri:</span> 
     </span>
     <span class='ocr_line' id='line_1_17' title="bbox 124 1483 1621 1531; baseline -0.007 -4"><span class='ocrx_word' id='word_1_131' title='bbox 124 1493 281 1528; x_wconf 79' lang='lat' dir='ltr'>correxit</span> <span class='ocrx_word' id='word_1_132' title='bbox 305 1490 502 1525; x_wconf 81' lang='lat' dir='ltr'>Acidalius.</span> <span class='ocrx_word' id='word_1_133' title='bbox 598 1488 813 1522; x_wconf 76' lang='lat' dir='ltr'>mulctantur</span> <span class='ocrx_word' id='word_1_134' title='bbox 842 1511 882 1516; x_wconf 90' lang='lat'><strong>—</strong></span> <span class='ocrx_word' id='word_1_135' title='bbox 911 1488 1060 1522; x_wconf 61' lang='lat' dir='ltr'>‚nult-tae</span> <span class='ocrx_word' id='word_1_136' title='bbox 1086 1486 1123 1520; x_wconf 87' lang='lat' dir='ltr'>P.</span> <span class='ocrx_word' id='word_1_137' title='bbox 1219 1486 1253 1521; x_wconf 89' lang='lat'>9.</span> <span class='ocrx_word' id='word_1_138' title='bbox 1279 1486 1364 1531; x_wconf 83' lang='lat' dir='ltr'>ipsis</span> <span class='ocrx_word' id='word_1_139' title='bbox 1396 1484 1515 1519; x_wconf 87' lang='lat' dir='ltr'>deleta</span> <span class='ocrx_word' id='word_1_140' title='bbox 1539 1495 1556 1516; x_wconf 88' lang='lat' dir='ltr'>s</span> <span class='ocrx_word' id='word_1_141' title='bbox 1583 1483 1621 1517; x_wconf 89' lang='lat' dir='ltr'>P.</span> 
     </span>
     <span class='ocr_line' id='line_1_18' title="bbox 122 1531 1623 1586; baseline -0.007 -11"><span class='ocrx_word' id='word_1_142' title='bbox 122 1541 315 1586; x_wconf 62' lang='lat' dir='ltr'>vindicabit</span> <span class='ocrx_word' id='word_1_143' title='bbox 349 1539 419 1574; x_wconf 82' lang='lat' dir='ltr'>litt.</span> <span class='ocrx_word' id='word_1_144' title='bbox 455 1539 504 1572; x_wconf 79' lang='lat' dir='ltr'>vit</span> <span class='ocrx_word' id='word_1_145' title='bbox 541 1539 683 1582; x_wconf 81' lang='lat' dir='ltr'>punctis</span> <span class='ocrx_word' id='word_1_146' title='bbox 716 1537 918 1570; x_wconf 84' lang='lat' dir='ltr'>subnotatis</span> <span class='ocrx_word' id='word_1_147' title='bbox 960 1541 994 1570; x_wconf 87' lang='lat' dir='ltr'>et</span> <span class='ocrx_word' id='word_1_148' title='bbox 1033 1545 1210 1579; x_wconf 81' lang='lat' dir='ltr'>superscr.</span> <span class='ocrx_word' id='word_1_149' title='bbox 1247 1534 1291 1567; x_wconf 88' lang='lat' dir='ltr'>ab</span> <span class='ocrx_word' id='word_1_150' title='bbox 1318 1533 1364 1567; x_wconf 90' lang='lat' dir='ltr'>al.</span> <span class='ocrx_word' id='word_1_151' title='bbox 1402 1543 1449 1566; x_wconf 86' lang='lat' dir='ltr'>m.</span> <span class='ocrx_word' id='word_1_152' title='bbox 1490 1538 1546 1565; x_wconf 82' lang='lat' dir='ltr'>tur</span> <span class='ocrx_word' id='word_1_153' title='bbox 1586 1531 1623 1565; x_wconf 88' lang='lat' dir='ltr'>P.</span> 
     </span>
     <span class='ocr_line' id='line_1_19' title="bbox 126 1582 1624 1631; baseline -0.007 -7"><span class='ocrx_word' id='word_1_154' title='bbox 126 1591 182 1626; x_wconf 82' lang='lat'>10.</span> <span class='ocrx_word' id='word_1_155' title='bbox 210 1589 386 1623; x_wconf 62' lang='lat' dir='ltr'>uoluitur</span> <span class='ocrx_word' id='word_1_156' title='bbox 420 1587 445 1621; x_wconf 88' lang='lat' dir='ltr'>P</span> <span class='ocrx_word' id='word_1_157' title='bbox 472 1597 550 1621; x_wconf 91' lang='lat' dir='ltr'>cum</span> <span class='ocrx_word' id='word_1_158' title='bbox 577 1586 772 1631; x_wconf 84' lang='lat' dir='ltr'>plerisque.</span> <span class='ocrx_word' id='word_1_159' title='bbox 859 1585 981 1619; x_wconf 81' lang='lat' dir='ltr'>iisdem</span> <span class='ocrx_word' id='word_1_160' title='bbox 1006 1584 1043 1626; x_wconf 87' lang='lat' dir='ltr'>P,</span> <span class='ocrx_word' id='word_1_161' title='bbox 1072 1588 1107 1617; x_wconf 92' lang='lat' dir='ltr'>et</span> <span class='ocrx_word' id='word_1_162' title='bbox 1130 1584 1182 1616; x_wconf 89' lang='lat' dir='ltr'>sic</span> <span class='ocrx_word' id='word_1_163' title='bbox 1207 1582 1311 1616; x_wconf 88' lang='lat' dir='ltr'>solet.</span> <span class='ocrx_word' id='word_1_164' title='bbox 1411 1582 1465 1615; x_wconf 89' lang='lat'>11.</span> <span class='ocrx_word' id='word_1_165' title='bbox 1491 1589 1624 1628; x_wconf 66' lang='lat' dir='ltr'>pnceps</span> 
     </span>
    </p>
   </div>
   <div class='ocr_carea' id='block_1_4' title="bbox 123 1634 812 1683">
    <p class='ocr_par' dir='ltr' id='par_1_4' title="bbox 123 1634 812 1683">
     <span class='ocr_line' id='line_1_20' title="bbox 123 1634 812 1683; baseline -0.007 -11"><span class='ocrx_word' id='word_1_166' title='bbox 123 1638 254 1673; x_wconf 83' lang='lat' dir='ltr'>litteris</span> <span class='ocrx_word' id='word_1_167' title='bbox 278 1649 300 1683; x_wconf 81' lang='lat' dir='ltr'>p</span> <span class='ocrx_word' id='word_1_168' title='bbox 328 1642 363 1671; x_wconf 85' lang='lat' dir='ltr'>et</span> <span class='ocrx_word' id='word_1_169' title='bbox 390 1648 408 1671; x_wconf 85' lang='lat' dir='ltr'>e</span> <span class='ocrx_word' id='word_1_170' title='bbox 433 1645 610 1681; x_wconf 86' lang='lat' dir='ltr'>superscr.</span> <span class='ocrx_word' id='word_1_171' title='bbox 638 1635 652 1668; x_wconf 77' lang='lat' dir='ltr'>i</span> <span class='ocrx_word' id='word_1_172' title='bbox 677 1639 712 1669; x_wconf 88' lang='lat' dir='ltr'>et</span> <span class='ocrx_word' id='word_1_173' title='bbox 737 1635 751 1667; x_wconf 85' lang='lat' dir='ltr'>i</span> <span class='ocrx_word' id='word_1_174' title='bbox 778 1634 812 1668; x_wconf 88' lang='lat' dir='ltr'>P.</span> 
     </span>
    </p>
   </div>
   <div class='ocr_carea' id='block_1_5' title="bbox 125 1808 839 1896">
    <p class='ocr_par' dir='ltr' id='par_1_5' title="bbox 125 1808 839 1896">
     <span class='ocr_line' id='line_1_21' title="bbox 125 1808 839 1855; baseline -0.007 -8"><span class='ocrx_word' id='word_1_175' title='bbox 125 1818 197 1847; x_wconf 84' lang='lat' dir='ltr'>tum</span> <span class='ocrx_word' id='word_1_176' title='bbox 225 1815 323 1855; x_wconf 80' lang='lat' dir='ltr'>erat3</span> <span class='ocrx_word' id='word_1_177' title='bbox 365 1809 437 1844; x_wconf 88' lang='lat' dir='ltr'>vid.</span> <span class='ocrx_word' id='word_1_178' title='bbox 479 1820 510 1843; x_wconf 88' lang='lat' dir='ltr'>c.</span> <span class='ocrx_word' id='word_1_179' title='bbox 540 1810 574 1844; x_wconf 85' lang='lat'>7.</span> <span class='ocrx_word' id='word_1_180' title='bbox 631 1808 682 1842; x_wconf 89' lang='lat' dir='ltr'>Eo</span> <span class='ocrx_word' id='word_1_181' title='bbox 724 1809 839 1852; x_wconf 90' lang='lat' dir='ltr'>ipsum</span> 
     </span>
     <span class='ocr_line' id='line_1_22' title="bbox 126 1856 839 1896; baseline -0.01 0"><span class='ocrx_word' id='word_1_182' title='bbox 126 1860 249 1896; x_wconf 75' lang='lat' dir='ltr'>turbae</span> <span class='ocrx_word' id='word_1_183' title='bbox 285 1860 320 1894; x_wconf 83' lang='lat' dir='ltr'>h.</span> <span class='ocrx_word' id='word_1_184' title='bbox 360 1870 392 1893; x_wconf 94' lang='lat' dir='ltr'>e.</span> <span class='ocrx_word' id='word_1_185' title='bbox 429 1857 667 1892; x_wconf 84' lang='lat' dir='ltr'>multitudinis</span> <span class='ocrx_word' id='word_1_186' title='bbox 700 1856 839 1891; x_wconf 89' lang='lat' dir='ltr'>inordi-</span> 
     </span>
    </p>
   </div>
   <div class='ocr_carea' id='block_1_6' title="bbox 124 1905 815 1952">
    <p class='ocr_par' dir='ltr' id='par_1_6' title="bbox 124 1905 815 1952">
     <span class='ocr_line' id='line_1_23' title="bbox 124 1905 815 1952; baseline -0.009 -8"><span class='ocrx_word' id='word_1_187' title='bbox 124 1914 244 1952; x_wconf 84' lang='lat' dir='ltr'>natae,</span> <span class='ocrx_word' id='word_1_188' title='bbox 271 1908 427 1943; x_wconf 84' lang='lat' dir='ltr'>electum</span> <span class='ocrx_word' id='word_1_189' title='bbox 453 1905 668 1940; x_wconf 83' lang='lat' dir='ltr'>vocabulum</span> <span class='ocrx_word' id='word_1_190' title='bbox 694 1905 815 1939; x_wconf 83' lang='lat' dir='ltr'>ducit&#39;.</span> 
     </span>
    </p>
   </div>
   <div class='ocr_carea' id='block_1_7' title="bbox 124 1968 842 2114">
    <p class='ocr_par' dir='ltr' id='par_1_7' title="bbox 124 1968 842 2114">
     <span class='ocr_line' id='line_1_24' title="bbox 195 1968 839 2028; baseline -0.011 -13"><span class='ocrx_word' id='word_1_191' title='bbox 195 1970 354 2028; x_wconf 73' lang='lat' dir='ltr'>frameas</span> <span class='ocrx_word' id='word_1_192' title='bbox 380 1977 606 2012; x_wconf 79' lang='lat' dir='ltr'>concutiunt:</span> <span class='ocrx_word' id='word_1_193' title='bbox 642 1976 684 2010; x_wconf 89' lang='lat' dir='ltr'>H.</span> <span class='ocrx_word' id='word_1_194' title='bbox 714 1975 745 2008; x_wconf 86' lang='lat' dir='ltr'>V</span> <span class='ocrx_word' id='word_1_195' title='bbox 774 1968 839 2010; x_wconf 81' lang='lat'>1&#39;7:</span> 
     </span>
     <span class='ocr_line' id='line_1_25' title="bbox 124 2024 842 2070; baseline -0.014 -4"><span class='ocrx_word' id='word_1_196' title='bbox 124 2031 185 2066; x_wconf 76' lang='lat' dir='ltr'>ubi</span> <span class='ocrx_word' id='word_1_197' title='bbox 225 2039 310 2064; x_wconf 83' lang='lat' dir='ltr'>sono</span> <span class='ocrx_word' id='word_1_198' title='bbox 346 2037 525 2061; x_wconf 76' lang='lat' dir='ltr'>armorum</span> <span class='ocrx_word' id='word_1_199' title='bbox 563 2045 608 2051; x_wconf 90' lang='lat'>—</span> <span class='ocrx_word' id='word_1_200' title='bbox 645 2024 842 2070; x_wconf 73' lang='lat' dir='ltr'>adprobata</span> 
     </span>
     <span class='ocr_line' id='line_1_26' title="bbox 126 2078 341 2114; baseline -0.019 0"><span class='ocrx_word' id='word_1_201' title='bbox 126 2084 206 2114; x_wconf 73' lang='lat' dir='ltr'>sant</span> <span class='ocrx_word' id='word_1_202' title='bbox 234 2078 341 2112; x_wconf 80' lang='lat' dir='ltr'>dicta.</span> 
     </span>
    </p>
   </div>
   <div class='ocr_carea' id='block_1_8' title="bbox 128 2145 846 2533">
    <p class='ocr_par' dir='ltr' id='par_1_8' title="bbox 128 2145 846 2533">
     <span class='ocr_line' id='line_1_27' title="bbox 200 2145 844 2193; baseline -0.012 -10"><span class='ocrx_word' id='word_1_203' title='bbox 200 2148 287 2193; x_wconf 83' lang='lat' dir='ltr'>Cap.</span> <span class='ocrx_word' id='word_1_204' title='bbox 306 2148 364 2183; x_wconf 83' lang='lat'>12.</span> <span class='ocrx_word' id='word_1_205' title='bbox 391 2157 540 2192; x_wconf 81' lang='lat' dir='ltr'>corpore</span> <span class='ocrx_word' id='word_1_206' title='bbox 563 2145 729 2189; x_wconf 76' lang='lat' dir='ltr'>infames:</span> <span class='ocrx_word' id='word_1_207' title='bbox 761 2147 844 2176; x_wconf 83' lang='lat' dir='ltr'>sunt</span> 
     </span>
     <span class='ocr_line' id='line_1_28' title="bbox 128 2195 843 2246; baseline -0.011 -14"><span class='ocrx_word' id='word_1_208' title='bbox 128 2198 188 2246; x_wconf 85' lang='lat' dir='ltr'>qui</span> <span class='ocrx_word' id='word_1_209' title='bbox 206 2205 356 2242; x_wconf 88' lang='lat' dir='ltr'>corpore</span> <span class='ocrx_word' id='word_1_210' title='bbox 374 2195 557 2229; x_wconf 86' lang='lat' dir='ltr'>infamiam</span> <span class='ocrx_word' id='word_1_211' title='bbox 577 2196 843 2234; x_wconf 84' lang='lat' dir='ltr'>contraxerunt,</span> 
     </span>
     <span class='ocr_line' id='line_1_29' title="bbox 129 2240 844 2291; baseline -0.014 -10"><span class='ocrx_word' id='word_1_212' title='bbox 129 2247 164 2282; x_wconf 82' lang='lat' dir='ltr'>h.</span> <span class='ocrx_word' id='word_1_213' title='bbox 179 2258 212 2280; x_wconf 89' lang='lat' dir='ltr'>e.</span> <span class='ocrx_word' id='word_1_214' title='bbox 239 2246 300 2291; x_wconf 89' lang='lat' dir='ltr'>qui</span> <span class='ocrx_word' id='word_1_215' title='bbox 327 2242 513 2277; x_wconf 85' lang='lat' dir='ltr'>libidinem</span> <span class='ocrx_word' id='word_1_216' title='bbox 531 2241 750 2275; x_wconf 83' lang='lat' dir='ltr'>admiserunt</span> <span class='ocrx_word' id='word_1_217' title='bbox 774 2240 844 2273; x_wconf 90' lang='lat' dir='ltr'>hu-</span> 
     </span>
     <span class='ocr_line' id='line_1_30' title="bbox 130 2289 843 2335; baseline -0.013 -6"><span class='ocrx_word' id='word_1_218' title='bbox 130 2304 257 2329; x_wconf 81' lang='lat' dir='ltr'>manae</span> <span class='ocrx_word' id='word_1_219' title='bbox 280 2296 429 2326; x_wconf 89' lang='lat' dir='ltr'>naturae</span> <span class='ocrx_word' id='word_1_220' title='bbox 447 2289 592 2335; x_wconf 88' lang='lat' dir='ltr'>legibus</span> <span class='ocrx_word' id='word_1_221' title='bbox 617 2289 843 2329; x_wconf 84' lang='lat' dir='ltr'>contrariam,</span> 
     </span>
     <span class='ocr_line' id='line_1_31' title="bbox 130 2335 846 2388; baseline -0.014 -11"><span class='ocrx_word' id='word_1_222' title='bbox 130 2341 265 2388; x_wconf 79' lang='lat' dir='ltr'>pathici</span> <span class='ocrx_word' id='word_1_223' title='bbox 293 2344 329 2374; x_wconf 83' lang='lat' dir='ltr'>et</span> <span class='ocrx_word' id='word_1_224' title='bbox 355 2337 508 2372; x_wconf 84' lang='lat' dir='ltr'>cinaedi.</span> <span class='ocrx_word' id='word_1_225' title='bbox 550 2336 605 2370; x_wconf 84' lang='lat' dir='ltr'>Cr.</span> <span class='ocrx_word' id='word_1_226' title='bbox 634 2336 647 2369; x_wconf 91' lang='lat'><em>1</em></span> <span class='ocrx_word' id='word_1_227' title='bbox 674 2336 746 2370; x_wconf 79' lang='lat'>73:</span> <span class='ocrx_word' id='word_1_228' title='bbox 774 2335 846 2368; x_wconf 86' lang='lat' dir='ltr'>Fa-</span> 
     </span>
     <span class='ocr_line' id='line_1_32' title="bbox 130 2383 845 2428; baseline -0.015 -3"><span class='ocrx_word' id='word_1_229' title='bbox 130 2391 231 2425; x_wconf 81' lang='lat' dir='ltr'>lanio</span> <span class='ocrx_word' id='word_1_230' title='bbox 261 2387 433 2422; x_wconf 71' lang='lat' dir='ltr'>obiciebat</span> <span class='ocrx_word' id='word_1_231' title='bbox 458 2390 648 2419; x_wconf 80' lang='lat' dir='ltr'>accusator</span> <span class='ocrx_word' id='word_1_232' title='bbox 674 2383 764 2428; x_wconf 81' lang='lat' dir='ltr'>quod</span> <span class='ocrx_word' id='word_1_233' title='bbox 801 2403 845 2408; x_wconf 84' lang='lat'>—</span> 
     </span>
     <span class='ocr_line' id='line_1_33' title="bbox 133 2433 846 2480; baseline -0.015 -6"><span class='ocrx_word' id='word_1_234' title='bbox 133 2438 293 2474; x_wconf 66' lang='lat' dir='ltr'>Cassium</span> <span class='ocrx_word' id='word_1_235' title='bbox 321 2434 494 2480; x_wconf 78' lang='lat' dir='ltr'>quendam</span> <span class='ocrx_word' id='word_1_236' title='bbox 530 2433 670 2466; x_wconf 78' lang='lat' dir='ltr'>mimum</span> <span class='ocrx_word' id='word_1_237' title='bbox 698 2442 846 2476; x_wconf 81' lang='lat' dir='ltr'>corpore</span> 
     </span>
     <span class='ocr_line' id='line_1_34' title="bbox 130 2483 536 2533; baseline -0.017 -11"><span class='ocrx_word' id='word_1_238' title='bbox 130 2489 298 2533; x_wconf 74' lang='lat' dir='ltr'>infamem</span> <span class='ocrx_word' id='word_1_239' title='bbox 321 2483 536 2517; x_wconf 77' lang='lat' dir='ltr'>adscivisset.</span> 
     </span>
    </p>
   </div>
   <div class='ocr_carea' id='block_1_9' title="bbox 85 2550 851 2930">
    <p class='ocr_par' dir='ltr' id='par_1_9' title="bbox 85 2550 851 2930">
     <span class='ocr_line' id='line_1_35' title="bbox 204 2550 848 2601; baseline -0.014 -10"><span class='ocrx_word' id='word_1_240' title='bbox 204 2563 379 2601; x_wconf 78' lang='lat' dir='ltr'>tamquam</span> <span class='ocrx_word' id='word_1_241' title='bbox 404 2552 541 2587; x_wconf 85' lang='lat' dir='ltr'>scelera</span> <span class='ocrx_word' id='word_1_242' title='bbox 578 2550 713 2585; x_wconf 84' lang='lat' dir='ltr'>ostendi</span> <span class='ocrx_word' id='word_1_243' title='bbox 741 2561 848 2596; x_wconf 86' lang='lat' dir='ltr'>opor-</span> 
     </span>
     <span class='ocr_line' id='line_1_36' title="bbox 85 2598 848 2648; baseline -0.012 -9"><span class='ocrx_word' id='word_1_244' title='bbox 85 2635 94 2639; x_wconf 71' lang='lat'><strong><em>,</em></strong></span> <span class='ocrx_word' id='word_1_245' title='bbox 133 2611 229 2641; x_wconf 84' lang='lat' dir='ltr'>teat.-</span> <span class='ocrx_word' id='word_1_246' title='bbox 256 2603 395 2639; x_wconf 84' lang='lat' dir='ltr'>scelera</span> <span class='ocrx_word' id='word_1_247' title='bbox 421 2600 683 2648; x_wconf 71' lang='lat' dir='ltr'>(Verbreclien)</span> <span class='ocrx_word' id='word_1_248' title='bbox 720 2598 848 2643; x_wconf 86' lang='lat' dir='ltr'>quihus</span> 
     </span>
     <span class='ocr_line' id='line_1_37' title="bbox 133 2646 847 2697; baseline -0.015 -8"><span class='ocrx_word' id='word_1_249' title='bbox 133 2655 210 2697; x_wconf 86' lang='lat' dir='ltr'>alii,</span> <span class='ocrx_word' id='word_1_250' title='bbox 240 2654 318 2686; x_wconf 82' lang='lat' dir='ltr'>sive</span> <span class='ocrx_word' id='word_1_251' title='bbox 346 2651 474 2684; x_wconf 87' lang='lat' dir='ltr'>civitas</span> <span class='ocrx_word' id='word_1_252' title='bbox 500 2649 578 2681; x_wconf 89' lang='lat' dir='ltr'>sive</span> <span class='ocrx_word' id='word_1_253' title='bbox 603 2646 750 2693; x_wconf 85' lang='lat' dir='ltr'>singuli,</span> <span class='ocrx_word' id='word_1_254' title='bbox 771 2646 847 2680; x_wconf 78' lang='lat' dir='ltr'>lae-</span> 
     </span>
     <span class='ocr_line' id='line_1_38' title="bbox 134 2693 849 2743; baseline -0.014 -7"><span class='ocrx_word' id='word_1_255' title='bbox 134 2704 163 2736; x_wconf 74' lang='grc' dir='ltr'>εἰ</span> <span class='ocrx_word' id='word_1_256' title='bbox 191 2705 297 2743; x_wconf 85' lang='lat' dir='ltr'>sunt,</span> <span class='ocrx_word' id='word_1_257' title='bbox 325 2697 582 2738; x_wconf 85' lang='lat' dir='ltr'>ostenduntur,</span> <span class='ocrx_word' id='word_1_258' title='bbox 620 2699 658 2728; x_wconf 84' lang='lat' dir='ltr'>ut</span> <span class='ocrx_word' id='word_1_259' title='bbox 685 2693 849 2737; x_wconf 86' lang='lat' dir='ltr'>exemplo</span> 
     </span>
     <span class='ocr_line' id='line_1_39' title="bbox 134 2742 847 2788; baseline -0.013 -4"><span class='ocrx_word' id='word_1_260' title='bbox 134 2749 283 2784; x_wconf 87' lang='lat' dir='ltr'>ultionis</span> <span class='ocrx_word' id='word_1_261' title='bbox 300 2746 411 2781; x_wconf 79' lang='lat' dir='ltr'>ceteri</span> <span class='ocrx_word' id='word_1_262' title='bbox 427 2745 695 2786; x_wconf 86' lang='lat' dir='ltr'>deterreantur;</span> <span class='ocrx_word' id='word_1_263' title='bbox 712 2742 847 2788; x_wconf 86' lang='lat' dir='ltr'>flagitia</span> 
     </span>
     <span class='ocr_line' id='line_1_40' title="bbox 137 2790 851 2846; baseline -0.014 -14"><span class='ocrx_word' id='word_1_264' title='bbox 137 2794 434 2846; x_wconf 72' lang='lat' dir='ltr'>(Sokandekaten)</span> <span class='ocrx_word' id='word_1_265' title='bbox 458 2792 585 2837; x_wconf 80' lang='lat' dir='ltr'>quibus</span> <span class='ocrx_word' id='word_1_266' title='bbox 611 2790 764 2824; x_wconf 80' lang='lat' dir='ltr'>humana</span> <span class='ocrx_word' id='word_1_267' title='bbox 784 2800 851 2823; x_wconf 91' lang='lat' dir='ltr'>na-</span> 
     </span>
     <span class='ocr_line' id='line_1_41' title="bbox 136 2837 850 2883; baseline -0.014 -2"><span class='ocrx_word' id='word_1_268' title='bbox 136 2852 214 2880; x_wconf 85' lang='lat' dir='ltr'>tura</span> <span class='ocrx_word' id='word_1_269' title='bbox 229 2844 476 2883; x_wconf 83' lang='lat' dir='ltr'>dedecoratur,</span> <span class='ocrx_word' id='word_1_270' title='bbox 494 2838 744 2874; x_wconf 86' lang='lat' dir='ltr'>abscondenda</span> <span class='ocrx_word' id='word_1_271' title='bbox 760 2837 850 2872; x_wconf 76' lang='lat' dir='ltr'>Get·-</span> 
     </span>
     <span class='ocr_line' id='line_1_42' title="bbox 136 2894 419 2930; baseline -0.021 0"><span class='ocrx_word' id='word_1_272' title='bbox 136 2894 231 2930; x_wconf 82' lang='lat' dir='ltr'>mani</span> <span class='ocrx_word' id='word_1_273' title='bbox 258 2894 419 2926; x_wconf 84' lang='lat' dir='ltr'>censent.</span> 
     </span>
    </p>
   </div>
   <div class='ocr_carea' id='block_1_10' title="bbox 210 2957 851 3003">
    <p class='ocr_par' dir='ltr' id='par_1_10' title="bbox 210 2957 851 3003">
     <span class='ocr_line' id='line_1_43' title="bbox 210 2957 851 3003; baseline -0.014 -4"><span class='ocrx_word' id='word_1_274' title='bbox 210 2963 272 2999; x_wconf 74' lang='lat' dir='ltr'>secl</span> <span class='ocrx_word' id='word_1_275' title='bbox 310 2967 342 2996; x_wconf 83' lang='lat' dir='ltr'>et</span> <span class='ocrx_word' id='word_1_276' title='bbox 376 2958 563 2994; x_wconf 74' lang='lat' dir='ltr'>levioribus</span> <span class='ocrx_word' id='word_1_277' title='bbox 615 2957 750 2993; x_wconf 79' lang='lat' dir='ltr'>delictis</span> <span class='ocrx_word' id='word_1_278' title='bbox 785 2967 851 3003; x_wconf 81' lang='lat' dir='ltr'>pro</span> 
     </span>
    </p>
   </div>
   <div class='ocr_carea' id='block_1_11' title="bbox 917 1629 1390 1668">
    <p class='ocr_par' dir='ltr' id='par_1_11' title="bbox 917 1629 1390 1668">
     <span class='ocr_line' id='line_1_44' title="bbox 917 1629 1390 1668; baseline -0.008 -1"><span class='ocrx_word' id='word_1_279' title='bbox 917 1635 970 1668; x_wconf 83' lang='lat'>12.</span> <span class='ocrx_word' id='word_1_280' title='bbox 1008 1632 1182 1666; x_wconf 78' lang='lat' dir='ltr'>autoritas</span> <span class='ocrx_word' id='word_1_281' title='bbox 1207 1635 1328 1665; x_wconf 80' lang='lat' dir='ltr'>assunt</span> <span class='ocrx_word' id='word_1_282' title='bbox 1353 1629 1390 1664; x_wconf 88' lang='lat' dir='ltr'>P.</span> 
     </span>
    </p>
   </div>
   <div class='ocr_carea' id='block_1_12' title="bbox 909 1800 1628 2191">
    <p class='ocr_par' dir='ltr' id='par_1_12' title="bbox 909 1800 1628 2191">
     <span class='ocr_line' id='line_1_45' title="bbox 910 1800 1624 1850; baseline -0.008 -11"><span class='ocrx_word' id='word_1_283' title='bbox 910 1805 1010 1840; x_wconf 83' lang='lat' dir='ltr'>modo</span> <span class='ocrx_word' id='word_1_284' title='bbox 1042 1814 1189 1850; x_wconf 84' lang='lat' dir='ltr'>poena:</span> <span class='ocrx_word' id='word_1_285' title='bbox 1234 1803 1270 1836; x_wconf 91' lang='lat' dir='ltr'>in</span> <span class='ocrx_word' id='word_1_286' title='bbox 1305 1801 1439 1836; x_wconf 87' lang='lat' dir='ltr'>iudicio</span> <span class='ocrx_word' id='word_1_287' title='bbox 1478 1800 1624 1845; x_wconf 88' lang='lat' dir='ltr'>publico</span> 
     </span>
     <span class='ocr_line' id='line_1_46' title="bbox 909 1849 1627 1896; baseline -0.007 -9"><span class='ocrx_word' id='word_1_288' title='bbox 909 1859 970 1888; x_wconf 82' lang='lat' dir='ltr'>aut</span> <span class='ocrx_word' id='word_1_289' title='bbox 1005 1863 1135 1887; x_wconf 88' lang='lat' dir='ltr'>causae</span> <span class='ocrx_word' id='word_1_290' title='bbox 1174 1850 1348 1896; x_wconf 82' lang='lat' dir='ltr'>capitales</span> <span class='ocrx_word' id='word_1_291' title='bbox 1394 1854 1455 1884; x_wconf 82' lang='lat' dir='ltr'>aut</span> <span class='ocrx_word' id='word_1_292' title='bbox 1488 1849 1627 1883; x_wconf 87' lang='lat' dir='ltr'>leviora</span> 
     </span>
     <span class='ocr_line' id='line_1_47' title="bbox 909 1898 1625 1946; baseline -0.01 -10"><span class='ocrx_word' id='word_1_293' title='bbox 909 1904 944 1937; x_wconf 92' lang='lat' dir='ltr'>in</span> <span class='ocrx_word' id='word_1_294' title='bbox 960 1913 1033 1936; x_wconf 90' lang='lat' dir='ltr'>rem</span> <span class='ocrx_word' id='word_1_295' title='bbox 1053 1900 1230 1946; x_wconf 89' lang='lat' dir='ltr'>publicam</span> <span class='ocrx_word' id='word_1_296' title='bbox 1253 1899 1385 1933; x_wconf 87' lang='lat' dir='ltr'>delicta</span> <span class='ocrx_word' id='word_1_297' title='bbox 1401 1898 1625 1939; x_wconf 51' lang='lat' dir='ltr'>indicantum</span> 
     </span>
     <span class='ocr_line' id='line_1_48' title="bbox 909 1945 1625 1994; baseline -0.01 -9"><span class='ocrx_word' id='word_1_298' title='bbox 909 1951 995 1985; x_wconf 90' lang='lat' dir='ltr'>illae</span> <span class='ocrx_word' id='word_1_299' title='bbox 1014 1954 1127 1983; x_wconf 88' lang='lat' dir='ltr'>morte</span> <span class='ocrx_word' id='word_1_300' title='bbox 1147 1949 1354 1994; x_wconf 87' lang='lat' dir='ltr'>puniuntur,</span> <span class='ocrx_word' id='word_1_301' title='bbox 1369 1946 1425 1980; x_wconf 86' lang='lat' dir='ltr'>his</span> <span class='ocrx_word' id='word_1_302' title='bbox 1437 1956 1501 1990; x_wconf 74' lang='lat' dir='ltr'>pro</span> <span class='ocrx_word' id='word_1_303' title='bbox 1518 1945 1625 1979; x_wconf 89' lang='lat' dir='ltr'>modo</span> 
     </span>
     <span class='ocr_line' id='line_1_49' title="bbox 910 1996 1488 2042; baseline -0.012 -8"><span class='ocrx_word' id='word_1_304' title='bbox 910 2000 1121 2034; x_wconf 84' lang='lat' dir='ltr'>delictorum</span> <span class='ocrx_word' id='word_1_305' title='bbox 1152 2007 1270 2042; x_wconf 88' lang='lat' dir='ltr'>poena</span> <span class='ocrx_word' id='word_1_306' title='bbox 1298 1996 1488 2041; x_wconf 86' lang='lat' dir='ltr'>irrogatur.</span> 
     </span>
     <span class='ocr_line' id='line_1_50' title="bbox 983 2051 1628 2092; baseline -0.012 -10"><span class='ocrx_word' id='word_1_307' title='bbox 983 2058 1149 2092; x_wconf 81' lang='lat' dir='ltr'>equorum</span> <span class='ocrx_word' id='word_1_308' title='bbox 1175 2051 1415 2091; x_wconf 80' lang='lat' dir='ltr'>&#39;pecorumque</span> <span class='ocrx_word' id='word_1_309' title='bbox 1453 2052 1600 2076; x_wconf 80' lang='lat' dir='ltr'>numero</span> <span class='ocrx_word' id='word_1_310' title='bbox 1617 2053 1628 2075; x_wconf 93' lang='lat'>.·</span> 
     </span>
     <span class='ocr_line' id='line_1_51' title="bbox 911 2090 1627 2142; baseline -0.01 -12"><span class='ocrx_word' id='word_1_311' title='bbox 911 2098 1044 2142; x_wconf 89' lang='lat' dir='ltr'>quippe</span> <span class='ocrx_word' id='word_1_312' title='bbox 1070 2104 1203 2140; x_wconf 88' lang='lat' dir='ltr'>pecora</span> <span class='ocrx_word' id='word_1_313' title='bbox 1227 2098 1263 2127; x_wconf 87' lang='lat' dir='ltr'>et</span> <span class='ocrx_word' id='word_1_314' title='bbox 1283 2096 1442 2126; x_wconf 79' lang='lat' dir='ltr'>armenta</span> <span class='ocrx_word' id='word_1_315' title='bbox 1464 2090 1565 2125; x_wconf 85' lang='lat' dir='ltr'>solae</span> <span class='ocrx_word' id='word_1_316' title='bbox 1592 2094 1627 2123; x_wconf 87' lang='lat' dir='ltr'>et</span> 
     </span>
     <span class='ocr_line' id='line_1_52' title="bbox 911 2142 1625 2191; baseline -0.008 -12"><span class='ocrx_word' id='word_1_317' title='bbox 911 2145 1137 2191; x_wconf 85' lang='lat' dir='ltr'>gratissimae</span> <span class='ocrx_word' id='word_1_318' title='bbox 1152 2142 1405 2177; x_wconf 89' lang='lat' dir='ltr'>Germanorum</span> <span class='ocrx_word' id='word_1_319' title='bbox 1423 2150 1513 2184; x_wconf 87' lang='lat' dir='ltr'>opes</span> <span class='ocrx_word' id='word_1_320' title='bbox 1530 2142 1625 2173; x_wconf 85' lang='lat' dir='ltr'>sunt.</span> 
     </span>
    </p>
   </div>
   <div class='ocr_carea' id='block_1_13' title="bbox 911 2213 1633 2547">
    <p class='ocr_par' dir='ltr' id='par_1_13' title="bbox 911 2213 1633 2547">
     <span class='ocr_line' id='line_1_53' title="bbox 982 2213 1629 2260; baseline -0.012 -11"><span class='ocrx_word' id='word_1_321' title='bbox 982 2215 1163 2260; x_wconf 77' lang='lat' dir='ltr'>principes</span> <span class='ocrx_word' id='word_1_322' title='bbox 1199 2213 1258 2257; x_wconf 80' lang='lat' dir='ltr'>qui</span> <span class='ocrx_word' id='word_1_323' title='bbox 1295 2214 1380 2246; x_wconf 78' lang='lat' dir='ltr'>iura</span> <span class='ocrx_word' id='word_1_324' title='bbox 1415 2221 1479 2255; x_wconf 75' lang='lat' dir='ltr'>per</span> <span class='ocrx_word' id='word_1_325' title='bbox 1518 2219 1629 2255; x_wconf 66' lang='lat' dir='ltr'>pagos</span> 
     </span>
     <span class='ocr_line' id='line_1_54' title="bbox 911 2258 1629 2306; baseline -0.011 -9"><span class='ocrx_word' id='word_1_326' title='bbox 911 2265 1072 2306; x_wconf 78' lang='lat' dir='ltr'>vicosque</span> <span class='ocrx_word' id='word_1_327' title='bbox 1100 2261 1278 2294; x_wconf 79' lang='lat' dir='ltr'>reddunt.-</span> <span class='ocrx_word' id='word_1_328' title='bbox 1316 2259 1353 2292; x_wconf 88' lang='lat' dir='ltr'>hi</span> <span class='ocrx_word' id='word_1_329' title='bbox 1393 2258 1530 2291; x_wconf 86' lang='lat' dir='ltr'>iudices</span> <span class='ocrx_word' id='word_1_330' title='bbox 1557 2266 1629 2289; x_wconf 89' lang='lat' dir='ltr'>non</span> 
     </span>
     <span class='ocr_line' id='line_1_55' title="bbox 914 2304 1632 2348; baseline -0.013 -4"><span class='ocrx_word' id='word_1_331' title='bbox 914 2310 1047 2344; x_wconf 85' lang='lat' dir='ltr'>delicta</span> <span class='ocrx_word' id='word_1_332' title='bbox 1074 2309 1278 2348; x_wconf 79' lang='lat' dir='ltr'>vindicant,</span> <span class='ocrx_word' id='word_1_333' title='bbox 1305 2306 1370 2339; x_wconf 89' lang='lat' dir='ltr'>sed</span> <span class='ocrx_word' id='word_1_334' title='bbox 1397 2304 1542 2339; x_wconf 90' lang='lat' dir='ltr'>civilem</span> <span class='ocrx_word' id='word_1_335' title='bbox 1571 2305 1632 2337; x_wconf 85' lang='lat' dir='ltr'>iu-</span> 
     </span>
     <span class='ocr_line' id='line_1_56' title="bbox 913 2352 1629 2396; baseline -0.01 -5"><span class='ocrx_word' id='word_1_336' title='bbox 913 2358 1159 2391; x_wconf 86' lang='lat' dir='ltr'>risdictionem</span> <span class='ocrx_word' id='word_1_337' title='bbox 1197 2355 1355 2396; x_wconf 85' lang='lat' dir='ltr'>obeunt,</span> <span class='ocrx_word' id='word_1_338' title='bbox 1398 2352 1434 2386; x_wconf 84' lang='lat' dir='ltr'>h.</span> <span class='ocrx_word' id='word_1_339' title='bbox 1463 2363 1495 2386; x_wconf 90' lang='lat' dir='ltr'>e.</span> <span class='ocrx_word' id='word_1_340' title='bbox 1537 2362 1629 2386; x_wconf 90' lang='lat' dir='ltr'>con-</span> 
     </span>
     <span class='ocr_line' id='line_1_57' title="bbox 915 2400 1633 2447; baseline -0.01 -8"><span class='ocrx_word' id='word_1_341' title='bbox 915 2405 1107 2439; x_wconf 86' lang='lat' dir='ltr'>troversias</span> <span class='ocrx_word' id='word_1_342' title='bbox 1135 2403 1179 2437; x_wconf 87' lang='lat' dir='ltr'>de</span> <span class='ocrx_word' id='word_1_343' title='bbox 1208 2402 1442 2447; x_wconf 88' lang='lat' dir='ltr'>possessione</span> <span class='ocrx_word' id='word_1_344' title='bbox 1462 2400 1633 2434; x_wconf 86' lang='lat' dir='ltr'>dirimunt</span> 
     </span>
     <span class='ocr_line' id='line_1_58' title="bbox 917 2448 1631 2488; baseline -0.008 0"><span class='ocrx_word' id='word_1_345' title='bbox 917 2459 952 2488; x_wconf 81' lang='lat' dir='ltr'>et</span> <span class='ocrx_word' id='word_1_346' title='bbox 978 2458 1118 2488; x_wconf 83' lang='lat' dir='ltr'>ceteras</span> <span class='ocrx_word' id='word_1_347' title='bbox 1146 2452 1309 2486; x_wconf 90' lang='lat' dir='ltr'>actiones</span> <span class='ocrx_word' id='word_1_348' title='bbox 1346 2448 1476 2484; x_wconf 86' lang='lat' dir='ltr'>civiles</span> <span class='ocrx_word' id='word_1_349' title='bbox 1511 2449 1631 2482; x_wconf 89' lang='lat' dir='ltr'>susci-</span> 
     </span>
     <span class='ocr_line' id='line_1_59' title="bbox 916 2504 1029 2547; baseline -0.009 -10"><span class='ocrx_word' id='word_1_350' title='bbox 916 2504 1029 2547; x_wconf 85' lang='lat' dir='ltr'>piunt.</span> 
     </span>
    </p>
   </div>
   <div class='ocr_carea' id='block_1_14' title="bbox 916 2568 1632 2990">
    <p class='ocr_par' dir='ltr' id='par_1_14' title="bbox 916 2568 1632 2990">
     <span class='ocr_line' id='line_1_60' title="bbox 990 2568 1630 2606; baseline -0.009 0"><span class='ocrx_word' id='word_1_351' title='bbox 990 2570 1172 2606; x_wconf 79' lang='lat' dir='ltr'>consilium</span> <span class='ocrx_word' id='word_1_352' title='bbox 1206 2568 1309 2604; x_wconf 82' lang='lat' dir='ltr'>simul</span> <span class='ocrx_word' id='word_1_353' title='bbox 1344 2574 1376 2603; x_wconf 88' lang='lat' dir='ltr'>et</span> <span class='ocrx_word' id='word_1_354' title='bbox 1404 2569 1598 2602; x_wconf 79' lang='lat' dir='ltr'>auctoritas</span> <span class='ocrx_word' id='word_1_355' title='bbox 1619 2579 1630 2600; x_wconf 92' lang='lat'>.·</span> 
     </span>
     <span class='ocr_line' id='line_1_61' title="bbox 916 2615 1628 2665; baseline -0.008 -11"><span class='ocrx_word' id='word_1_356' title='bbox 916 2622 1085 2665; x_wconf 88' lang='lat' dir='ltr'>princeps</span> <span class='ocrx_word' id='word_1_357' title='bbox 1119 2619 1213 2663; x_wconf 86' lang='lat' dir='ltr'>apud</span> <span class='ocrx_word' id='word_1_358' title='bbox 1242 2617 1437 2652; x_wconf 82' lang='lat' dir='ltr'>Germanos</span> <span class='ocrx_word' id='word_1_359' title='bbox 1475 2615 1628 2650; x_wconf 89' lang='lat' dir='ltr'>consilio</span> 
     </span>
     <span class='ocr_line' id='line_1_62' title="bbox 918 2665 1631 2709; baseline -0.011 -6"><span class='ocrx_word' id='word_1_360' title='bbox 918 2670 1074 2703; x_wconf 90' lang='lat' dir='ltr'>iudicum</span> <span class='ocrx_word' id='word_1_361' title='bbox 1102 2668 1152 2700; x_wconf 89' lang='lat' dir='ltr'>ita</span> <span class='ocrx_word' id='word_1_362' title='bbox 1178 2666 1255 2700; x_wconf 82' lang='lat' dir='ltr'>fere</span> <span class='ocrx_word' id='word_1_363' title='bbox 1289 2665 1515 2709; x_wconf 84' lang='lat' dir='ltr'>praepositus</span> <span class='ocrx_word' id='word_1_364' title='bbox 1545 2668 1631 2705; x_wconf 85' lang='lat' dir='ltr'>erat,</span> 
     </span>
     <span class='ocr_line' id='line_1_63' title="bbox 919 2712 1625 2758; baseline -0.01 -7"><span class='ocrx_word' id='word_1_365' title='bbox 919 2722 956 2750; x_wconf 90' lang='lat' dir='ltr'>ut</span> <span class='ocrx_word' id='word_1_366' title='bbox 994 2717 1128 2750; x_wconf 87' lang='lat' dir='ltr'>Romae</span> <span class='ocrx_word' id='word_1_367' title='bbox 1164 2715 1199 2747; x_wconf 92' lang='lat' dir='ltr'>in</span> <span class='ocrx_word' id='word_1_368' title='bbox 1236 2712 1506 2758; x_wconf 85' lang='lat' dir='ltr'>quaestionibus</span> <span class='ocrx_word' id='word_1_369' title='bbox 1542 2721 1625 2755; x_wconf 87' lang='lat' dir='ltr'>per-</span> 
     </span>
     <span class='ocr_line' id='line_1_64' title="bbox 918 2758 1631 2809; baseline -0.008 -11"><span class='ocrx_word' id='word_1_370' title='bbox 918 2766 1035 2809; x_wconf 85' lang='lat' dir='ltr'>petuis</span> <span class='ocrx_word' id='word_1_371' title='bbox 1070 2762 1204 2808; x_wconf 85' lang='lat' dir='ltr'>singuli</span> <span class='ocrx_word' id='word_1_372' title='bbox 1247 2765 1431 2804; x_wconf 88' lang='lat' dir='ltr'>praetores</span> <span class='ocrx_word' id='word_1_373' title='bbox 1474 2758 1631 2793; x_wconf 82' lang='lat' dir='ltr'>iudicum</span> 
     </span>
     <span class='ocr_line' id='line_1_65' title="bbox 920 2809 1622 2852; baseline -0.009 -6"><span class='ocrx_word' id='word_1_374' title='bbox 920 2812 1080 2847; x_wconf 87' lang='lat' dir='ltr'>consiliis</span> <span class='ocrx_word' id='word_1_375' title='bbox 1124 2819 1188 2843; x_wconf 88' lang='lat' dir='ltr'>suo</span> <span class='ocrx_word' id='word_1_376' title='bbox 1236 2809 1388 2852; x_wconf 89' lang='lat' dir='ltr'>quisque</span> <span class='ocrx_word' id='word_1_377' title='bbox 1421 2812 1622 2852; x_wconf 84' lang='lat' dir='ltr'>praeerant,</span> 
     </span>
     <span class='ocr_line' id='line_1_66' title="bbox 919 2855 1609 2904; baseline -0.006 -11"><span class='ocrx_word' id='word_1_378' title='bbox 919 2861 987 2894; x_wconf 89' lang='lat' dir='ltr'>nisi</span> <span class='ocrx_word' id='word_1_379' title='bbox 1025 2858 1119 2904; x_wconf 88' lang='lat' dir='ltr'>quod</span> <span class='ocrx_word' id='word_1_380' title='bbox 1149 2856 1203 2889; x_wconf 88' lang='lat' dir='ltr'>illi</span> <span class='ocrx_word' id='word_1_381' title='bbox 1239 2855 1283 2889; x_wconf 90' lang='lat' dir='ltr'>de</span> <span class='ocrx_word' id='word_1_382' title='bbox 1319 2857 1436 2889; x_wconf 85' lang='lat' dir='ltr'>causis</span> <span class='ocrx_word' id='word_1_383' title='bbox 1460 2856 1609 2899; x_wconf 78' lang='lat' dir='ltr'>privatis</span> 
     </span>
     <span class='ocr_line' id='line_1_67' title="bbox 921 2902 1632 2950; baseline -0.01 -9"><span class='ocrx_word' id='word_1_384' title='bbox 921 2908 958 2941; x_wconf 90' lang='lat' dir='ltr'>hi</span> <span class='ocrx_word' id='word_1_385' title='bbox 985 2907 1028 2940; x_wconf 87' lang='lat' dir='ltr'>de</span> <span class='ocrx_word' id='word_1_386' title='bbox 1055 2905 1209 2950; x_wconf 88' lang='lat' dir='ltr'>publicis</span> <span class='ocrx_word' id='word_1_387' title='bbox 1236 2907 1272 2937; x_wconf 89' lang='lat' dir='ltr'>et</span> <span class='ocrx_word' id='word_1_388' title='bbox 1298 2903 1510 2948; x_wconf 87' lang='lat' dir='ltr'>capitalibus</span> <span class='ocrx_word' id='word_1_389' title='bbox 1533 2902 1632 2938; x_wconf 87' lang='lat' dir='ltr'>iudi-</span> 
     </span>
     <span class='ocr_line' id='line_1_68' title="bbox 920 2950 1632 2990; baseline -0.006 0"><span class='ocrx_word' id='word_1_390' title='bbox 920 2954 1059 2990; x_wconf 86' lang='lat' dir='ltr'>cabant.</span> <span class='ocrx_word' id='word_1_391' title='bbox 1097 2952 1228 2987; x_wconf 79' lang='lat' dir='ltr'>Caesar</span> <span class='ocrx_word' id='word_1_392' title='bbox 1251 2950 1293 2987; x_wconf 89' lang='lat' dir='ltr'>B.</span> <span class='ocrx_word' id='word_1_393' title='bbox 1319 2950 1360 2987; x_wconf 88' lang='lat' dir='ltr'>G.</span> <span class='ocrx_word' id='word_1_394' title='bbox 1389 2951 1437 2987; x_wconf 83' lang='lat' dir='ltr'>Vl</span> <span class='ocrx_word' id='word_1_395' title='bbox 1462 2951 1510 2989; x_wconf 83' lang='lat'>23</span> <span class='ocrx_word' id='word_1_396' title='bbox 1536 2961 1632 2987; x_wconf 89' lang='lat' dir='ltr'>non-</span> 
     </span>
    </p>
   </div>
  </div>
 </body>
</html>
