1768 3216
128 183 218 226 ι’ῦ.
244 185 305 224 69.

662 188 799 226 LIBER
826 189 855 226 1.
905 188 994 225 Car.
1022 190 1132 227 6-8.

1601 192 1650 227 18

130 307 301 385 arianen
304 320 373 370 ac
401 307 542 365 dolum
570 307 681 351 ultro
713 310 1015 366 compositum3
1046 313 1089 354 et
1113 309 1287 354 Galbam
1317 309 1551 353 mobilitate
1580 309 1653 352 in-

129 368 287 443 genii,
294 396 349 443 an
375 396 432 427 ne
453 384 582 428 altius
612 389 887 439 scrutaretur,
918 399 1086 441 quoquo
1117 386 1244 429 modo
1276 390 1395 441 acta,
1428 386 1525 442 quia
1553 398 1665 428 mu-.

129 459 211 503 tari
239 471 332 502 non·
353 464 564 515 poterant,
594 462 910 516 comprobasse.

975 462 1167 505 Ceterum
1197 463 1373 518 utraque
1401 462 1558 515 caedes
1587 461 1653 506 si-

129 534 276 578 nistre·
292 539 464 590 accepta
480 549 493 587 ;
534 540 576 580 et
608 536 746 579 inviso
789 537 920 580 semel
949 538 1171 592 principe,
1197 551 1273 581 seu
1301 538 1412 582 bene
1437 549 1516 582 seu
1543 538 1652 582 male

130 608 241 653 faeta
270 615 486 666 ·.premunt

129 684 296 739 liberti3
324 699 546 731 servorum
578 702 726 732 manus
757 691 907 742 subitis
941 690 1093 733 avidae
1125 694 1166 734 et
1196 694 1417 757 tamquam
1417 691 1544 749 apud
1576 702 1653 734 se-

829 737 878 742 -„--
881 736 967 747 a„

130 773 228 807 nem
258 741 813 827 testium
848 777 986 809 novae
1007 757 1162 810 ainis&
1166 759 1281 809 {fiala
1321 779 1458 822 aeque
1486 768 1651 823 gravia,

112 814 422 895 *unffi
437 846 651 884 excusata.

712 842 806 898 Ipsa
852 846 968 886 aetas
1010 842 1169 885 Galbae
1205 842 1356 885 inrisui
1399 855 1450 885 ac
1482 842 1652 885 fastidio

103 917 225 957 erat
252 914 441 960 adsuetis
472 916 667 959 iuventae
681 916 864 960 Neronis
896 921 937 960 et
963 917 1239 972 imperatores
1265 917 1401 960 forma
1424 929 1476 960 ac
1495 917 1655 961 decore

91 991 349 1045 sompni-is,
392 995 438 1034 ut
475 995 540 1035 cst
575 1005 675 1035 mos
713 993 854 1050 vulgi,
889 994 1241 1049 comparantibus.

131 1065 307 1120 Romae,
338 1070 619 1152 ίιιξιιιΕι-ιιἡ
577 1069 620 1110 in
625 1073 763 1136 tanta
787 1069 1066 1127 multitudine,
1100 1069 1267 1112 babitus
1298 1069 1530 1113 animorum
1562 1069 1652 1112 suit.

545 612 630 655 Iam
661 613 912 656 adserebant
953 613 1121 657 venalia
1161 618 1310 656 cuncta
1354 618 1690 670 praepotentess

1671 1049 1710 1074 ΕΙ.

1302 993 1354 1036 Et
1384 993 1454 1036 hic
1485 993 1654 1049 quidem
1667 1006 1708 1039 ιο
1753 1026 1768 1059 4

1641 1068 1768 1130 ’sm'

125 1140 169 1183 E
199 1143 434 1198 provinciis
464 1143 692 1201 Hispaniae
722 1149 918 1200 praeerat
949 1143 1125 1188 Cluvius-
1153 1146 1314 1199 Rul'us,
1349 1146 1416 1188 vir
1447 1145 1654 1188 facundus
1672 1148 1768 1215 ᾰῒεψ

135 1214 180 1270 et'
205 1218 324 1273 pacis
355 1215 530 1274 artibus,
562 1220 687 1263 bellis
718 1220 974 1276 inexpertus.

135 1292 355 1355 Vindicis,
387 1294 600 1351 obligatae
631 1297 795 1339 recenti
826 1296 939 1340 dono
970 1298 1185 1341 Romanae
1216 1298 1398 1341 civitatis
1429 1301 1471 1341 et
1501 1298 1544 1340 in
1572 1309 1657 1353 po-
1668 1286 1768 1404 '2425

681 1346 718 1378 (s

57 1359 820 1401 JoVWQka›2->ae

1037 1221 1223 1275 Galliae,
1236 1234 1381 1277 super
1410 1222 1681 1265 memoriam

897 1348 1112 1421 εκλίλςῗικ
1160 1370 1199 1389 c-
1247 1370 1292 1397 ,ιο
1337 1356 1530 1411 ςῖεσιέ-
1581 1359 1686 1402 ιςψῖ.

1666 1224 1755 1254 1¹.ss-

1719 1245 1768 1311 ἐ

277 1413 314 1445 4.
341 1410 511 1458 principi
536 1410 609 1446 Ma:
654 1411 683 1447 G
704 1413 882 1459 principe.
931 1423 1093 1460 princip·
1121 1433 1159 1439 -
1191 1414 1295 1458 sacta
1322 1424 1448 1460 parem
1483 1412 1657 1448 invidiam
1674 1439 1693 1469 4
1724 1425 1730 1442 t
1719 1447 1757 1468 ·‹

136 1459 348 1506 afferebant.
391 1459 543 1495 Venatio
567 1460 861 1509 Bezzenberger.

139 1507 237 1543 clare
263 1508 339 1554 legi
366 1511 530 1555 nequit.
523 1511 650 1556 ·j?mu‘t
676 1511 717 1546 G.

807 1512 862 1548 10.
889 1511 968 1558 τοῖς
973 1513 985 1545 i
1011 1511 1070 1548 Or.
1098 1524 1134 1547 v.
1162 1510 1325 1547 Prooem.
1545 1549 1548 1551 .

117 1557 176 1602 fit
200 1556 267 1602 Μ3,
293 1568 372 1592 ιιοιι
391 1559 450 1602 sit,
479 1563 518 1593 ut
544 1560 661 1594 visum
683 1566 739 1595 est
765 1561 837 1595 lac.
864 1560 1062 1597 Gronovio.
1118 1563 1174 1598 14.
1204 1554 1275 1597 dito
1306 1560 1356 1596 G:
1383 1559 1437 1596 Μ3
1451 1561 1592 1597 domino
1618 1561 1655 1595 in

962 1463 997 1498 5.
1039 1464 1167 1509 pmuut
1194 1460 1262 1505 Ma,
1295 1462 1360 1498 sed
1381 1461 1536 1546 εἷΙΙΙιιΙιιι
1558 1465 1660 1497 munt

1356 1523 1378 1557 P

137 1617 262 1658 rasura
285 1618 351 1642 sex
377 1607 597 1657 litteratum
625 1609 716 1643 dono
743 1609 976 1645 Puteolanus.

138 1708 231 1745 462*
252 1708 351 1744 Laco
373 1712 598 1756 praefectus,
624 1717 801 1756 tamquam
826 1712 866 1745 in

143 1757 299 1792 insulam
335 1763 591 1810 seponeretur;
629 1760 696 1795 48:
732 1760 863 1806 probro

128 1809 325 1854 respersus
350 1813 401 1842 est
424 1807 601 1854 tamquam
614 1808 779 1855 scyphum
794 1820 864 1843 au-

139 1867 306 1894 νοιηιις-
330 1857 485 1902 furatus.
538 1857 588 1891 1¹1
616 1859 683 1893 12·
686 1858 864 1904 differri-

141 1915 208 1951 que
239 1905 346 1947 etiam
382 1917 450 1952 per
488 1912 653 1941 externos
687 1907 866 1952 tamquam

138 1963 276 1988 veneno
311 1955 527 2002 interceptus
564 1961 675 2000 esset,·
713 1957 761 1990 vt
795 1957 864 1991 43:

138 2001 256 2050 primo
303 2007 480 2048 tamewam
524 2004 625 2039 dolus
656 2011 864 2051 pararetur,

141 2052 309 2096 κνῆ-ἔθυες
333 2053 405 2088 48·
432 2055 608 2090 Domitius
624 2054 865 2099 defensionem

140 2101 327 2143 medssam,
348 2102 492 2138 Marsus
514 2109 692 2148 tamquam
704 2103 866 2138 mediam

144 2149 400 2193 destinavisset,
411 2152 615 2198 produoeere
636 2153 764 2196 vitam‚·
785 2152 867 2187 XVI

131 2200 215 2236 .13.
204 2210 215 2220 ·
241 2201 393 2244 equitum
414 2207 686 2247 senatorumque
698 2203 866 2237 interitus

142 2267 189 2275 —-
215 2249 331 2283 minus
366 2250 498 2295 flebiles
534 2257 658 2293 erant,
690 2257 867 2308 tamquam

147 2307 321 2331 communi
313 2298 547 2333 mortalitate
560 2301 745 2334 saevitiam
760 2302 865 2357 priri-

144 2346 233 2392 cs‘pis
271 2349 810 2395 praevenirent5201a9itur
827 2350 867 2383 in

140 2395 301 2435 exiliunt,
326 2402 502 2442 tamquam
523 2408 596 2431 non
609 2396 782 2434 siluisset
775 2409 865 2443 quae

145 2443 314 2488 auderat.
348 2444 530 2480 Interdum
576 2451 694 2481 tamen
738 2447 782 2481 ab
829 2453 867 2481 ut

147 2498 378 2538 comparante
394 2491 572 2540 particula
587 2497 661 2530 vix
670 2497 864 2541 discrepat,

146 2541 249 2576 velut
273 2543 362 2590 Agr.
392 2545 460 2579 32.
503 2545 664 2579 deserent
700 2545 781 2579 illos
805 2557 867 2579 ce-

148 2591 217 2625 teri
232 2591 412 2635 Germani,
431 2599 607 2657 tamquam
625 2591 739 2649 anper
757 2594 868 2641 Usipii

147 2638 378 2685 reliquerunt.

237 2688 324 2735 Cap.
363 2690 399 2725 8.
462 2697 641 2736 tamquam
671 2692 722 2725 in
767 2698 869 2725 tanta

147 2735 390 2773 multitudine.-
417 2738 486 2774 bac
511 2741 758 2774 admonitione
780 2751 868 2775 sen-

148 2787 298 2821 tentiam
323 2799 422 2823 suam
447 2794 574 2823 auctor
598 2791 647 2823 ita
674 2790 810 2832 definit,
827 2795 881 2823 ut-

150 2833 309 2870 habitum
341 2838 539 2872 animorum
578 2838 719 2883 qualem
754 2839 876 2872 modo·

150 2882 411 2930 descripserat,
460 2888 495 2921 in
539 2888 746 2921 universum
795 2887 878 2921 illo·

149 2935 311 2987 tempore
341 2945 382 2969 se
413 2936 533 2970 iudice
568 2937 604 2970 in
638 2936 727 2970 urbe
762 2932 877 2970 obli--

148 2982 271 3017 unisse
296 2982 412 3030 dicat,
438 2985 643 3032 multosque
666 2985 778 3020 tuisse
806 2986 860 3020 si-

932 1711 1100 1757 gnificat,
1144 1711 1205 1756 qui
1238 1714 1300 1746 aut
1341 1710 1485 1744 diversa
1526 1709 1656 1744 animis

932 1761 1006 1794 suis
1036 1759 1229 1794 volverent
1254 1763 1316 1794 aut
1342 1759 1442 1794 nulla
1469 1769 1555 1793 cura
1577 1769 1655 1798 rem
1666 1754 1676 1782 ’-

932 1809 1113 1854 publicam
1128 1808 1434 1853 amplecterentur
1445 1808 1580 1854 (soweie
1599 1808 1656 1842 die
1671 1813 1676 1819 '

932 1870 970 1892 se
999 1869 1121 1904 qrosse
1148 1858 1268 1892 masse
1303 1856 1393 1892 eine
1421 1857 1656 1903 Bestimmuny

933 1907 1100 1954 erlaubt).
1136 1907 1173 1941 Si
1196 1908 1406 1952 scripsisset
1432 1906 1470 1940 ut
1489 1907 1528 1940 in
1554 1912 1656 1941 tanta

931 1956 1166 1999 multitudine,
1192 1955 1285 1991 hanc
1302 1955 1584 1990 admonitionem
1610 1954 1673 1990 ad·

932 2010 1139 2041 accuratam
1159 2005 1310 2040 formam
1321 2005 1574 2050 praecedentis
1587 2005 1655 2039 de-
1669 2014 1679 2056 J

932 2056 1141 2100 scriptionis
1166 2054 1370 2090 rettulisset
1410 2055 1490 2101 (wie
1523 2059 1655 2089 natur-

932 2103 1004 2150 (ich
1031 2104 1086 2138 bei
1111 2105 1212 2138 einer
1235 2115 1274 2138 so
1300 2115 1448 2150 qrossea
1475 2103 1625 2148 Massa).

1000 2154 1104 2199 pacis
1135 2153 1293 2187 artibus.
1336 2153 1457 2188 libere
1495 2152 1656 2199 loquitur

933 2207 970 2236 et
1006 2203 1154 2237 nomine
1202 2202 1431 2237 substantivo
1472 2206 1654 2248 tamquam

933 2251 1116 2285 adiectivo
1150 2252 1288 2295 utitur,
1326 2251 1422 2285 idem
1469 2251 1565 2297 quod
1599 2255 1655 2285 est

934 2300 1095 2335 civilibus
1123 2301 1258 2334 artibus
1287 2301 1463 2335 dicturus.
1499 2300 1554 2334 De
1570 2300 1653 2335 viro

935 2349 1070 2383 dictum
1100 2349 1145 2384 ad
1173 2348 1254 2383 Xltl
1280 2351 1340 2386 20.

1004 2399 1142 2432 recenti
1178 2398 1281 2432 dono·
1307 2399 1494 2433 Romanae
1521 2399 1654 2433 civita-

935 2447 1000 2480 tis.-
1023 2447 1219 2493 ‘quomodo
1255 2447 1426 2482 recenti?
1464 2453 1500 2482 et
1530 2458 1653 2483 nonne

933 2495 1004 2530 iam
1035 2497 1179 2541 'pridem
1213 2496 1305 2531 Galli
1346 2497 1406 2531 isti
1445 2499 1575 2531 comati
1617 2497 1654 2531 id

934 2545 1055 2590 adepti
1090 2557 1111 2579 a
1149 2544 1331 2580 Claudio?
1381 2544 1525 2580 Clarum
1560 2546 1596 2580 id
1632 2557 1653 2580 e

933 2594 1057 2639 Tacito
1091 2595 1133 2629 Α.
1180 2594 1225 2629 XI
1258 2596 1318 2630 23.
1371 2594 1442 2629 Sed
1482 2595 1650 2639 expedio.

936 2642 1029 2678 Olim
1067 2643 1211 2689 quidem
1251 2644 1307 2677 ius
1345 2643 1478 2677 civium
1516 2643 1650 2686 adepti,

933 2702 1005 2725 non
1025 2697 1143 2727 tamen
1160 2693 1378 2736 promiscue,
1396 2691 1460 2725 sed
1481 2701 1652 2735 proceres

934 2745 1084 2775 tantum.
1124 2740 1237 2775 Caute
1263 2742 1312 2774 ibi
1336 2745 1373 2773 et
1389 2741 1651 2784 circumspecte

935 2790 1097 2824 Tacitus:
1121 2791 1296 2836 primores
1326 2787 1488 2830 Galliae,
1520 2789 1650 2834 inquit,

936 2850 1025 2884 quae
1047 2839 1195 2872 Comata
1216 2835 1429 2882 appellatur,
1439 2836 1548 2882 idque
1561 2837 1650 2872 mihi

932 2888 1060 2922 notes?
1111 2887 1269 2920 Lipsius,
1324 2885 1405 2919 tid.
1439 2885 1484 2919 ad
1510 2885 1557 2919 XI
1589 2888 1649 2930 23,

930 2937 995 2970 XV
1031 2937 1090 2970 32.
1141 2923 1321 2969 Plutarch.
1357 2933 1458 2969 Galb.
1502 2935 1567 2970 18:
1607 2937 1651 2970 ἐκ

931 2986 975 3021 δὲ
1001 2985 1137 3021 τούτου
1164 2987 1230 3020 καὶ
1256 2980 1303 3019 τὰ
1328 2987 1496 3034 μετρίως
1522 2997 1650 3033 πραι-

1598 1509 1654 1546 ¹¹:
1675 1498 1768 1553 ἴιζυῒ
