<?xml version="1.0" encoding="UTF-8"?>
<!DOCTYPE html PUBLIC "-//W3C//DTD XHTML 1.0 Transitional//EN"
    "http://www.w3.org/TR/xhtml1/DTD/xhtml1-transitional.dtd">
<html xmlns="http://www.w3.org/1999/xhtml" xml:lang="en" lang="en">
 <head>
  <title>
</title>
<meta http-equiv="Content-Type" content="text/html;charset=utf-8" />
  <meta name='ocr-system' content='tesseract 3.04.00' />
  <meta name='ocr-capabilities' content='ocr_page ocr_carea ocr_par ocr_line ocrx_word'/>
</head>
<body>
  <div class='ocr_page' id='page_1' title='image "./operaadcodicesan03taciuoft/operaadcodicesan03taciuoft_0469.png"; bbox 0 0 1768 3216; ppageno 0'>
   <div class='ocr_carea' id='block_1_1' title="bbox 751 207 1627 269">
    <p class='ocr_par' dir='ltr' id='par_1_1' title="bbox 751 207 1627 269">
     <span class='ocr_line' id='line_1_1' title="bbox 751 207 1627 269; baseline -0.006 -21"><span class='ocrx_word' id='word_1_1' title='bbox 751 212 838 248; x_wconf 60' lang='lat' dir='ltr'><strong>Cn».</strong></span> <span class='ocrx_word' id='word_1_2' title='bbox 868 212 1021 248; x_wconf 76' lang='lat'>13-14.</span> <span class='ocrx_word' id='word_1_3' title='bbox 1210 208 1214 211; x_wconf 78' lang='grc'><strong>’</strong></span> <span class='ocrx_word' id='word_1_4' title='bbox 1467 260 1473 269; x_wconf 44' lang='lat'><strong>·</strong></span> <span class='ocrx_word' id='word_1_5' title='bbox 1576 207 1627 243; x_wconf 69' lang='lat'><strong>8⁰7</strong></span> 
     </span>
    </p>
   </div>
   <div class='ocr_carea' id='block_1_2' title="bbox 66 324 1692 1063">
    <p class='ocr_par' dir='ltr' id='par_1_2' title="bbox 92 324 1692 832">
     <span class='ocr_line' id='line_1_2' title="bbox 92 324 1628 387; baseline -0.005 -13"><span class='ocrx_word' id='word_1_6' title='bbox 92 354 104 367; x_wconf 74' lang='lat'><strong>·</strong></span> <span class='ocrx_word' id='word_1_7' title='bbox 131 331 290 387; x_wconf 76' lang='lat' dir='ltr'><strong>primus</strong></span> <span class='ocrx_word' id='word_1_8' title='bbox 320 331 427 385; x_wconf 82' lang='lat' dir='ltr'><strong>apud</strong></span> <span class='ocrx_word' id='word_1_9' title='bbox 455 331 684 385; x_wconf 87' lang='lat' dir='ltr'><strong>principem</strong></span> <span class='ocrx_word' id='word_1_10' title='bbox 717 343 834 372; x_wconf 88' lang='lat' dir='ltr'><strong>suum</strong></span> <span class='ocrx_word' id='word_1_11' title='bbox 865 331 999 383; x_wconf 90' lang='lat' dir='ltr'><strong>locus,</strong></span> <span class='ocrx_word' id='word_1_12' title='bbox 1030 333 1071 372; x_wconf 89' lang='lat' dir='ltr'><strong>et</strong></span> <span class='ocrx_word' id='word_1_13' title='bbox 1099 328 1346 384; x_wconf 86' lang='lat' dir='ltr'><strong>principum,</strong></span> <span class='ocrx_word' id='word_1_14' title='bbox 1372 326 1440 369; x_wconf 90' lang='lat' dir='ltr'><strong>cui</strong></span> <span class='ocrx_word' id='word_1_15' title='bbox 1461 324 1628 387; x_wconf 63' lang='lat' dir='ltr'><strong>plurimi</strong></span> 
     </span>
     <span class='ocr_line' id='line_1_3' title="bbox 131 399 1692 460; baseline -0.004 -11"><span class='ocrx_word' id='word_1_16' title='bbox 131 402 385 449; x_wconf 62' lang='lat' dir='ltr'><strong>eluceri-imi</strong></span> <span class='ocrx_word' id='word_1_17' title='bbox 408 407 597 448; x_wconf 79' lang='lat' dir='ltr'><strong>comites.</strong></span> <span class='ocrx_word' id='word_1_18' title='bbox 639 405 752 448; x_wconf 89' lang='lat' dir='ltr'><strong>Haec</strong></span> <span class='ocrx_word' id='word_1_19' title='bbox 782 406 978 460; x_wconf 81' lang='lat' dir='ltr'><strong>dignitas,</strong></span> <span class='ocrx_word' id='word_1_20' title='bbox 1010 405 1089 447; x_wconf 88' lang='lat' dir='ltr'><strong>hae</strong></span> <span class='ocrx_word' id='word_1_21' title='bbox 1119 405 1248 457; x_wconf 88' lang='lat' dir='ltr'><strong>vires,</strong></span> <span class='ocrx_word' id='word_1_22' title='bbox 1280 414 1434 458; x_wconf 85' lang='lat' dir='ltr'><strong>magno</strong></span> <span class='ocrx_word' id='word_1_23' title='bbox 1461 413 1629 456; x_wconf 77' lang='lat' dir='ltr'>semper</span> <span class='ocrx_word' id='word_1_24' title='bbox 1689 399 1692 401; x_wconf 70' lang='grc'>’</span> 
     </span>
     <span class='ocr_line' id='line_1_4' title="bbox 134 475 1628 536; baseline -0.004 -12"><span class='ocrx_word' id='word_1_25' title='bbox 134 481 363 524; x_wconf 87' lang='lat' dir='ltr'><strong>electorum</strong></span> <span class='ocrx_word' id='word_1_26' title='bbox 389 482 581 523; x_wconf 85' lang='lat' dir='ltr'><strong>iuvenum</strong></span> <span class='ocrx_word' id='word_1_27' title='bbox 593 481 723 536; x_wconf 86' lang='lat' dir='ltr'>globo</span> <span class='ocrx_word' id='word_1_28' title='bbox 754 481 1033 532; x_wconf 83' lang='lat' dir='ltr'><strong>circumdari3</strong></span> <span class='ocrx_word' id='word_1_29' title='bbox 1063 480 1107 521; x_wconf 88' lang='lat' dir='ltr'><strong>in</strong></span> <span class='ocrx_word' id='word_1_30' title='bbox 1133 491 1238 533; x_wconf 89' lang='lat' dir='ltr'><strong>pace</strong></span> <span class='ocrx_word' id='word_1_31' title='bbox 1269 478 1413 531; x_wconf 88' lang='lat' dir='ltr'><strong>decus,</strong></span> <span class='ocrx_word' id='word_1_32' title='bbox 1444 477 1488 518; x_wconf 89' lang='lat' dir='ltr'><strong>in</strong></span> <span class='ocrx_word' id='word_1_33' title='bbox 1517 475 1628 518; x_wconf 85' lang='lat' dir='ltr'><strong>bello</strong></span> 
     </span>
     <span class='ocr_line' id='line_1_5' title="bbox 131 550 1662 611; baseline -0.004 -13"><span class='ocrx_word' id='word_1_34' title='bbox 131 555 400 611; x_wconf 67' lang='lat' dir='ltr'><strong>praesidium.</strong></span> <span class='ocrx_word' id='word_1_35' title='bbox 459 556 548 598; x_wconf 88' lang='lat' dir='ltr'><strong>Nec</strong></span> <span class='ocrx_word' id='word_1_36' title='bbox 577 555 711 597; x_wconf 91' lang='lat' dir='ltr'><strong>solum</strong></span> <span class='ocrx_word' id='word_1_37' title='bbox 743 556 785 596; x_wconf 86' lang='lat' dir='ltr'><strong>iu</strong></span> <span class='ocrx_word' id='word_1_38' title='bbox 814 566 890 597; x_wconf 88' lang='lat' dir='ltr'><strong>sua</strong></span> <span class='ocrx_word' id='word_1_39' title='bbox 920 558 1046 608; x_wconf 89' lang='lat' dir='ltr'><strong>gente</strong></span> <span class='ocrx_word' id='word_1_40' title='bbox 1076 554 1250 608; x_wconf 86' lang='lat' dir='ltr'><strong>cuique,</strong></span> <span class='ocrx_word' id='word_1_41' title='bbox 1280 552 1356 595; x_wconf 88' lang='lat' dir='ltr'><strong>sed</strong></span> <span class='ocrx_word' id='word_1_42' title='bbox 1394 551 1501 606; x_wconf 88' lang='lat' dir='ltr'><strong>apud</strong></span> <span class='ocrx_word' id='word_1_43' title='bbox 1532 550 1631 593; x_wconf 77' lang='lat' dir='ltr'><strong>fini-</strong></span> <span class='ocrx_word' id='word_1_44' title='bbox 1655 574 1662 578; x_wconf 89' lang='lat'>-</span> 
     </span>
     <span class='ocr_line' id='line_1_6' title="bbox 129 627 1662 684; baseline -0.003 -12"><span class='ocrx_word' id='word_1_45' title='bbox 129 629 253 672; x_wconf 75' lang='lat' dir='ltr'><strong>timus</strong></span> <span class='ocrx_word' id='word_1_46' title='bbox 283 641 451 684; x_wconf 87' lang='lat' dir='ltr'><strong>quoque</strong></span> <span class='ocrx_word' id='word_1_47' title='bbox 480 630 671 672; x_wconf 89' lang='lat' dir='ltr'><strong>civitates</strong></span> <span class='ocrx_word' id='word_1_48' title='bbox 701 629 741 670; x_wconf 92' lang='lat' dir='ltr'><strong>id</strong></span> <span class='ocrx_word' id='word_1_49' title='bbox 773 641 951 681; x_wconf 86' lang='lat' dir='ltr'><strong>nomen,</strong></span> <span class='ocrx_word' id='word_1_50' title='bbox 991 641 1042 670; x_wconf 87' lang='lat' dir='ltr'><strong>ea</strong></span> <span class='ocrx_word' id='word_1_51' title='bbox 1082 629 1219 683; x_wconf 83' lang='lat' dir='ltr'><strong>gloria</strong></span> <span class='ocrx_word' id='word_1_52' title='bbox 1250 631 1334 680; x_wconf 91' lang='lat' dir='ltr'><strong>est,</strong></span> <span class='ocrx_word' id='word_1_53' title='bbox 1376 627 1413 669; x_wconf 92' lang='lat' dir='ltr'><strong>si</strong></span> <span class='ocrx_word' id='word_1_54' title='bbox 1453 637 1662 668; x_wconf 73' lang='lat' dir='ltr'><strong>numeros</strong></span> 
     </span>
     <span class='ocr_line' id='line_1_7' title="bbox 132 696 1628 758; baseline -0.004 -11"><span class='ocrx_word' id='word_1_55' title='bbox 132 696 185 747; x_wconf 63' lang='lat' dir='ltr'><strong>aa</strong></span> <span class='ocrx_word' id='word_1_56' title='bbox 213 705 366 746; x_wconf 83' lang='lat' dir='ltr'><strong>virtute</strong></span> <span class='ocrx_word' id='word_1_57' title='bbox 397 705 616 746; x_wconf 81' lang='lat' dir='ltr'><strong>comitatus</strong></span> <span class='ocrx_word' id='word_1_58' title='bbox 655 705 860 746; x_wconf 82' lang='lat' dir='ltr'><strong>emineat:</strong></span> <span class='ocrx_word' id='word_1_59' title='bbox 912 707 1159 758; x_wconf 80' lang='lat' dir='ltr'><strong>expetuntur</strong></span> <span class='ocrx_word' id='word_1_60' title='bbox 1198 703 1309 745; x_wconf 89' lang='lat' dir='ltr'><strong>enim</strong></span> <span class='ocrx_word' id='word_1_61' title='bbox 1347 700 1628 756; x_wconf 80' lang='lat' dir='ltr'><strong>legationibus</strong></span> 
     </span>
     <span class='ocr_line' id='line_1_8' title="bbox 134 775 1631 832; baseline -0.003 -12"><span class='ocrx_word' id='word_1_62' title='bbox 134 783 177 820; x_wconf 87' lang='lat' dir='ltr'><strong>et</strong></span> <span class='ocrx_word' id='word_1_63' title='bbox 204 779 444 821; x_wconf 86' lang='lat' dir='ltr'><strong>muneribus</strong></span> <span class='ocrx_word' id='word_1_64' title='bbox 475 783 676 820; x_wconf 86' lang='lat' dir='ltr'><strong>ornantur</strong></span> <span class='ocrx_word' id='word_1_65' title='bbox 706 783 747 820; x_wconf 90' lang='lat' dir='ltr'><strong>et</strong></span> <span class='ocrx_word' id='word_1_66' title='bbox 775 779 865 832; x_wconf 86' lang='lat' dir='ltr'><strong>ipsa</strong></span> <span class='ocrx_word' id='word_1_67' title='bbox 903 778 1146 832; x_wconf 88' lang='lat' dir='ltr'><strong>plerumque</strong></span> <span class='ocrx_word' id='word_1_68' title='bbox 1185 777 1292 820; x_wconf 80' lang='lat' dir='ltr'><strong>sama</strong></span> <span class='ocrx_word' id='word_1_69' title='bbox 1333 775 1442 818; x_wconf 89' lang='lat' dir='ltr'><strong>bella</strong></span> <span class='ocrx_word' id='word_1_70' title='bbox 1482 775 1631 830; x_wconf 79' lang='lat' dir='ltr'><strong>profli-</strong></span> 
     </span>
    </p>

    <p class='ocr_par' dir='ltr' id='par_1_3' title="bbox 66 850 1684 1063">
     <span class='ocr_line' id='line_1_9' title="bbox 66 850 1628 910; baseline -0.003 -15"><span class='ocrx_word' id='word_1_71' title='bbox 66 857 246 910; x_wconf 66' lang='lat' dir='ltr'><strong>mgna-t.</strong></span> <span class='ocrx_word' id='word_1_72' title='bbox 306 853 407 895; x_wconf 84' lang='lat' dir='ltr'><strong>Cum</strong></span> <span class='ocrx_word' id='word_1_73' title='bbox 436 857 607 895; x_wconf 88' lang='lat' dir='ltr'><strong>ventum</strong></span> <span class='ocrx_word' id='word_1_74' title='bbox 636 853 679 894; x_wconf 89' lang='lat' dir='ltr'><strong>in</strong></span> <span class='ocrx_word' id='word_1_75' title='bbox 719 853 883 905; x_wconf 81' lang='lat' dir='ltr'><strong>aciem,</strong></span> <span class='ocrx_word' id='word_1_76' title='bbox 927 857 1047 906; x_wconf 86' lang='lat' dir='ltr'><strong>turpe</strong></span> <span class='ocrx_word' id='word_1_77' title='bbox 1091 852 1270 906; x_wconf 84' lang='lat' dir='ltr'><strong>principi</strong></span> <span class='ocrx_word' id='word_1_78' title='bbox 1308 851 1460 892; x_wconf 85' lang='lat' dir='ltr'><strong>virtute</strong></span> <span class='ocrx_word' id='word_1_79' title='bbox 1499 850 1628 901; x_wconf 90' lang='lat' dir='ltr'><strong>vinci,</strong></span> 
     </span>
     <span class='ocr_line' id='line_1_10' title="bbox 131 919 1630 982; baseline -0.003 -12"><span class='ocrx_word' id='word_1_80' title='bbox 131 932 249 982; x_wconf 82' lang='lat' dir='ltr'><strong>turpe</strong></span> <span class='ocrx_word' id='word_1_81' title='bbox 279 919 492 970; x_wconf 84' lang='lat' dir='ltr'><strong>comitatui</strong></span> <span class='ocrx_word' id='word_1_82' title='bbox 521 928 713 969; x_wconf 88' lang='lat' dir='ltr'><strong>virtutem</strong></span> <span class='ocrx_word' id='word_1_83' title='bbox 742 926 941 981; x_wconf 90' lang='lat' dir='ltr'><strong>principis</strong></span> <span class='ocrx_word' id='word_1_84' title='bbox 973 938 1058 967; x_wconf 86' lang='grc'><strong>11011</strong></span> <span class='ocrx_word' id='word_1_85' title='bbox 1090 925 1340 979; x_wconf 83' lang='lat' dir='ltr'><strong>adaequare.</strong></span> <span class='ocrx_word' id='word_1_86' title='bbox 1403 924 1488 966; x_wconf 87' lang='lat' dir='ltr'><strong>lam</strong></span> <span class='ocrx_word' id='word_1_87' title='bbox 1526 935 1630 965; x_wconf 86' lang='lat' dir='ltr'><strong>vero</strong></span> 
     </span>
     <span class='ocr_line' id='line_1_11' title="bbox 129 989 1684 1063; baseline -0.005 -17"><span class='ocrx_word' id='word_1_88' title='bbox 129 989 289 1063; x_wconf 64' lang='lat' dir='ltr'><strong>&#39;infame</strong></span> <span class='ocrx_word' id='word_1_89' title='bbox 314 1003 357 1043; x_wconf 77' lang='lat' dir='ltr'><strong>in</strong></span> <span class='ocrx_word' id='word_1_90' title='bbox 400 1014 565 1045; x_wconf 89' lang='lat' dir='ltr'><strong>omnem</strong></span> <span class='ocrx_word' id='word_1_91' title='bbox 610 1002 741 1044; x_wconf 82' lang='lat' dir='ltr'><strong>vitam</strong></span> <span class='ocrx_word' id='word_1_92' title='bbox 774 1013 824 1042; x_wconf 89' lang='lat' dir='ltr'><strong>ac</strong></span> <span class='ocrx_word' id='word_1_93' title='bbox 864 1001 1113 1056; x_wconf 89' lang='lat' dir='ltr'><strong>probrosum</strong></span> <span class='ocrx_word' id='word_1_94' title='bbox 1150 999 1413 1053; x_wconf 85' lang='lat' dir='ltr'><strong>superstitem</strong></span> <span class='ocrx_word' id='word_1_95' title='bbox 1455 998 1684 1052; x_wconf 73' lang='lat' dir='ltr'><strong>principim</strong></span> 
     </span>
    </p>
   </div>
   <div class='ocr_carea' id='block_1_3' title="bbox 267 1146 1296 1197">
    <p class='ocr_par' dir='ltr' id='par_1_4' title="bbox 267 1146 1296 1197">
     <span class='ocr_line' id='line_1_12' title="bbox 267 1146 1296 1197; baseline -0.007 -9"><span class='ocrx_word' id='word_1_96' title='bbox 267 1155 303 1190; x_wconf 80' lang='grc'><strong>2.</strong></span> <span class='ocrx_word' id='word_1_97' title='bbox 329 1152 420 1187; x_wconf 69' lang='lat' dir='ltr'><strong>haec</strong></span> <span class='ocrx_word' id='word_1_98' title='bbox 442 1153 535 1186; x_wconf 82' lang='lat' dir='ltr'><strong>vires</strong></span> <span class='ocrx_word' id='word_1_99' title='bbox 560 1153 596 1197; x_wconf 78' lang='lat' dir='ltr'><strong>(c</strong></span> <span class='ocrx_word' id='word_1_100' title='bbox 620 1150 843 1197; x_wconf 83' lang='lat' dir='ltr'><strong>transfixum)</strong></span> <span class='ocrx_word' id='word_1_101' title='bbox 869 1148 908 1184; x_wconf 90' lang='lat' dir='ltr'><strong>P.</strong></span> <span class='ocrx_word' id='word_1_102' title='bbox 999 1149 1034 1185; x_wconf 88' lang='grc'><strong>9.</strong></span> <span class='ocrx_word' id='word_1_103' title='bbox 1061 1149 1133 1183; x_wconf 82' lang='lat' dir='ltr'><strong>iam</strong></span> <span class='ocrx_word' id='word_1_104' title='bbox 1156 1148 1232 1183; x_wconf 78' lang='lat' dir='ltr'><strong>viro</strong></span> <span class='ocrx_word' id='word_1_105' title='bbox 1258 1146 1296 1182; x_wconf 83' lang='lat' dir='ltr'><strong>P.</strong></span> 
     </span>
    </p>
   </div>
   <div class='ocr_carea' id='block_1_4' title="bbox 84 1286 847 2300">
    <p class='ocr_par' dir='ltr' id='par_1_5' title="bbox 84 1286 847 2300">
     <span class='ocr_line' id='line_1_13' title="bbox 135 1286 846 1332; baseline -0.004 -10"><span class='ocrx_word' id='word_1_106' title='bbox 135 1286 279 1322; x_wconf 87' lang='lat' dir='ltr'><strong>habent&#39;</strong></span> <span class='ocrx_word' id='word_1_107' title='bbox 316 1286 477 1332; x_wconf 85' lang='lat' dir='ltr'><strong>(Tacitus</strong></span> <span class='ocrx_word' id='word_1_108' title='bbox 513 1287 727 1320; x_wconf 88' lang='lat' dir='ltr'><strong>contrarium</strong></span> <span class='ocrx_word' id='word_1_109' title='bbox 762 1297 846 1321; x_wconf 89' lang='lat' dir='ltr'><strong>nar-</strong></span> 
     </span>
     <span class='ocr_line' id='line_1_14' title="bbox 133 1335 846 1381; baseline -0.004 -10"><span class='ocrx_word' id='word_1_110' title='bbox 133 1337 256 1379; x_wconf 78' lang='lat' dir='ltr'><strong>ravit),</strong></span> <span class='ocrx_word' id='word_1_111' title='bbox 278 1335 357 1370; x_wconf 86' lang='lat' dir='ltr'><strong>‘sed</strong></span> <span class='ocrx_word' id='word_1_112' title='bbox 368 1335 521 1380; x_wconf 88' lang='lat' dir='ltr'><strong>plebeiis</strong></span> <span class='ocrx_word' id='word_1_113' title='bbox 537 1336 735 1381; x_wconf 81' lang='lat' dir='ltr'><strong>aggregati&#39;</strong></span> <span class='ocrx_word' id='word_1_114' title='bbox 757 1337 846 1381; x_wconf 79' lang='lat' dir='ltr'><strong>(im-</strong></span> 
     </span>
     <span class='ocr_line' id='line_1_15' title="bbox 132 1383 847 1429; baseline -0.003 -10"><span class='ocrx_word' id='word_1_115' title='bbox 132 1394 190 1419; x_wconf 90' lang='lat' dir='ltr'><strong>mo</strong></span> <span class='ocrx_word' id='word_1_116' title='bbox 216 1384 351 1429; x_wconf 82' lang='lat' dir='ltr'><strong>plebeii</strong></span> <span class='ocrx_word' id='word_1_117' title='bbox 378 1383 468 1417; x_wconf 88' lang='lat' dir='ltr'><strong>nulli</strong></span> <span class='ocrx_word' id='word_1_118' title='bbox 493 1385 530 1418; x_wconf 88' lang='lat' dir='ltr'><strong>in</strong></span> <span class='ocrx_word' id='word_1_119' title='bbox 556 1385 727 1418; x_wconf 86' lang='lat' dir='ltr'><strong>comitatu</strong></span> <span class='ocrx_word' id='word_1_120' title='bbox 743 1410 754 1426; x_wconf 90' lang='lat'><strong>,</strong></span> <span class='ocrx_word' id='word_1_121' title='bbox 784 1383 847 1417; x_wconf 89' lang='lat' dir='ltr'><strong>sed</strong></span> 
     </span>
     <span class='ocr_line' id='line_1_16' title="bbox 132 1432 846 1479; baseline -0.004 -11"><span class='ocrx_word' id='word_1_122' title='bbox 132 1432 276 1468; x_wconf 82' lang='lat' dir='ltr'><strong>nobiles</strong></span> <span class='ocrx_word' id='word_1_123' title='bbox 303 1443 428 1467; x_wconf 90' lang='lat' dir='ltr'><strong>omnes</strong></span> <span class='ocrx_word' id='word_1_124' title='bbox 462 1437 499 1466; x_wconf 88' lang='lat' dir='ltr'><strong>et</strong></span> <span class='ocrx_word' id='word_1_125' title='bbox 538 1433 698 1479; x_wconf 77' lang='lat' dir='ltr'><strong>equites)</strong></span> <span class='ocrx_word' id='word_1_126' title='bbox 722 1432 846 1466; x_wconf 85' lang='lat' dir='ltr'><strong>‘alium</strong></span> 
     </span>
     <span class='ocr_line' id='line_1_17' title="bbox 132 1482 846 1528; baseline -0.003 -12"><span class='ocrx_word' id='word_1_127' title='bbox 132 1486 331 1528; x_wconf 84' lang='lat' dir='ltr'><strong>sequuntur</strong></span> <span class='ocrx_word' id='word_1_128' title='bbox 351 1507 362 1524; x_wconf 88' lang='lat'>‚</span> <span class='ocrx_word' id='word_1_129' title='bbox 406 1482 467 1526; x_wconf 88' lang='lat' dir='ltr'><strong>qui</strong></span> <span class='ocrx_word' id='word_1_130' title='bbox 505 1491 634 1525; x_wconf 82' lang='lat' dir='ltr'><strong>reapse</strong></span> <span class='ocrx_word' id='word_1_131' title='bbox 679 1482 846 1526; x_wconf 88' lang='lat' dir='ltr'><strong>princeps</strong></span> 
     </span>
     <span class='ocr_line' id='line_1_18' title="bbox 134 1529 847 1580; baseline -0.006 -14"><span class='ocrx_word' id='word_1_132' title='bbox 134 1535 190 1566; x_wconf 79' lang='lat' dir='ltr'><strong>est</strong></span> <span class='ocrx_word' id='word_1_133' title='bbox 223 1534 260 1564; x_wconf 84' lang='lat' dir='ltr'><strong>et</strong></span> <span class='ocrx_word' id='word_1_134' title='bbox 298 1530 503 1580; x_wconf 61' lang='lat' dir='ltr'><strong>comitatum</strong></span> <span class='ocrx_word' id='word_1_135' title='bbox 539 1529 658 1564; x_wconf 87' lang='lat' dir='ltr'><strong>habet.</strong></span> <span class='ocrx_word' id='word_1_136' title='bbox 712 1529 749 1563; x_wconf 90' lang='lat' dir='ltr'><strong>ld</strong></span> <span class='ocrx_word' id='word_1_137' title='bbox 776 1539 847 1563; x_wconf 93' lang='lat' dir='ltr'><strong>non</strong></span> 
     </span>
     <span class='ocr_line' id='line_1_19' title="bbox 131 1577 846 1626; baseline -0.004 -13"><span class='ocrx_word' id='word_1_138' title='bbox 131 1579 247 1626; x_wconf 77' lang='lat' dir='ltr'><strong>magis</strong></span> <span class='ocrx_word' id='word_1_139' title='bbox 272 1579 400 1624; x_wconf 89' lang='lat' dir='ltr'><strong>pudori</strong></span> <span class='ocrx_word' id='word_1_140' title='bbox 434 1578 503 1612; x_wconf 77' lang='lat' dir='ltr'><strong>tuit</strong></span> <span class='ocrx_word' id='word_1_141' title='bbox 540 1589 644 1624; x_wconf 89' lang='lat' dir='ltr'><strong>quam</strong></span> <span class='ocrx_word' id='word_1_142' title='bbox 671 1589 750 1612; x_wconf 90' lang='lat' dir='ltr'><strong>cum</strong></span> <span class='ocrx_word' id='word_1_143' title='bbox 777 1577 846 1611; x_wconf 87' lang='lat' dir='ltr'><strong>ho-</strong></span> 
     </span>
     <span class='ocr_line' id='line_1_20' title="bbox 84 1626 846 1673; baseline 0 -12"><span class='ocrx_word' id='word_1_144' title='bbox 84 1640 89 1645; x_wconf 47' lang='lat'><em>*</em></span> <span class='ocrx_word' id='word_1_145' title='bbox 133 1627 193 1662; x_wconf 84' lang='lat' dir='ltr'><strong>die</strong></span> <span class='ocrx_word' id='word_1_146' title='bbox 217 1638 344 1673; x_wconf 87' lang='lat' dir='ltr'><strong>regum</strong></span> <span class='ocrx_word' id='word_1_147' title='bbox 369 1626 475 1661; x_wconf 83' lang='lat' dir='ltr'><strong>filioli</strong></span> <span class='ocrx_word' id='word_1_148' title='bbox 499 1627 655 1661; x_wconf 89' lang='lat' dir='ltr'><strong>militant</strong></span> <span class='ocrx_word' id='word_1_149' title='bbox 684 1631 720 1660; x_wconf 91' lang='lat' dir='ltr'><strong>et</strong></span> <span class='ocrx_word' id='word_1_150' title='bbox 744 1627 846 1661; x_wconf 88' lang='lat' dir='ltr'><strong>salva</strong></span> 
     </span>
     <span class='ocr_line' id='line_1_21' title="bbox 132 1675 847 1722; baseline -0.01 -10"><span class='ocrx_word' id='word_1_151' title='bbox 132 1677 277 1722; x_wconf 84' lang='lat' dir='ltr'><strong>generis</strong></span> <span class='ocrx_word' id='word_1_152' title='bbox 303 1677 542 1720; x_wconf 75' lang='lat' dir='ltr'><strong>fortunaeque</strong></span> <span class='ocrx_word' id='word_1_153' title='bbox 577 1675 753 1721; x_wconf 85' lang='lat' dir='ltr'><strong>dignitate</strong></span> <span class='ocrx_word' id='word_1_154' title='bbox 780 1676 847 1708; x_wconf 84' lang='lat' dir='ltr'><strong>tri-</strong></span> 
     </span>
     <span class='ocr_line' id='line_1_22' title="bbox 132 1723 845 1770; baseline -0.003 -11"><span class='ocrx_word' id='word_1_155' title='bbox 132 1725 238 1759; x_wconf 85' lang='lat' dir='ltr'><strong>bunis</strong></span> <span class='ocrx_word' id='word_1_156' title='bbox 275 1729 425 1770; x_wconf 85' lang='lat' dir='ltr'><strong>parent,</strong></span> <span class='ocrx_word' id='word_1_157' title='bbox 463 1728 502 1757; x_wconf 90' lang='lat' dir='ltr'><strong>ut</strong></span> <span class='ocrx_word' id='word_1_158' title='bbox 533 1728 644 1758; x_wconf 84' lang='lat' dir='ltr'><strong>artem</strong></span> <span class='ocrx_word' id='word_1_159' title='bbox 678 1723 845 1758; x_wconf 87' lang='lat' dir='ltr'><strong>bellicam</strong></span> 
     </span>
     <span class='ocr_line' id='line_1_23' title="bbox 133 1772 844 1818; baseline -0.001 -11"><span class='ocrx_word' id='word_1_160' title='bbox 133 1773 286 1807; x_wconf 85' lang='lat' dir='ltr'><strong>discant.</strong></span> <span class='ocrx_word' id='word_1_161' title='bbox 338 1772 414 1806; x_wconf 88' lang='lat' dir='ltr'><strong>Hoc</strong></span> <span class='ocrx_word' id='word_1_162' title='bbox 440 1783 549 1805; x_wconf 89' lang='lat' dir='ltr'><strong>unum</strong></span> <span class='ocrx_word' id='word_1_163' title='bbox 578 1772 632 1806; x_wconf 92' lang='lat' dir='ltr'><strong>illi</strong></span> <span class='ocrx_word' id='word_1_164' title='bbox 660 1772 844 1818; x_wconf 85' lang='lat' dir='ltr'><strong>privilegii</strong></span> 
     </span>
     <span class='ocr_line' id='line_1_24' title="bbox 133 1820 846 1864; baseline -0.001 -9"><span class='ocrx_word' id='word_1_165' title='bbox 133 1820 292 1864; x_wconf 86' lang='lat' dir='ltr'><strong>habent,</strong></span> <span class='ocrx_word' id='word_1_166' title='bbox 331 1826 370 1855; x_wconf 90' lang='lat' dir='ltr'><strong>ut</strong></span> <span class='ocrx_word' id='word_1_167' title='bbox 404 1822 474 1854; x_wconf 92' lang='lat' dir='ltr'><strong>iam</strong></span> <span class='ocrx_word' id='word_1_168' title='bbox 511 1820 773 1858; x_wconf 84' lang='lat' dir='ltr'><strong>adolescentuli</strong></span> <span class='ocrx_word' id='word_1_169' title='bbox 804 1831 846 1854; x_wconf 89' lang='lat' dir='ltr'><strong>ac</strong></span> 
     </span>
     <span class='ocr_line' id='line_1_25' title="bbox 131 1869 845 1904; baseline -0.001 -1"><span class='ocrx_word' id='word_1_170' title='bbox 131 1871 302 1904; x_wconf 75' lang='lat' dir='ltr'><strong>matun-ius</strong></span> <span class='ocrx_word' id='word_1_171' title='bbox 318 1872 448 1904; x_wconf 85' lang='lat' dir='ltr'><strong>ceteris</strong></span> <span class='ocrx_word' id='word_1_172' title='bbox 471 1870 507 1902; x_wconf 90' lang='lat' dir='ltr'><strong>in</strong></span> <span class='ocrx_word' id='word_1_173' title='bbox 528 1869 735 1903; x_wconf 89' lang='lat' dir='ltr'><strong>comitatum</strong></span> <span class='ocrx_word' id='word_1_174' title='bbox 749 1869 845 1902; x_wconf 87' lang='lat' dir='ltr'><strong>asci-</strong></span> 
     </span>
     <span class='ocr_line' id='line_1_26' title="bbox 133 1918 846 1952; baseline -0.006 0"><span class='ocrx_word' id='word_1_175' title='bbox 133 1922 279 1952; x_wconf 77' lang='lat' dir='ltr'><strong>scuntur</strong></span> <span class='ocrx_word' id='word_1_176' title='bbox 320 1923 356 1952; x_wconf 89' lang='lat' dir='ltr'><strong>et</strong></span> <span class='ocrx_word' id='word_1_177' title='bbox 383 1919 519 1952; x_wconf 87' lang='lat' dir='ltr'><strong>tirones</strong></span> <span class='ocrx_word' id='word_1_178' title='bbox 555 1918 738 1952; x_wconf 81' lang='lat' dir='ltr'><strong>veteranis</strong></span> <span class='ocrx_word' id='word_1_179' title='bbox 780 1927 846 1951; x_wconf 85' lang='lat' dir='ltr'><strong>co-</strong></span> 
     </span>
     <span class='ocr_line' id='line_1_27' title="bbox 132 1965 845 2013; baseline 0 -14"><span class='ocrx_word' id='word_1_180' title='bbox 132 1968 257 2001; x_wconf 86' lang='lat' dir='ltr'><strong>mitum</strong></span> <span class='ocrx_word' id='word_1_181' title='bbox 291 1971 538 2013; x_wconf 76' lang='lat' dir='ltr'><strong>aggregentur</strong></span> <span class='ocrx_word' id='word_1_182' title='bbox 578 1971 614 2000; x_wconf 91' lang='lat' dir='ltr'><strong>et</strong></span> <span class='ocrx_word' id='word_1_183' title='bbox 647 1965 755 2010; x_wconf 84' lang='lat' dir='ltr'><strong>paulo</strong></span> <span class='ocrx_word' id='word_1_184' title='bbox 783 1977 845 2000; x_wconf 87' lang='lat' dir='ltr'><strong>re-</strong></span> 
     </span>
     <span class='ocr_line' id='line_1_28' title="bbox 131 2014 845 2056; baseline 0 -8"><span class='ocrx_word' id='word_1_185' title='bbox 131 2016 317 2050; x_wconf 83' lang='lat' dir='ltr'><strong>verentius</strong></span> <span class='ocrx_word' id='word_1_186' title='bbox 344 2015 554 2050; x_wconf 75' lang='lat' dir='ltr'><strong>habeantur.</strong></span> <span class='ocrx_word' id='word_1_187' title='bbox 615 2014 750 2056; x_wconf 88' lang='lat' dir='ltr'><strong>Quodsi</strong></span> <span class='ocrx_word' id='word_1_188' title='bbox 778 2014 845 2048; x_wconf 89' lang='lat' dir='ltr'><strong>hac</strong></span> 
     </span>
     <span class='ocr_line' id='line_1_29' title="bbox 130 2062 844 2109; baseline -0.006 -10"><span class='ocrx_word' id='word_1_189' title='bbox 130 2065 271 2099; x_wconf 80' lang='lat' dir='ltr'><strong>ratione</strong></span> <span class='ocrx_word' id='word_1_190' title='bbox 305 2063 545 2109; x_wconf 69' lang='lat' dir='ltr'><strong>eliquationem</strong></span> <span class='ocrx_word' id='word_1_191' title='bbox 579 2064 753 2108; x_wconf 76' lang='lat' dir='ltr'><strong>principis</strong></span> <span class='ocrx_word' id='word_1_192' title='bbox 787 2062 844 2096; x_wconf 91' lang='lat' dir='ltr'><strong>di-</strong></span> 
     </span>
     <span class='ocr_line' id='line_1_30' title="bbox 129 2111 843 2156; baseline -0.003 -10"><span class='ocrx_word' id='word_1_193' title='bbox 129 2113 296 2146; x_wconf 84' lang='lat' dir='ltr'><strong>stinctam</strong></span> <span class='ocrx_word' id='word_1_194' title='bbox 318 2112 501 2156; x_wconf 83' lang='lat' dir='ltr'><strong>putaveris</strong></span> <span class='ocrx_word' id='word_1_195' title='bbox 529 2111 572 2145; x_wconf 89' lang='lat' dir='ltr'><strong>ab</strong></span> <span class='ocrx_word' id='word_1_196' title='bbox 600 2112 678 2155; x_wconf 90' lang='lat' dir='ltr'><strong>ipso</strong></span> <span class='ocrx_word' id='word_1_197' title='bbox 707 2111 843 2155; x_wconf 85' lang='lat' dir='ltr'><strong>princi-</strong></span> 
     </span>
     <span class='ocr_line' id='line_1_31' title="bbox 130 2158 844 2205; baseline -0.006 -10"><span class='ocrx_word' id='word_1_198' title='bbox 130 2158 224 2205; x_wconf 79' lang='lat' dir='ltr'><strong>patu’</strong></span> <span class='ocrx_word' id='word_1_199' title='bbox 275 2162 372 2205; x_wconf 86' lang='lat' dir='ltr'><strong>(eam</strong></span> <span class='ocrx_word' id='word_1_200' title='bbox 421 2159 690 2194; x_wconf 88' lang='lat' dir='ltr'><strong>distinctionem</strong></span> <span class='ocrx_word' id='word_1_201' title='bbox 732 2159 844 2193; x_wconf 86' lang='lat' dir='ltr'><strong>Taciti</strong></span> 
     </span>
     <span class='ocr_line' id='line_1_32' title="bbox 130 2207 843 2252; baseline -0.003 -10"><span class='ocrx_word' id='word_1_202' title='bbox 130 2208 240 2243; x_wconf 86' lang='lat' dir='ltr'><strong>verba</strong></span> <span class='ocrx_word' id='word_1_203' title='bbox 265 2218 337 2241; x_wconf 89' lang='lat' dir='ltr'><strong>non</strong></span> <span class='ocrx_word' id='word_1_204' title='bbox 365 2208 592 2252; x_wconf 89' lang='lat' dir='ltr'><strong>admittunt),</strong></span> <span class='ocrx_word' id='word_1_205' title='bbox 628 2207 715 2241; x_wconf 83' lang='lat' dir='ltr'><strong>‘non</strong></span> <span class='ocrx_word' id='word_1_206' title='bbox 754 2217 843 2251; x_wconf 88' lang='lat' dir='ltr'><strong>opus</strong></span> 
     </span>
     <span class='ocr_line' id='line_1_33' title="bbox 131 2254 774 2300; baseline -0.002 -10"><span class='ocrx_word' id='word_1_207' title='bbox 131 2257 199 2291; x_wconf 89' lang='lat' dir='ltr'><strong>erit</strong></span> <span class='ocrx_word' id='word_1_208' title='bbox 223 2256 335 2300; x_wconf 88' lang='lat' dir='ltr'><strong>Lipsii</strong></span> <span class='ocrx_word' id='word_1_209' title='bbox 366 2257 617 2290; x_wconf 87' lang='lat' dir='ltr'><strong>emendatione</strong></span> <span class='ocrx_word' id='word_1_210' title='bbox 642 2254 774 2289; x_wconf 73' lang='lat' dir='ltr'><strong>ceaeert’.</strong></span> 
     </span>
    </p>
   </div>
   <div class='ocr_carea' id='block_1_5' title="bbox 127 2326 844 2939">
    <p class='ocr_par' dir='ltr' id='par_1_6' title="bbox 127 2326 844 2939">
     <span class='ocr_line' id='line_1_34' title="bbox 203 2326 844 2372; baseline -0.005 -12"><span class='ocrx_word' id='word_1_211' title='bbox 203 2326 336 2372; x_wconf 64' lang='lat' dir='ltr'><strong>gradus</strong></span> <span class='ocrx_word' id='word_1_212' title='bbox 361 2326 444 2370; x_wconf 66' lang='lat' dir='ltr'><strong>quin</strong></span> <span class='ocrx_word' id='word_1_213' title='bbox 470 2326 575 2359; x_wconf 78' lang='lat' dir='ltr'><strong>etiam</strong></span> <span class='ocrx_word' id='word_1_214' title='bbox 600 2326 673 2370; x_wconf 79' lang='lat' dir='ltr'><strong>ipse</strong></span> <span class='ocrx_word' id='word_1_215' title='bbox 695 2326 844 2358; x_wconf 71' lang='lat' dir='ltr'><strong>comita..</strong></span> 
     </span>
     <span class='ocr_line' id='line_1_35' title="bbox 130 2373 842 2414; baseline -0.006 -5"><span class='ocrx_word' id='word_1_216' title='bbox 130 2380 184 2409; x_wconf 77' lang='lat' dir='ltr'><strong>tus</strong></span> <span class='ocrx_word' id='word_1_217' title='bbox 211 2374 334 2408; x_wconf 69' lang='lat' dir='ltr'><strong>halec.-</strong></span> <span class='ocrx_word' id='word_1_218' title='bbox 361 2374 430 2408; x_wconf 87' lang='lat' dir='ltr'><strong>hoc</strong></span> <span class='ocrx_word' id='word_1_219' title='bbox 455 2373 549 2407; x_wconf 81' lang='lat' dir='ltr'><strong>benc</strong></span> <span class='ocrx_word' id='word_1_220' title='bbox 566 2373 771 2414; x_wconf 89' lang='lat' dir='ltr'><strong>tenendum,</strong></span> <span class='ocrx_word' id='word_1_221' title='bbox 799 2382 842 2405; x_wconf 90' lang='lat' dir='ltr'><strong>eo</strong></span> 
     </span>
     <span class='ocr_line' id='line_1_36' title="bbox 130 2421 843 2468; baseline -0.004 -12"><span class='ocrx_word' id='word_1_222' title='bbox 130 2422 243 2468; x_wconf 76' lang='lat' dir='ltr'><strong>magis</strong></span> <span class='ocrx_word' id='word_1_223' title='bbox 287 2422 382 2467; x_wconf 89' lang='lat' dir='ltr'><strong>quod</strong></span> <span class='ocrx_word' id='word_1_224' title='bbox 434 2422 537 2456; x_wconf 89' lang='lat' dir='ltr'><strong>multi</strong></span> <span class='ocrx_word' id='word_1_225' title='bbox 579 2421 843 2455; x_wconf 82' lang='lat' dir='ltr'><strong>obliviscuntur</strong></span> 
     </span>
     <span class='ocr_line' id='line_1_37' title="bbox 130 2469 843 2516; baseline -0.003 -12"><span class='ocrx_word' id='word_1_226' title='bbox 130 2474 201 2504; x_wconf 81' lang='lat' dir='ltr'><strong>tam</strong></span> <span class='ocrx_word' id='word_1_227' title='bbox 226 2471 441 2515; x_wconf 80' lang='lat' dir='ltr'><strong>interpretes</strong></span> <span class='ocrx_word' id='word_1_228' title='bbox 473 2481 577 2516; x_wconf 77' lang='lat' dir='ltr'><strong>quam</strong></span> <span class='ocrx_word' id='word_1_229' title='bbox 617 2470 677 2515; x_wconf 93' lang='lat' dir='ltr'><strong>qui</strong></span> <span class='ocrx_word' id='word_1_230' title='bbox 703 2469 747 2503; x_wconf 91' lang='lat' dir='ltr'><strong>de</strong></span> <span class='ocrx_word' id='word_1_231' title='bbox 776 2473 843 2502; x_wconf 72' lang='grc'><strong>1111-</strong></span> 
     </span>
     <span class='ocr_line' id='line_1_38' title="bbox 130 2518 843 2564; baseline -0.004 -11"><span class='ocrx_word' id='word_1_232' title='bbox 130 2519 352 2564; x_wconf 74' lang='lat' dir='ltr'><strong>tiquitatibus</strong></span> <span class='ocrx_word' id='word_1_233' title='bbox 379 2522 417 2552; x_wconf 91' lang='lat' dir='ltr'><strong>et</strong></span> <span class='ocrx_word' id='word_1_234' title='bbox 448 2518 556 2553; x_wconf 83' lang='lat' dir='ltr'><strong>rebus</strong></span> <span class='ocrx_word' id='word_1_235' title='bbox 594 2519 707 2563; x_wconf 83' lang='lat' dir='ltr'><strong>gestis</strong></span> <span class='ocrx_word' id='word_1_236' title='bbox 737 2522 843 2551; x_wconf 89' lang='lat' dir='ltr'><strong>vete-</strong></span> 
     </span>
     <span class='ocr_line' id='line_1_39' title="bbox 128 2566 843 2610; baseline -0.006 -8"><span class='ocrx_word' id='word_1_237' title='bbox 128 2578 206 2602; x_wconf 86' lang='lat' dir='ltr'><strong>rum</strong></span> <span class='ocrx_word' id='word_1_238' title='bbox 251 2567 506 2602; x_wconf 87' lang='lat' dir='ltr'><strong>Germanorum</strong></span> <span class='ocrx_word' id='word_1_239' title='bbox 552 2571 761 2610; x_wconf 79' lang='lat' dir='ltr'><strong>exponunt,</strong></span> <span class='ocrx_word' id='word_1_240' title='bbox 807 2566 843 2599; x_wconf 89' lang='lat' dir='ltr'><strong>in</strong></span> 
     </span>
     <span class='ocr_line' id='line_1_40' title="bbox 129 2613 843 2659; baseline -0.006 -8"><span class='ocrx_word' id='word_1_241' title='bbox 129 2616 300 2651; x_wconf 80' lang='lat' dir='ltr'><strong>comitatu</strong></span> <span class='ocrx_word' id='word_1_242' title='bbox 334 2616 478 2649; x_wconf 84' lang='lat' dir='ltr'><strong>nonnisi</strong></span> <span class='ocrx_word' id='word_1_243' title='bbox 511 2620 684 2659; x_wconf 80' lang='lat' dir='ltr'><strong>equestres</strong></span> <span class='ocrx_word' id='word_1_244' title='bbox 710 2613 843 2647; x_wconf 77' lang='lat' dir='ltr'><strong>milites</strong></span> 
     </span>
     <span class='ocr_line' id='line_1_41' title="bbox 129 2662 842 2707; baseline -0.007 -8"><span class='ocrx_word' id='word_1_245' title='bbox 129 2664 253 2707; x_wconf 78' lang='lat' dir='ltr'><strong>ruisse,</strong></span> <span class='ocrx_word' id='word_1_246' title='bbox 282 2674 303 2698; x_wconf 79' lang='grc'><strong>11</strong></span> <span class='ocrx_word' id='word_1_247' title='bbox 329 2663 487 2707; x_wconf 83' lang='lat' dir='ltr'><strong>peditum</strong></span> <span class='ocrx_word' id='word_1_248' title='bbox 513 2663 623 2707; x_wconf 88' lang='lat' dir='ltr'><strong>plebe</strong></span> <span class='ocrx_word' id='word_1_249' title='bbox 654 2662 842 2704; x_wconf 77' lang='lat' dir='ltr'><strong>discretos,</strong></span> 
     </span>
     <span class='ocr_line' id='line_1_42' title="bbox 131 2711 842 2756; baseline -0.003 -10"><span class='ocrx_word' id='word_1_250' title='bbox 131 2724 151 2746; x_wconf 92' lang='lat' dir='ltr'><strong>a</strong></span> <span class='ocrx_word' id='word_1_251' title='bbox 177 2713 340 2756; x_wconf 86' lang='lat' dir='ltr'><strong>principe</strong></span> <span class='ocrx_word' id='word_1_252' title='bbox 366 2713 402 2745; x_wconf 90' lang='lat' dir='ltr'><strong>in</strong></span> <span class='ocrx_word' id='word_1_253' title='bbox 430 2721 614 2745; x_wconf 87' lang='lat' dir='ltr'><strong>numerum</strong></span> <span class='ocrx_word' id='word_1_254' title='bbox 647 2711 842 2744; x_wconf 87' lang='lat' dir='ltr'><strong>amicorum</strong></span> 
     </span>
     <span class='ocr_line' id='line_1_43' title="bbox 129 2757 843 2803; baseline -0.01 -8"><span class='ocrx_word' id='word_1_255' title='bbox 129 2765 166 2795; x_wconf 84' lang='lat' dir='ltr'><strong>et</strong></span> <span class='ocrx_word' id='word_1_256' title='bbox 190 2759 366 2794; x_wconf 83' lang='lat' dir='ltr'><strong>sodalium</strong></span> <span class='ocrx_word' id='word_1_257' title='bbox 392 2764 568 2803; x_wconf 82' lang='lat' dir='ltr'><strong>receptos,</strong></span> <span class='ocrx_word' id='word_1_258' title='bbox 596 2768 685 2803; x_wconf 88' lang='lat' dir='ltr'><strong>quos</strong></span> <span class='ocrx_word' id='word_1_259' title='bbox 703 2769 747 2792; x_wconf 86' lang='lat' dir='ltr'><strong>ex</strong></span> <span class='ocrx_word' id='word_1_260' title='bbox 775 2757 843 2791; x_wconf 86' lang='lat' dir='ltr'><strong>ho-</strong></span> 
     </span>
     <span class='ocr_line' id='line_1_44' title="bbox 127 2805 842 2843; baseline -0.003 -1"><span class='ocrx_word' id='word_1_261' title='bbox 127 2807 346 2843; x_wconf 84' lang='lat' dir='ltr'><strong>nestioribus</strong></span> <span class='ocrx_word' id='word_1_262' title='bbox 373 2806 518 2841; x_wconf 77' lang='lat' dir='ltr'><strong>familiis</strong></span> <span class='ocrx_word' id='word_1_263' title='bbox 556 2805 693 2840; x_wconf 85' lang='lat' dir='ltr'><strong>electos</strong></span> <span class='ocrx_word' id='word_1_264' title='bbox 729 2806 842 2840; x_wconf 83' lang='lat' dir='ltr'><strong>fuisse</strong></span> 
     </span>
     <span class='ocr_line' id='line_1_45' title="bbox 129 2854 841 2901; baseline -0.008 -10"><span class='ocrx_word' id='word_1_265' title='bbox 129 2866 194 2901; x_wconf 89' lang='lat' dir='ltr'><strong>per</strong></span> <span class='ocrx_word' id='word_1_266' title='bbox 220 2867 259 2891; x_wconf 88' lang='lat' dir='ltr'><strong>se</strong></span> <span class='ocrx_word' id='word_1_267' title='bbox 292 2860 391 2900; x_wconf 82' lang='lat' dir='ltr'><strong>patet</strong></span> <span class='ocrx_word' id='word_1_268' title='bbox 421 2860 458 2888; x_wconf 87' lang='lat' dir='ltr'><strong>et</strong></span> <span class='ocrx_word' id='word_1_269' title='bbox 495 2866 514 2889; x_wconf 90' lang='lat' dir='ltr'><strong>a</strong></span> <span class='ocrx_word' id='word_1_270' title='bbox 547 2855 669 2888; x_wconf 77' lang='lat' dir='ltr'><strong>&#39;facito</strong></span> <span class='ocrx_word' id='word_1_271' title='bbox 698 2854 841 2900; x_wconf 80' lang='lat' dir='ltr'><strong>signifi-</strong></span> 
     </span>
     <span class='ocr_line' id='line_1_46' title="bbox 130 2902 836 2939; baseline -0.006 0"><span class='ocrx_word' id='word_1_272' title='bbox 130 2909 247 2939; x_wconf 78' lang='lat' dir='ltr'><strong>catum</strong></span> <span class='ocrx_word' id='word_1_273' title='bbox 288 2908 343 2937; x_wconf 84' lang='lat' dir='ltr'><strong>est</strong></span> <span class='ocrx_word' id='word_1_274' title='bbox 376 2903 496 2937; x_wconf 80' lang='lat' dir='ltr'><strong>verbis</strong></span> <span class='ocrx_word' id='word_1_275' title='bbox 523 2902 712 2936; x_wconf 78' lang='lat' dir='ltr'><strong>electorum</strong></span> <span class='ocrx_word' id='word_1_276' title='bbox 735 2904 836 2935; x_wconf 68' lang='lat' dir='ltr'><strong>ineve-</strong></span> 
     </span>
    </p>
   </div>
   <div class='ocr_carea' id='block_1_6' title="bbox 128 2949 837 2999">
    <p class='ocr_par' dir='ltr' id='par_1_7' title="bbox 128 2949 837 2999">
     <span class='ocr_line' id='line_1_47' title="bbox 128 2949 837 2999; baseline -0.006 -11"><span class='ocrx_word' id='word_1_277' title='bbox 128 2963 212 2988; x_wconf 72' lang='lat' dir='ltr'><strong>num</strong></span> <span class='ocrx_word' id='word_1_278' title='bbox 249 2952 350 2999; x_wconf 65' lang='lat' dir='ltr'><strong>globo</strong></span> <span class='ocrx_word' id='word_1_279' title='bbox 389 2951 613 2987; x_wconf 75' lang='lat' dir='ltr'><strong>circumdari.</strong></span> <span class='ocrx_word' id='word_1_280' title='bbox 678 2949 837 2986; x_wconf 78' lang='lat' dir='ltr'><strong>Comites</strong></span> 
     </span>
    </p>
   </div>
   <div class='ocr_carea' id='block_1_7' title="bbox 914 1283 1632 1474">
    <p class='ocr_par' dir='ltr' id='par_1_8' title="bbox 914 1283 1632 1474">
     <span class='ocr_line' id='line_1_48' title="bbox 917 1283 1632 1331; baseline -0.007 -11"><span class='ocrx_word' id='word_1_281' title='bbox 917 1284 1074 1331; x_wconf 81' lang='lat' dir='ltr'><strong>equestri</strong></span> <span class='ocrx_word' id='word_1_282' title='bbox 1135 1283 1264 1318; x_wconf 88' lang='lat' dir='ltr'><strong>militia</strong></span> <span class='ocrx_word' id='word_1_283' title='bbox 1313 1283 1457 1318; x_wconf 80' lang='lat' dir='ltr'><strong>functos</strong></span> <span class='ocrx_word' id='word_1_284' title='bbox 1508 1290 1632 1316; x_wconf 84' lang='lat' dir='ltr'><strong>omnes</strong></span> 
     </span>
     <span class='ocr_line' id='line_1_49' title="bbox 916 1331 1632 1376; baseline -0.006 -9"><span class='ocrx_word' id='word_1_285' title='bbox 916 1334 1029 1368; x_wconf 82' lang='lat' dir='ltr'><strong>fuisse</strong></span> <span class='ocrx_word' id='word_1_286' title='bbox 1044 1333 1237 1367; x_wconf 86' lang='lat' dir='ltr'><strong>ostendunt</strong></span> <span class='ocrx_word' id='word_1_287' title='bbox 1262 1331 1352 1367; x_wconf 88' lang='lat' dir='ltr'><strong>haec</strong></span> <span class='ocrx_word' id='word_1_288' title='bbox 1372 1333 1423 1376; x_wconf 85' lang='lat' dir='ltr'><strong>(c.</strong></span> <span class='ocrx_word' id='word_1_289' title='bbox 1443 1333 1503 1376; x_wconf 78' lang='lat'><strong>14)</strong></span> <span class='ocrx_word' id='word_1_290' title='bbox 1521 1342 1530 1363; x_wconf 77' lang='lat' dir='ltr'>z</span> <span class='ocrx_word' id='word_1_291' title='bbox 1557 1331 1632 1364; x_wconf 72' lang='lat' dir='ltr'><strong>exi-</strong></span> 
     </span>
     <span class='ocr_line' id='line_1_50' title="bbox 914 1378 1632 1428; baseline -0.006 -12"><span class='ocrx_word' id='word_1_292' title='bbox 914 1388 1001 1428; x_wconf 73' lang='lat' dir='ltr'><strong>qum</strong></span> <span class='ocrx_word' id='word_1_293' title='bbox 1027 1383 1118 1416; x_wconf 81' lang='lat' dir='ltr'><strong>enim</strong></span> <span class='ocrx_word' id='word_1_294' title='bbox 1142 1381 1315 1427; x_wconf 71' lang='lat' dir='ltr'><strong>principis</strong></span> <span class='ocrx_word' id='word_1_295' title='bbox 1340 1380 1396 1414; x_wconf 72' lang='lat' dir='ltr'><strong>sui</strong></span> <span class='ocrx_word' id='word_1_296' title='bbox 1418 1378 1632 1413; x_wconf 71' lang='lat' dir='ltr'><strong>liberalitate</strong></span> 
     </span>
     <span class='ocr_line' id='line_1_51' title="bbox 919 1430 1404 1474; baseline -0.006 -10"><span class='ocrx_word' id='word_1_297' title='bbox 919 1431 1017 1465; x_wconf 75' lang='lat' dir='ltr'><strong>illum</strong></span> <span class='ocrx_word' id='word_1_298' title='bbox 1044 1430 1245 1464; x_wconf 79' lang='lat' dir='ltr'><strong>bellatorem</strong></span> <span class='ocrx_word' id='word_1_299' title='bbox 1271 1439 1404 1474; x_wconf 78' lang='lat' dir='ltr'><strong>equum.</strong></span> 
     </span>
    </p>
   </div>
   <div class='ocr_carea' id='block_1_8' title="bbox 911 1498 1632 2082">
    <p class='ocr_par' dir='ltr' id='par_1_9' title="bbox 911 1498 1632 2082">
     <span class='ocr_line' id='line_1_52' title="bbox 1002 1498 1632 1547; baseline -0.002 -11"><span class='ocrx_word' id='word_1_300' title='bbox 1002 1507 1210 1547; x_wconf 72' lang='lat' dir='ltr'><strong>expetuntur</strong></span> <span class='ocrx_word' id='word_1_301' title='bbox 1248 1501 1339 1534; x_wconf 76' lang='lat' dir='ltr'><strong>enim</strong></span> <span class='ocrx_word' id='word_1_302' title='bbox 1376 1498 1632 1545; x_wconf 66' lang='lat' dir='ltr'><strong>legationibus:</strong></span> 
     </span>
     <span class='ocr_line' id='line_1_53' title="bbox 915 1548 1631 1597; baseline -0.006 -12"><span class='ocrx_word' id='word_1_303' title='bbox 915 1551 959 1585; x_wconf 87' lang='lat' dir='ltr'><strong>ad</strong></span> <span class='ocrx_word' id='word_1_304' title='bbox 998 1552 1176 1597; x_wconf 85' lang='lat' dir='ltr'><strong>insignem</strong></span> <span class='ocrx_word' id='word_1_305' title='bbox 1232 1549 1431 1594; x_wconf 88' lang='lat' dir='ltr'><strong>principem</strong></span> <span class='ocrx_word' id='word_1_306' title='bbox 1472 1548 1631 1594; x_wconf 83' lang='lat' dir='ltr'><strong>fortique</strong></span> 
     </span>
     <span class='ocr_line' id='line_1_54' title="bbox 918 1595 1631 1642; baseline -0.006 -9"><span class='ocrx_word' id='word_1_307' title='bbox 918 1600 1089 1634; x_wconf 85' lang='lat' dir='ltr'><strong>comitatu</strong></span> <span class='ocrx_word' id='word_1_308' title='bbox 1132 1600 1345 1632; x_wconf 88' lang='lat' dir='ltr'><strong>instructum</strong></span> <span class='ocrx_word' id='word_1_309' title='bbox 1395 1595 1458 1630; x_wconf 84' lang='lat' dir='ltr'><strong>alii</strong></span> <span class='ocrx_word' id='word_1_310' title='bbox 1504 1595 1631 1642; x_wconf 88' lang='lat' dir='ltr'><strong>populi</strong></span> 
     </span>
     <span class='ocr_line' id='line_1_55' title="bbox 915 1644 1632 1694; baseline -0.006 -12"><span class='ocrx_word' id='word_1_311' title='bbox 915 1648 1056 1694; x_wconf 85' lang='lat' dir='ltr'><strong>legatos</strong></span> <span class='ocrx_word' id='word_1_312' title='bbox 1083 1648 1238 1689; x_wconf 89' lang='lat' dir='ltr'><strong>mittunt,</strong></span> <span class='ocrx_word' id='word_1_313' title='bbox 1265 1644 1437 1680; x_wconf 82' lang='lat' dir='ltr'><strong>auxilium</strong></span> <span class='ocrx_word' id='word_1_314' title='bbox 1465 1644 1541 1679; x_wconf 84' lang='lat' dir='ltr'><strong>eius</strong></span> <span class='ocrx_word' id='word_1_315' title='bbox 1565 1652 1632 1679; x_wconf 86' lang='lat' dir='ltr'><strong>ex-</strong></span> 
     </span>
     <span class='ocr_line' id='line_1_56' title="bbox 916 1693 1631 1741; baseline -0.004 -11"><span class='ocrx_word' id='word_1_316' title='bbox 916 1702 1064 1741; x_wconf 87' lang='lat' dir='ltr'><strong>petunt,</strong></span> <span class='ocrx_word' id='word_1_317' title='bbox 1092 1706 1238 1730; x_wconf 88' lang='lat' dir='ltr'><strong>munera</strong></span> <span class='ocrx_word' id='word_1_318' title='bbox 1264 1695 1430 1730; x_wconf 82' lang='lat' dir='ltr'><strong>offerunt.</strong></span> <span class='ocrx_word' id='word_1_319' title='bbox 1553 1693 1631 1738; x_wconf 74' lang='lat' dir='ltr'><strong>ipsa</strong></span> 
     </span>
     <span class='ocr_line' id='line_1_57' title="bbox 911 1742 1630 1791; baseline -0.007 -12"><span class='ocrx_word' id='word_1_320' title='bbox 911 1745 1114 1791; x_wconf 82' lang='lat' dir='ltr'><strong>plerumque</strong></span> <span class='ocrx_word' id='word_1_321' title='bbox 1155 1746 1254 1789; x_wconf 82' lang='lat' dir='ltr'><strong>fama</strong></span> <span class='ocrx_word' id='word_1_322' title='bbox 1290 1742 1382 1776; x_wconf 87' lang='lat' dir='ltr'><strong>bella</strong></span> <span class='ocrx_word' id='word_1_323' title='bbox 1396 1746 1399 1749; x_wconf 83' lang='grc'><strong>“</strong></span> <span class='ocrx_word' id='word_1_324' title='bbox 1414 1742 1630 1788; x_wconf 67' lang='lat' dir='ltr'><strong>profligant.-</strong></span> 
     </span>
     <span class='ocr_line' id='line_1_58' title="bbox 916 1789 1631 1839; baseline -0.006 -12"><span class='ocrx_word' id='word_1_325' title='bbox 916 1804 1004 1839; x_wconf 87' lang='lat' dir='ltr'><strong>gens</strong></span> <span class='ocrx_word' id='word_1_326' title='bbox 1021 1794 1064 1827; x_wconf 87' lang='lat' dir='ltr'><strong>ab</strong></span> <span class='ocrx_word' id='word_1_327' title='bbox 1077 1793 1158 1827; x_wconf 85' lang='lat' dir='ltr'><strong>aliis</strong></span> <span class='ocrx_word' id='word_1_328' title='bbox 1167 1792 1266 1827; x_wconf 89' lang='lat' dir='ltr'><strong>bello</strong></span> <span class='ocrx_word' id='word_1_329' title='bbox 1285 1793 1398 1836; x_wconf 84' lang='lat' dir='ltr'><strong>petita</strong></span> <span class='ocrx_word' id='word_1_330' title='bbox 1413 1792 1443 1824; x_wconf 88' lang='lat' dir='ltr'><strong>si</strong></span> <span class='ocrx_word' id='word_1_331' title='bbox 1458 1789 1631 1824; x_wconf 84' lang='lat' dir='ltr'><strong>auxilium</strong></span> 
     </span>
     <span class='ocr_line' id='line_1_59' title="bbox 919 1838 1629 1886; baseline -0.007 -10"><span class='ocrx_word' id='word_1_332' title='bbox 919 1842 1004 1876; x_wconf 89' lang='lat' dir='ltr'><strong>clari</strong></span> <span class='ocrx_word' id='word_1_333' title='bbox 1020 1843 1191 1886; x_wconf 85' lang='lat' dir='ltr'><strong>principis</strong></span> <span class='ocrx_word' id='word_1_334' title='bbox 1205 1845 1309 1875; x_wconf 86' lang='lat' dir='ltr'><strong>nacta</strong></span> <span class='ocrx_word' id='word_1_335' title='bbox 1330 1843 1397 1882; x_wconf 86' lang='lat' dir='ltr'><strong>est,</strong></span> <span class='ocrx_word' id='word_1_336' title='bbox 1414 1838 1522 1883; x_wconf 88' lang='lat' dir='ltr'><strong>idque</strong></span> <span class='ocrx_word' id='word_1_337' title='bbox 1536 1838 1629 1872; x_wconf 80' lang='lat' dir='ltr'><strong>sama</strong></span> 
     </span>
     <span class='ocr_line' id='line_1_60' title="bbox 917 1887 1631 1935; baseline -0.007 -11"><span class='ocrx_word' id='word_1_338' title='bbox 917 1890 1131 1933; x_wconf 86' lang='lat' dir='ltr'><strong>celebratur,</strong></span> <span class='ocrx_word' id='word_1_339' title='bbox 1163 1890 1225 1935; x_wconf 89' lang='lat' dir='ltr'><strong>qui</strong></span> <span class='ocrx_word' id='word_1_340' title='bbox 1252 1893 1335 1923; x_wconf 85' lang='lat' dir='ltr'><strong>ante</strong></span> <span class='ocrx_word' id='word_1_341' title='bbox 1355 1887 1513 1921; x_wconf 80' lang='lat' dir='ltr'><strong>invasuri</strong></span> <span class='ocrx_word' id='word_1_342' title='bbox 1531 1891 1631 1920; x_wconf 88' lang='lat' dir='ltr'><strong>erant</strong></span> 
     </span>
     <span class='ocr_line' id='line_1_61' title="bbox 915 1936 1627 1980; baseline -0.007 -7"><span class='ocrx_word' id='word_1_343' title='bbox 915 1941 952 1973; x_wconf 87' lang='lat' dir='ltr'><strong>in</strong></span> <span class='ocrx_word' id='word_1_344' title='bbox 976 1939 1081 1973; x_wconf 88' lang='lat' dir='ltr'><strong>sedes</strong></span> <span class='ocrx_word' id='word_1_345' title='bbox 1105 1939 1282 1980; x_wconf 88' lang='lat' dir='ltr'><strong>hostium,</strong></span> <span class='ocrx_word' id='word_1_346' title='bbox 1307 1938 1377 1970; x_wconf 89' lang='lat' dir='ltr'><strong>iam</strong></span> <span class='ocrx_word' id='word_1_347' title='bbox 1401 1936 1445 1969; x_wconf 86' lang='lat' dir='ltr'><strong>ab</strong></span> <span class='ocrx_word' id='word_1_348' title='bbox 1481 1937 1627 1979; x_wconf 87' lang='lat' dir='ltr'><strong>incepto</strong></span> 
     </span>
     <span class='ocr_line' id='line_1_62' title="bbox 915 1983 1632 2031; baseline -0.007 -10"><span class='ocrx_word' id='word_1_349' title='bbox 915 1988 1102 2021; x_wconf 87' lang='lat' dir='ltr'><strong>desistunt.</strong></span> <span class='ocrx_word' id='word_1_350' title='bbox 1130 1987 1326 2031; x_wconf 71' lang='lat' dir='ltr'><strong>Profliqant</strong></span> <span class='ocrx_word' id='word_1_351' title='bbox 1352 1989 1406 2018; x_wconf 89' lang='lat' dir='ltr'><strong>est</strong></span> <span class='ocrx_word' id='word_1_352' title='bbox 1429 1983 1632 2029; x_wconf 76' lang='lat' dir='ltr'><strong>propellunt</strong></span> 
     </span>
     <span class='ocr_line' id='line_1_63' title="bbox 917 2031 1627 2082; baseline -0.006 -12"><span class='ocrx_word' id='word_1_353' title='bbox 917 2036 1206 2082; x_wconf 70' lang='lat' dir='ltr'><strong>(verscheucken)</strong></span> <span class='ocrx_word' id='word_1_354' title='bbox 1226 2035 1304 2068; x_wconf 84' lang='lat' dir='ltr'><strong>sive</strong></span> <span class='ocrx_word' id='word_1_355' title='bbox 1317 2037 1401 2067; x_wconf 85' lang='lat' dir='ltr'><strong>ante</strong></span> <span class='ocrx_word' id='word_1_356' title='bbox 1421 2043 1460 2066; x_wconf 89' lang='lat' dir='ltr'><strong>se</strong></span> <span class='ocrx_word' id='word_1_357' title='bbox 1476 2031 1627 2076; x_wconf 87' lang='lat' dir='ltr'><strong>pellunt.</strong></span> 
     </span>
    </p>
   </div>
   <div class='ocr_carea' id='block_1_9' title="bbox 909 2129 1632 2984">
    <p class='ocr_par' dir='ltr' id='par_1_10' title="bbox 909 2129 1632 2984">
     <span class='ocr_line' id='line_1_64' title="bbox 987 2129 1630 2177; baseline -0.008 -10"><span class='ocrx_word' id='word_1_358' title='bbox 987 2131 1071 2177; x_wconf 85' lang='lat' dir='ltr'><strong>Cap.</strong></span> <span class='ocrx_word' id='word_1_359' title='bbox 1103 2134 1158 2167; x_wconf 83' lang='lat'><strong>14.</strong></span> <span class='ocrx_word' id='word_1_360' title='bbox 1187 2133 1321 2177; x_wconf 73' lang='lat' dir='ltr'><strong>infame</strong></span> <span class='ocrx_word' id='word_1_361' title='bbox 1347 2131 1386 2164; x_wconf 75' lang='lat' dir='ltr'><strong>in</strong></span> <span class='ocrx_word' id='word_1_362' title='bbox 1411 2141 1546 2163; x_wconf 79' lang='lat' dir='ltr'><strong>omnem</strong></span> <span class='ocrx_word' id='word_1_363' title='bbox 1574 2129 1630 2163; x_wconf 78' lang='lat' dir='ltr'><strong>vi-</strong></span> 
     </span>
     <span class='ocr_line' id='line_1_65' title="bbox 915 2179 1631 2226; baseline -0.004 -12"><span class='ocrx_word' id='word_1_364' title='bbox 915 2186 985 2214; x_wconf 84' lang='lat' dir='ltr'><strong>tam</strong></span> <span class='ocrx_word' id='word_1_365' title='bbox 1019 2193 1063 2214; x_wconf 85' lang='lat' dir='ltr'><strong>ac</strong></span> <span class='ocrx_word' id='word_1_366' title='bbox 1096 2180 1302 2226; x_wconf 80' lang='lat' dir='ltr'><strong>probrosum</strong></span> <span class='ocrx_word' id='word_1_367' title='bbox 1345 2197 1382 2204; x_wconf 92' lang='lat'><strong>--</strong></span> <span class='ocrx_word' id='word_1_368' title='bbox 1422 2179 1631 2212; x_wconf 83' lang='lat' dir='ltr'><strong>recessisse:</strong></span> 
     </span>
     <span class='ocr_line' id='line_1_66' title="bbox 912 2226 1630 2273; baseline -0.006 -11"><span class='ocrx_word' id='word_1_369' title='bbox 912 2230 1044 2273; x_wconf 79' lang='lat' dir='ltr'><strong>infame</strong></span> <span class='ocrx_word' id='word_1_370' title='bbox 1087 2229 1237 2263; x_wconf 82' lang='lat' dir='ltr'><strong>denotat.</strong></span> <span class='ocrx_word' id='word_1_371' title='bbox 1278 2226 1454 2260; x_wconf 89' lang='lat' dir='ltr'><strong>maculam</strong></span> <span class='ocrx_word' id='word_1_372' title='bbox 1492 2227 1630 2259; x_wconf 87' lang='lat' dir='ltr'><strong>nomini</strong></span> 
     </span>
     <span class='ocr_line' id='line_1_67' title="bbox 915 2272 1632 2320; baseline -0.007 -10"><span class='ocrx_word' id='word_1_373' title='bbox 915 2281 950 2310; x_wconf 87' lang='lat' dir='ltr'><strong>et</strong></span> <span class='ocrx_word' id='word_1_374' title='bbox 993 2277 1118 2310; x_wconf 85' lang='lat' dir='ltr'><strong>honori</strong></span> <span class='ocrx_word' id='word_1_375' title='bbox 1172 2285 1379 2320; x_wconf 82' lang='lat' dir='ltr'><strong>aspersam,</strong></span> <span class='ocrx_word' id='word_1_376' title='bbox 1423 2272 1632 2318; x_wconf 80' lang='lat' dir='ltr'><strong>probrosum</strong></span> 
     </span>
     <span class='ocr_line' id='line_1_68' title="bbox 914 2322 1630 2358; baseline -0.007 0"><span class='ocrx_word' id='word_1_377' title='bbox 914 2324 1079 2358; x_wconf 89' lang='lat' dir='ltr'><strong>convicia</strong></span> <span class='ocrx_word' id='word_1_378' title='bbox 1120 2334 1196 2357; x_wconf 90' lang='lat' dir='ltr'><strong>eam</strong></span> <span class='ocrx_word' id='word_1_379' title='bbox 1235 2323 1280 2356; x_wconf 88' lang='lat' dir='ltr'><strong>ob</strong></span> <span class='ocrx_word' id='word_1_380' title='bbox 1316 2331 1391 2355; x_wconf 89' lang='lat' dir='ltr'><strong>rem</strong></span> <span class='ocrx_word' id='word_1_381' title='bbox 1435 2332 1455 2354; x_wconf 89' lang='lat' dir='ltr'><strong>a</strong></span> <span class='ocrx_word' id='word_1_382' title='bbox 1499 2322 1630 2354; x_wconf 86' lang='lat' dir='ltr'><strong>ceteris</strong></span> 
     </span>
     <span class='ocr_line' id='line_1_69' title="bbox 914 2369 1630 2415; baseline -0.004 -10"><span class='ocrx_word' id='word_1_383' title='bbox 914 2369 1102 2406; x_wconf 86' lang='lat' dir='ltr'><strong>audienda.</strong></span> <span class='ocrx_word' id='word_1_384' title='bbox 1154 2371 1242 2405; x_wconf 88' lang='lat' dir='ltr'><strong>Cum</strong></span> <span class='ocrx_word' id='word_1_385' title='bbox 1282 2370 1335 2404; x_wconf 85' lang='lat' dir='ltr'><strong>his</strong></span> <span class='ocrx_word' id='word_1_386' title='bbox 1369 2379 1442 2403; x_wconf 87' lang='lat' dir='ltr'><strong>non</strong></span> <span class='ocrx_word' id='word_1_387' title='bbox 1469 2377 1630 2415; x_wconf 86' lang='lat' dir='ltr'><strong>pugnare</strong></span> 
     </span>
     <span class='ocr_line' id='line_1_70' title="bbox 914 2417 1630 2466; baseline -0.004 -13"><span class='ocrx_word' id='word_1_388' title='bbox 914 2431 1005 2464; x_wconf 91' lang='lat' dir='ltr'><strong>quae</strong></span> <span class='ocrx_word' id='word_1_389' title='bbox 1035 2420 1067 2454; x_wconf 90' lang='lat'><strong>11</strong></span> <span class='ocrx_word' id='word_1_390' title='bbox 1101 2420 1144 2455; x_wconf 81' lang='lat'><strong>14</strong></span> <span class='ocrx_word' id='word_1_391' title='bbox 1168 2419 1339 2466; x_wconf 90' lang='lat' dir='ltr'><strong>leguntur</strong></span> <span class='ocrx_word' id='word_1_392' title='bbox 1357 2445 1368 2461; x_wconf 94' lang='lat'><em>‚</em></span> <span class='ocrx_word' id='word_1_393' title='bbox 1395 2420 1472 2452; x_wconf 78' lang='lat' dir='ltr'><strong>sine</strong></span> <span class='ocrx_word' id='word_1_394' title='bbox 1494 2417 1630 2463; x_wconf 78' lang='lat' dir='ltr'><strong>pudore</strong></span> 
     </span>
     <span class='ocr_line' id='line_1_71' title="bbox 912 2466 1630 2514; baseline -0.004 -13"><span class='ocrx_word' id='word_1_395' title='bbox 912 2469 1050 2514; x_wconf 66' lang='lat' dir='ltr'><strong>flagitii,</strong></span> <span class='ocrx_word' id='word_1_396' title='bbox 1077 2468 1152 2502; x_wconf 76' lang='lat' dir='ltr'><strong>sine</strong></span> <span class='ocrx_word' id='word_1_397' title='bbox 1179 2476 1267 2502; x_wconf 79' lang='lat' dir='ltr'><strong>cura</strong></span> <span class='ocrx_word' id='word_1_398' title='bbox 1292 2467 1416 2501; x_wconf 80' lang='lat' dir='ltr'><strong>ducum</strong></span> <span class='ocrx_word' id='word_1_399' title='bbox 1443 2466 1541 2500; x_wconf 83' lang='lat' dir='ltr'><strong>abire</strong></span> <span class='ocrx_word' id='word_1_400' title='bbox 1570 2466 1630 2510; x_wconf 83' lang='lat' dir='ltr'><strong>su-</strong></span> 
     </span>
     <span class='ocr_line' id='line_1_72' title="bbox 912 2515 1629 2561; baseline -0.004 -11"><span class='ocrx_word' id='word_1_401' title='bbox 912 2527 1007 2561; x_wconf 67' lang='lat' dir='ltr'><strong>¹qere,</strong></span> <span class='ocrx_word' id='word_1_402' title='bbox 1036 2515 1080 2550; x_wconf 85' lang='lat' dir='ltr'><strong>ad</strong></span> <span class='ocrx_word' id='word_1_403' title='bbox 1106 2516 1208 2551; x_wconf 88' lang='lat' dir='ltr'><strong>illum</strong></span> <span class='ocrx_word' id='word_1_404' title='bbox 1233 2515 1353 2550; x_wconf 89' lang='lat' dir='ltr'><strong>locum</strong></span> <span class='ocrx_word' id='word_1_405' title='bbox 1382 2525 1402 2548; x_wconf 91' lang='lat' dir='ltr'><strong>a</strong></span> <span class='ocrx_word' id='word_1_406' title='bbox 1428 2525 1485 2548; x_wconf 88' lang='lat' dir='ltr'><strong>me</strong></span> <span class='ocrx_word' id='word_1_407' title='bbox 1510 2515 1629 2547; x_wconf 85' lang='lat' dir='ltr'><strong>moni-</strong></span> 
     </span>
     <span class='ocr_line' id='line_1_73' title="bbox 914 2561 1628 2606; baseline -0.003 -9"><span class='ocrx_word' id='word_1_408' title='bbox 914 2570 987 2598; x_wconf 88' lang='lat' dir='ltr'><strong>tum</strong></span> <span class='ocrx_word' id='word_1_409' title='bbox 1014 2569 1078 2598; x_wconf 91' lang='lat' dir='ltr'><strong>est.</strong></span> <span class='ocrx_word' id='word_1_410' title='bbox 1133 2562 1237 2599; x_wconf 83' lang='lat' dir='ltr'><strong>Conf.</strong></span> <span class='ocrx_word' id='word_1_411' title='bbox 1266 2567 1387 2598; x_wconf 87' lang='lat' dir='ltr'><strong>annot.</strong></span> <span class='ocrx_word' id='word_1_412' title='bbox 1417 2561 1460 2596; x_wconf 89' lang='lat' dir='ltr'><strong>ad</strong></span> <span class='ocrx_word' id='word_1_413' title='bbox 1487 2572 1564 2606; x_wconf 89' lang='lat' dir='ltr'><strong>cap.</strong></span> <span class='ocrx_word' id='word_1_414' title='bbox 1592 2562 1628 2595; x_wconf 87' lang='lat'><strong>6.</strong></span> 
     </span>
     <span class='ocr_line' id='line_1_74' title="bbox 913 2611 1629 2654; baseline -0.008 -7"><span class='ocrx_word' id='word_1_415' title='bbox 913 2614 1120 2647; x_wconf 87' lang='lat' dir='ltr'><strong>Ammianus</strong></span> <span class='ocrx_word' id='word_1_416' title='bbox 1159 2612 1240 2647; x_wconf 82' lang='lat' dir='ltr'><strong>XVI</strong></span> <span class='ocrx_word' id='word_1_417' title='bbox 1278 2614 1321 2647; x_wconf 81' lang='lat'><strong>12</strong></span> <span class='ocrx_word' id='word_1_418' title='bbox 1358 2613 1394 2654; x_wconf 74' lang='lat'><strong>§-</strong></span> <span class='ocrx_word' id='word_1_419' title='bbox 1431 2611 1483 2645; x_wconf 86' lang='lat'><strong>6:</strong></span> <span class='ocrx_word' id='word_1_420' title='bbox 1546 2612 1629 2654; x_wconf 82' lang='lat' dir='ltr'><strong>(rex</strong></span> 
     </span>
     <span class='ocr_line' id='line_1_75' title="bbox 914 2656 1629 2707; baseline -0.007 -11"><span class='ocrx_word' id='word_1_421' title='bbox 914 2661 1218 2707; x_wconf 81' lang='lat' dir='ltr'><strong>Chnodomarius)</strong></span> <span class='ocrx_word' id='word_1_422' title='bbox 1243 2660 1336 2694; x_wconf 80' lang='lat' dir='ltr'><strong>ultro</strong></span> <span class='ocrx_word' id='word_1_423' title='bbox 1354 2670 1390 2693; x_wconf 82' lang='lat' dir='ltr'><strong>se</strong></span> <span class='ocrx_word' id='word_1_424' title='bbox 1417 2658 1509 2691; x_wconf 75' lang='lat' dir='ltr'><strong>dedit</strong></span> <span class='ocrx_word' id='word_1_425' title='bbox 1535 2656 1629 2691; x_wconf 84' lang='lat' dir='ltr'><strong>solus</strong></span> 
     </span>
     <span class='ocr_line' id='line_1_76' title="bbox 913 2705 1626 2755; baseline -0.01 -11"><span class='ocrx_word' id='word_1_426' title='bbox 913 2721 1091 2755; x_wconf 70' lang='lat' dir='ltr'><strong>eyressus3</strong></span> <span class='ocrx_word' id='word_1_427' title='bbox 1132 2710 1337 2752; x_wconf 76' lang='lat' dir='ltr'><strong>comitesque</strong></span> <span class='ocrx_word' id='word_1_428' title='bbox 1374 2708 1446 2740; x_wconf 81' lang='lat' dir='ltr'><strong>eius</strong></span> <span class='ocrx_word' id='word_1_429' title='bbox 1486 2705 1626 2738; x_wconf 64' lang='lat' dir='ltr'><strong>ducenta·</strong></span> 
     </span>
     <span class='ocr_line' id='line_1_77' title="bbox 911 2753 1623 2796; baseline -0.008 -5"><span class='ocrx_word' id='word_1_430' title='bbox 911 2769 1053 2791; x_wconf 73' lang='lat' dir='ltr'><strong>numero</strong></span> <span class='ocrx_word' id='word_1_431' title='bbox 1089 2763 1121 2791; x_wconf 85' lang='lat' dir='ltr'><strong>et</strong></span> <span class='ocrx_word' id='word_1_432' title='bbox 1161 2763 1231 2790; x_wconf 79' lang='lat' dir='ltr'><strong>tres</strong></span> <span class='ocrx_word' id='word_1_433' title='bbox 1265 2755 1372 2789; x_wconf 72' lang='lat' dir='ltr'><strong>amici</strong></span> <span class='ocrx_word' id='word_1_434' title='bbox 1403 2753 1623 2796; x_wconf 60' lang='lat' dir='ltr'><strong>iunctissime,</strong></span> 
     </span>
     <span class='ocr_line' id='line_1_78' title="bbox 910 2801 1622 2851; baseline -0.01 -11"><span class='ocrx_word' id='word_1_435' title='bbox 910 2807 1079 2851; x_wconf 64' lang='lat' dir='ltr'><strong>flagitium</strong></span> <span class='ocrx_word' id='word_1_436' title='bbox 1117 2805 1282 2838; x_wconf 79' lang='lat' dir='ltr'><strong>arbitrati</strong></span> <span class='ocrx_word' id='word_1_437' title='bbox 1313 2807 1390 2848; x_wconf 78' lang='lat' dir='ltr'><strong>post</strong></span> <span class='ocrx_word' id='word_1_438' title='bbox 1426 2811 1544 2845; x_wconf 65' lang='lat' dir='ltr'><strong>regem</strong></span> <span class='ocrx_word' id='word_1_439' title='bbox 1567 2801 1622 2834; x_wconf 74' lang='grc' dir='ltr'><strong>ω’-</strong></span> 
     </span>
     <span class='ocr_line' id='line_1_79' title="bbox 910 2849 1628 2898; baseline -0.007 -11"><span class='ocrx_word' id='word_1_440' title='bbox 910 2865 990 2887; x_wconf 84' lang='lat' dir='ltr'><strong>vere</strong></span> <span class='ocrx_word' id='word_1_441' title='bbox 1028 2851 1083 2886; x_wconf 80' lang='lat' dir='ltr'><strong>vel</strong></span> <span class='ocrx_word' id='word_1_442' title='bbox 1115 2863 1179 2898; x_wconf 81' lang='lat' dir='ltr'><strong>pro</strong></span> <span class='ocrx_word' id='word_1_443' title='bbox 1214 2862 1296 2896; x_wconf 76' lang='lat' dir='ltr'><strong>reye</strong></span> <span class='ocrx_word' id='word_1_444' title='bbox 1329 2859 1402 2884; x_wconf 75' lang='lat' dir='ltr'><strong>non</strong></span> <span class='ocrx_word' id='word_1_445' title='bbox 1439 2850 1557 2891; x_wconf 73' lang='lat' dir='ltr'><strong>mori,</strong></span> <span class='ocrx_word' id='word_1_446' title='bbox 1596 2849 1628 2883; x_wconf 72' lang='grc' dir='ltr'><strong>ει·</strong></span> 
     </span>
     <span class='ocr_line' id='line_1_80' title="bbox 909 2898 1624 2943; baseline -0.001 -9"><span class='ocrx_word' id='word_1_447' title='bbox 909 2903 960 2935; x_wconf 78' lang='lat' dir='ltr'><strong>ita</strong></span> <span class='ocrx_word' id='word_1_448' title='bbox 986 2901 1106 2934; x_wconf 77' lang='lat' dir='ltr'><strong>tulerit</strong></span> <span class='ocrx_word' id='word_1_449' title='bbox 1130 2911 1251 2943; x_wconf 81' lang='lat' dir='ltr'><strong>casus,</strong></span> <span class='ocrx_word' id='word_1_450' title='bbox 1276 2898 1455 2934; x_wconf 72' lang='lat' dir='ltr'><strong>tradidero</strong></span> <span class='ocrx_word' id='word_1_451' title='bbox 1479 2908 1516 2933; x_wconf 73' lang='lat' dir='ltr'><strong>se</strong></span> <span class='ocrx_word' id='word_1_452' title='bbox 1540 2898 1624 2934; x_wconf 69' lang='grc' dir='ltr'><strong>οἰκ·</strong></span> 
     </span>
     <span class='ocr_line' id='line_1_81' title="bbox 911 2949 1066 2984; baseline 0.006 -1"><span class='ocrx_word' id='word_1_453' title='bbox 911 2949 1066 2984; x_wconf 76' lang='lat' dir='ltr'><strong>ciendos.</strong></span> 
     </span>
    </p>
   </div>
  </div>
 </body>
</html>
