1768 3216
172 250 221 284 44
786 223 1051 282 GERMANIAE

173 377 248 407 ver
279 368 318 405 et
348 366 483 404 aestas
503 362 756 404 intellectum
782 375 831 404 ac
850 362 1054 406 vocabula
1078 362 1254 414 habent3
1286 363 1468 407 autumni
1487 364 1664 419 perinde

173 450 322 480 nomen
354 449 402 478 ac
435 437 544 478 bona
576 437 834 492 ignorantur.

307 513 510 554 Funerum
540 512 651 554 nulla
683 513 875 555 ambitio:
908 512 949 554 id
979 512 1113 554 solum
1141 513 1381 566 observant,
1410 516 1454 554 ut
1484 524 1663 567 corpora
1678 523 1733 573 2³7

172 588 378 630 clarorum
408 588 595 629 virorum
625 588 751 630 certis
779 588 904 642 lignis
936 591 1189 643 crementur.

1252 587 1412 630 Struem
1451 587 1547 642 rogi
1586 599 1665 631 neo

139 662 354 704 svestibus
386 675 463 704 nec
494 663 693 704 odoribus
719 663 948 704 cumulant:
980 674 1054 704 sua
1076 662 1224 716 cuique
1248 675 1376 715 arma,
1408 647 1666 717 quorundam

169 737 256 792 igni
276 741 316 779 et
335 749 464 791 equus
497 737 686 782 adicitur.

746 738 985 792 Sepulcrum
1018 749 1191 791 caespes
1221 737 1360 792 erigit.

1419 737 1669 780 Monumen-

168 817 302 855 torum
334 813 505 854 arduum
538 817 578 854 et
624 825 845 866 operosum
885 813 1111 864 honorem,
1160 816 1202 853 ut
1237 824 1408 867 gravem
1440 811 1664 864 defunctis,

169 892 455 942 aspernantur.

514 888 710 929 Lamenta
738 899 788 928 ac
818 886 1011 928 lacrimas
1043 886 1140 938 cito,
1174 885 1362 928 dolorem
1390 889 1431 927 et
1460 886 1666 933 tristitiam

168 962 285 1004 tarde
310 966 479 1016 ponunt.
533 961 711 1003 Feminis
743 961 888 1016 lugere
918 961 1135 1002 honestum
1168 965 1255 1013 est,·
1276 961 1378 1002 viris
1411 961 1663 1003 meminisse.

120 1044 158 1072 ΙΟ

304 1037 416 1079 Haec
448 1037 488 1077 in
521 1048 740 1078 commune
772 1036 823 1078 de
856 1036 1037 1077 omnium
1070 1036 1368 1077 Germanorum
1409 1035 1574 1091 origine
1616 1048 1666 1077 ac

169 1112 352 1157 moribus
385 1111 634 1170 accepimus.
675 1111 791 1154 Nunc
821 1111 1077 1169 singularum
1107 1111 1291 1167 gentium
1323 1110 1503 1152 instituta
1538 1110 1667 1152 ritus-

254 1274 257 1278 ·
308 1259 338 1291 1.
366 1262 456 1291 estas
482 1256 517 1289 P.

169 1311 340 1340 servatur.
425 1305 458 1340 6.
489 1304 620 1340 adiicit
644 1303 679 1338 P.

243 1446 400 1479 autumni
427 1465 472 1471 --
498 1445 735 1489 ignorantur.-
771 1443 884 1477 Caro-

168 1493 224 1527 lus
270 1493 417 1539 Magnus
457 1493 694 1526 Novembrem
746 1493 884 1526 Herbist

102 1570 106 1575 .
169 1542 312 1576 manoth
339 1542 548 1583 nominavit,
574 1546 611 1574 ut
641 1540 884 1586 narratEgin-

172 1590 300 1624 hardus
327 1591 363 1623 in
391 1591 465 1624 vita
492 1591 568 1624 eius
597 1590 695 1624 c.29.
738 1589 776 1622 ln
803 1589 884 1622 aliis

171 1639 317 1685 linguae
342 1638 562 1673 T11eodiscae
590 1638 755 1672 dialectis
775 1637 885 1670 haer-

170 1689 248 1732 fest,
276 1688 428 1729 harvest,
456 1687 600 1733 hei-pist,
628 1687 761 1731 harfst,
790 1696 885 1719 nunc

170 1736 309 1770 Herbst.
366 1735 501 1770 Nomen
531 1737 715 1781 antiquum
742 1734 885 1768 videtur

170 1795 271 1827 esse,
311 1783 374 1818 sed
415 1783 524 1818 Taciti
564 1783 784 1828 temporibus
818 1794 885 1826 pa-

170 1843 246 1866 rum
272 1837 479 1877 usurpatum
507 1833 551 1866 ob
576 1833 761 1877 penuriam
789 1832 884 1875 pomi

170 1886 205 1915 et
232 1882 320 1916 vini.

241 1976 326 2022 Cap.
355 1979 412 2012 27.
464 1979 628 2022 funerum
665 1976 766 2010 nulla
807 1987 884 2008 am-

170 2025 273 2059 bitio:
299 2025 391 2059 alius
422 2025 515 2069 apud
536 2026 657 2060 Gallos
682 2035 771 2058 mos.
791 2024 885 2058 Gaea

170 2083 227 2108 sar
253 2073 293 2107 Β.
322 2073 360 2107 G.
393 2074 438 2106 Vl
468 2074 538 2108 19:
566 2077 697 2118 funera
721 2078 799 2106 sunt
820 2083 884 2118 pro

174 2122 268 2156 cultu
296 2121 477 2156 Gallorum
509 2123 697 2167 maqnifica
729 2127 761 2154 et
787 2131 883 2154 sum-

167 2177 313 2217 ptuosa,
351 2172 534 2214 omniaque
560 2181 648 2215 quae
673 2170 759 2202 vivis
786 2168 884 2202 cordi

170 2220 277 2265 fuisse
306 2218 550 2262 arbitrantur,
580 2219 619 2252 in
645 2219 761 2263 iqnem
786 2218 883 2262 infe-

169 2273 263 2310 runt,
290 2268 395 2302 etiam
421 2267 605 2301 animalia.

248 2338 446 2384 sepulcrum
487 2350 629 2383 caespes
668 2338 770 2382 eriqit
811 2335 892 2381 (ein¹

174 2387 295 2421 Rasen
321 2386 437 2420 macht
471 2387 534 2420 das
563 2386 657 2421 Grab
685 2386 884 2419 her-vorste—

171 2435 279 2481 hen).·
319 2435 353 2468 h.
384 2447 414 2468 e.
452 2435 578 2469 tumuli
616 2434 697 2468 loco
737 2443 885 2477 caespes

172 2488 237 2517 est.
290 2483 343 2517 De
370 2483 541 2528 loquendi
581 2493 715 2529 genere
752 2482 884 2516 dictum

175 2531 219 2565 ad
244 2531 286 2565 H.
320 2531 348 2564 V
376 2531 410 2566 6.

234 2602 394 2636 instituta
413 2602 585 2646 ritusque:
616 2601 779 2634 instituta
804 2605 886 2634 sunt

172 2649 306 2693 civilia,
332 2651 421 2684 ritus
452 2650 681 2696 religionum.
796 2660 885 2692 quae

171 2699 358 2733 nationes:
388 2700 564 2744 ingratum
593 2703 647 2732 est
674 2696 885 2733 ἀσύνδετον

173 2749 208 2780 in
260 2748 312 2781 rei
365 2757 482 2782 novae
531 2747 883 2781 commemoratione.

172 2795 338 2830 Fortasse
365 2795 432 2830 fuit
467 2807 620 2841 quaeque
656 2790 814 2839 et'quae
841 2805 885 2828 ex

176 2855 307 2889 quaeq3
339 2845 517 2888 provenit.

245 2939 330 2985 Cap.
359 2941 418 2976 28.
467 2940 656 2974 validiores
683 2938 765 2973 olim
792 2939 881 2974 Gat-

175 2987 286 3023 lorum
310 3000 365 3025 res
394 2990 501 3035 fuisse
528 3009 573 3016 --
602 2987 730 3024 tradit.-
771 2986 812 3023 Β.
842 2986 882 3022 G.

595 1256 752 1290 autumni
777 1254 814 1298 P,
841 1265 913 1288 non
940 1260 1032 1288 auct.

769 1315 884 1349 cespes
911 1303 946 1337 P.

1132 1255 1167 1289 3.
1196 1252 1359 1288 observdt
1384 1252 1432 1287 P:
1460 1252 1572 1287 ceteri
1603 1251 1666 1287 ob—

956 1442 999 1476 v1
1025 1444 1093 1478 24:
1121 1453 1164 1475 ac
1190 1442 1258 1487 fuit
1286 1446 1394 1475 antea
1420 1446 1561 1487 tempus,
1591 1452 1668 1475 cum

957 1491 1149 1526 Germanos
1175 1489 1270 1524 Galli
1294 1490 1420 1524 virtute
1445 1495 1666 1534 superarent,

953 1540 1045 1573 ultro
1073 1539 1165 1572 bella
1195 1539 1391 1583 inferrent,
1431 1537 1668 1583 propterko-

954 1589 1084 1622 minum
1121 1586 1373 1620 multitudinem
1407 1586 1554 1632 agrique
1585 1587 1667 1620 ino-

952 1638 1049 1682 piam
1075 1643 1174 1670 trans
1200 1635 1360 1669 Rhenum
1395 1634 1552 1669 colonias
1586 1635 1668 1668 mit-

955 1691 1079 1720 terent.
1115 1683 1305 1719 Sallustius
1334 1683 1410 1730 lug.
1442 1682 1520 1718 114.

1015 1767 1164 1790 summus
1191 1760 1336 1788 auctor.-
1364 1763 1520 1787 summus
1545 1757 1670 1787 auctor

957 1810 1010 1839 est
1036 1805 1249 1848 praecipuus
1281 1807 1316 1837 et
1336 1803 1438 1836 cuius
1453 1812 1588 1836 summa
1616 1806 1670 1835 est

955 1854 1149 1887 auctoritas
1175 1853 1210 1885 in
1237 1851 1344 1885 rebus
1370 1849 1550 1885 tradendis
1591 1850 1671 1897 (der

954 1900 1207 1946 vorzazqtichste'
1243 1899 1546 1944 Gewdhrsmaun).
1610 1898 1670 1933 Sic

956 1950 997 1984 H.
1024 1949 1071 1983 111
1099 1949 1171 1984 28:
1224 1960 1272 1982 an
1310 1948 1427 1993 potior
1464 1953 1589 1981 auctor
1626 1947 1682 1981 sit

916 2019 926 2031 .
957 1999 1065 2032 Gaius
1096 1997 1241 2030 Plinius.
1273 1996 1321 2030 111
1347 1997 1415 2031 30:
1446 1995 1554 2030 Gaius
1581 1994 1668 2029 Sat-

955 2047 1098 2087 lustius,
1126 2057 1243 2078 rerum
1268 2045 1510 2078 Romanarum
1535 2045 1669 2089 floren-

955 2095 1104 2128 tissimus
1124 2099 1271 2136 auctor3
1302 2092 1330 2126 V
1346 2092 1391 2127 9:
1419 2092 1562 2126 tradunt
1582 2097 1670 2125 tem-

952 2143 1050 2188 poris
1077 2142 1149 2175 eius
1176 2148 1361 2182 auctores3
1388 2139 1556 2175 XIV-64:
1589 2141 1668 2185 qui-

956 2201 1098 2234 cumque
1140 2201 1241 2223 casus
1297 2195 1488 2234 temporum
1529 2187 1671 2222 illorum

954 2239 1053 2272 nobis
1078 2238 1133 2272 vel
1161 2237 1242 2272 aliis
1275 2237 1475 2271 auctoribus
1513 2243 1669 2271 noscent.

955 2288 997 2321 A.
1027 2287 1093 2322 10:
1120 2287 1239 2320 Livius
1254 2291 1418 2329 veterum,
1449 2284 1575 2319 Fabius
1592 2285 1670 2319 Ru..

954 2337 1060 2369 sticus
1089 2335 1281 2369 recentium
1305 2334 1575 2378 eloquentissimi
1600 2344 1669 2367 au-

956 2390 1081 2418 ctores.
1107 2383 1182 2417 lloc
1206 2382 1482 2428 praeferendum
1500 2382 1670 2429 vulgatae

955 2444 1104 2466 summus
1134 2438 1328 2465 auctorum.

1028 2504 1122 2537 inter
1142 2503 1355 2547 Hercyniam
1373 2501 1497 2536 silvam
1517 2523 1558 2529 -
1581 2500 1670 2535 Het-

954 2552 1054 2585 vetii:
1095 2560 1225 2584 nomen
1263 2549 1357 2595 quod
1394 2549 1502 2584 hodie
1527 2549 1667 2583 obtinet

956 2600 1098 2644 (Harz),
1127 2599 1312 2644 antiquum
1338 2598 1460 2641 refert,
1488 2597 1552 2632 sed
1574 2597 1668 2631 Her-

956 2649 1084 2691 cyniae
1126 2648 1270 2681 nomine
1321 2646 1421 2680 multi
1460 2645 1573 2680 saltus
1607 2656 1671 2690 per

955 2696 1108 2730 medium
1148 2700 1183 2730 et
1221 2694 1492 2730 meridionalem
1522 2693 1694 2728 Germa-.

955 2746 1036 2778 niae
1064 2750 1212 2778 tractum
1248 2755 1267 2778 a
1294 2744 1462 2777 Romanis
1503 2753 1670 2787 compre-

956 2793 1214 2828 hendebantur.
1247 2791 1378 2825 Caesar
1403 2791 1443 2825 B.
1465 2791 1505 2826 G.
1536 2791 1582 2824 vl
1602 2792 1669 2826 25:

956 2843 1069 2875 oritur
1098 2842 1141 2875 ab
1172 2840 1404 2874 tletvetforum
1432 2846 1463 2874 et
1493 2840 1671 2874 Nemetum

955 2895 986 2923 et
1022 2891 1270 2924 Rauracorum
1310 2888 1457 2932 finibus,
1503 2894 1669 2932 rectaque

952 2939 1102 2983 [luininis
1142 2937 1298 2972 Danubii
1325 2936 1479 2982 ¹regione
1513 2937 1668 2982 pertinet

954 2987 1000 3020 ad
1031 2987 1119 3030 fines
1155 2986 1335 3021 Dacorum
1378 2990 1409 3019 et
1450 2984 1666 3026 Anartium,-
