<?xml version="1.0" encoding="UTF-8"?>
<!DOCTYPE html PUBLIC "-//W3C//DTD XHTML 1.0 Transitional//EN"
    "http://www.w3.org/TR/xhtml1/DTD/xhtml1-transitional.dtd">
<html xmlns="http://www.w3.org/1999/xhtml" xml:lang="en" lang="en">
 <head>
  <title>
</title>
<meta http-equiv="Content-Type" content="text/html;charset=utf-8" />
  <meta name='ocr-system' content='tesseract 3.04.00' />
  <meta name='ocr-capabilities' content='ocr_page ocr_carea ocr_par ocr_line ocrx_word'/>
</head>
<body>
  <div class='ocr_page' id='page_1' title='image "./operaadcodicesan03taciuoft/operaadcodicesan03taciuoft_0325.png"; bbox 0 0 1768 3216; ppageno 0'>
   <div class='ocr_carea' id='block_1_1' title="bbox 1589 218 1666 254">
    <p class='ocr_par' dir='ltr' id='par_1_1' title="bbox 1589 218 1666 254">
     <span class='ocr_line' id='line_1_1' title="bbox 1589 218 1666 254; baseline 0 0"><span class='ocrx_word' id='word_1_1' title='bbox 1589 218 1666 254; x_wconf 73' lang='lat'>815</span> 
     </span>
    </p>
   </div>
   <div class='ocr_carea' id='block_1_2' title="bbox 158 220 1149 258">
    <p class='ocr_par' dir='ltr' id='par_1_2' title="bbox 158 220 1149 258">
     <span class='ocr_line' id='line_1_2' title="bbox 158 220 1149 258; baseline -0.001 -1"><span class='ocrx_word' id='word_1_2' title='bbox 158 231 182 257; x_wconf 75' lang='grc' dir='ltr'>ι</span> <span class='ocrx_word' id='word_1_3' title='bbox 202 220 247 257; x_wconf 76' lang='grc' dir='ltr'>ῦ.</span> <span class='ocrx_word' id='word_1_4' title='bbox 272 220 332 258; x_wconf 70' lang='lat'>60.</span> <span class='ocrx_word' id='word_1_5' title='bbox 600 222 736 258; x_wconf 82' lang='lat' dir='ltr'>LIBER</span> <span class='ocrx_word' id='word_1_6' title='bbox 760 221 824 258; x_wconf 82' lang='lat' dir='ltr'>lv.</span> <span class='ocrx_word' id='word_1_7' title='bbox 874 221 965 258; x_wconf 70' lang='lat' dir='ltr'>Cn.</span> <span class='ocrx_word' id='word_1_8' title='bbox 991 222 1149 258; x_wconf 55' lang='lat' dir='ltr'>:iz-34.</span> 
     </span>
    </p>
   </div>
   <div class='ocr_carea' id='block_1_3' title="bbox 84 335 1768 1957">
    <p class='ocr_par' dir='ltr' id='par_1_3' title="bbox 137 335 1695 766">
     <span class='ocr_line' id='line_1_3' title="bbox 157 335 1658 394; baseline -0.004 -11"><span class='ocrx_word' id='word_1_9' title='bbox 157 349 331 394; x_wconf 81' lang='lat' dir='ltr'>remque</span> <span class='ocrx_word' id='word_1_10' title='bbox 359 350 481 393; x_wconf 86' lang='lat' dir='ltr'>quam</span> <span class='ocrx_word' id='word_1_11' title='bbox 512 351 588 394; x_wconf 91' lang='lat' dir='ltr'>pro</span> <span class='ocrx_word' id='word_1_12' title='bbox 617 350 791 382; x_wconf 86' lang='lat' dir='ltr'>numero</span> <span class='ocrx_word' id='word_1_13' title='bbox 819 344 1026 382; x_wconf 83' lang='lat' dir='ltr'>terrorem</span> <span class='ocrx_word' id='word_1_14' title='bbox 1058 339 1240 391; x_wconf 87' lang='lat' dir='ltr'>faciunt,</span> <span class='ocrx_word' id='word_1_15' title='bbox 1270 336 1363 380; x_wconf 86' lang='lat' dir='ltr'>aliis</span> <span class='ocrx_word' id='word_1_16' title='bbox 1394 349 1418 380; x_wconf 86' lang='lat' dir='ltr'>a</span> <span class='ocrx_word' id='word_1_17' title='bbox 1447 335 1658 379; x_wconf 79' lang='lat' dir='ltr'>Novaesio</span> 
     </span>
     <span class='ocr_line' id='line_1_4' title="bbox 160 410 1658 469; baseline -0.003 -13"><span class='ocrx_word' id='word_1_18' title='bbox 160 413 253 457; x_wconf 88' lang='lat' dir='ltr'>aliis</span> <span class='ocrx_word' id='word_1_19' title='bbox 283 426 308 456; x_wconf 76' lang='lat' dir='ltr'>a</span> <span class='ocrx_word' id='word_1_20' title='bbox 350 414 621 469; x_wconf 81' lang='lat' dir='ltr'>Mogontiaco</span> <span class='ocrx_word' id='word_1_21' title='bbox 661 415 881 456; x_wconf 83' lang='lat' dir='ltr'>universas</span> <span class='ocrx_word' id='word_1_22' title='bbox 920 414 1063 468; x_wconf 87' lang='lat' dir='ltr'>copias</span> <span class='ocrx_word' id='word_1_23' title='bbox 1110 411 1334 455; x_wconf 88' lang='lat' dir='ltr'>advenisse</span> <span class='ocrx_word' id='word_1_24' title='bbox 1373 410 1658 453; x_wconf 85' lang='lat' dir='ltr'>credentibus.</span> 
     </span>
     <span class='ocr_line' id='line_1_5' title="bbox 161 474 1659 541; baseline -0.002 -12"><span class='ocrx_word' id='word_1_25' title='bbox 161 487 202 530; x_wconf 88' lang='lat' dir='ltr'>ls</span> <span class='ocrx_word' id='word_1_26' title='bbox 230 500 353 530; x_wconf 88' lang='lat' dir='ltr'>error</span> <span class='ocrx_word' id='word_1_27' title='bbox 381 488 497 530; x_wconf 81' lang='lat' dir='ltr'>addit</span> <span class='ocrx_word' id='word_1_28' title='bbox 526 489 703 541; x_wconf 85' lang='lat' dir='ltr'>animos,</span> <span class='ocrx_word' id='word_1_29' title='bbox 737 492 779 529; x_wconf 88' lang='lat' dir='ltr'>et</span> <span class='ocrx_word' id='word_1_30' title='bbox 807 488 902 529; x_wconf 90' lang='lat' dir='ltr'>dum</span> <span class='ocrx_word' id='word_1_31' title='bbox 931 488 1078 530; x_wconf 90' lang='lat' dir='ltr'>alienis</span> <span class='ocrx_word' id='word_1_32' title='bbox 1106 474 1265 528; x_wconf 83' lang='lat' dir='ltr'>viribus</span> <span class='ocrx_word' id='word_1_33' title='bbox 1298 485 1530 537; x_wconf 80' lang='lat' dir='ltr'>confidunt,</span> <span class='ocrx_word' id='word_1_34' title='bbox 1562 495 1659 527; x_wconf 88' lang='lat' dir='ltr'>suas</span> 
     </span>
     <span class='ocr_line' id='line_1_6' title="bbox 163 559 1662 618; baseline -0.003 -13"><span class='ocrx_word' id='word_1_35' title='bbox 163 564 381 618; x_wconf 78' lang='lat' dir='ltr'>recepere.</span> <span class='ocrx_word' id='word_1_36' title='bbox 441 563 707 605; x_wconf 84' lang='lat' dir='ltr'>Fortissimus</span> <span class='ocrx_word' id='word_1_37' title='bbox 739 563 914 617; x_wconf 89' lang='lat' dir='ltr'>quisque</span> <span class='ocrx_word' id='word_1_38' title='bbox 942 574 967 604; x_wconf 91' lang='lat' dir='ltr'>e</span> <span class='ocrx_word' id='word_1_39' title='bbox 996 562 1189 614; x_wconf 83' lang='lat' dir='ltr'>Batavis,</span> <span class='ocrx_word' id='word_1_40' title='bbox 1241 565 1436 615; x_wconf 89' lang='lat' dir='ltr'>quantum</span> <span class='ocrx_word' id='word_1_41' title='bbox 1476 559 1662 614; x_wconf 91' lang='lat' dir='ltr'>peditum</span> 
     </span>
     <span class='ocr_line' id='line_1_7' title="bbox 160 628 1695 693; baseline -0.003 -14"><span class='ocrx_word' id='word_1_42' title='bbox 160 639 275 689; x_wconf 82' lang='lat' dir='ltr'>erat,</span> <span class='ocrx_word' id='word_1_43' title='bbox 316 628 569 678; x_wconf 84' lang='lat' dir='ltr'>funduntur:</span> <span class='ocrx_word' id='word_1_44' title='bbox 617 649 746 691; x_wconf 84' lang='lat' dir='ltr'>eques</span> <span class='ocrx_word' id='word_1_45' title='bbox 773 637 912 693; x_wconf 70' lang='lat' dir='ltr'>evasit</span> <span class='ocrx_word' id='word_1_46' title='bbox 943 647 1035 677; x_wconf 90' lang='lat' dir='ltr'>cum</span> <span class='ocrx_word' id='word_1_47' title='bbox 1065 637 1201 691; x_wconf 84' lang='lat' dir='ltr'>signis</span> <span class='ocrx_word' id='word_1_48' title='bbox 1242 635 1525 689; x_wconf 90' lang='lat' dir='ltr'>captivisque,</span> <span class='ocrx_word' id='word_1_49' title='bbox 1558 641 1695 688; x_wconf 78' lang='lat' dir='ltr'>quoss</span> 
     </span>
     <span class='ocr_line' id='line_1_8' title="bbox 137 708 1664 766; baseline -0.003 -11"><span class='ocrx_word' id='word_1_50' title='bbox 137 711 291 765; x_wconf 77' lang='lat' dir='ltr'>prima</span> <span class='ocrx_word' id='word_1_51' title='bbox 324 712 418 753; x_wconf 85' lang='lat' dir='ltr'>acie</span> <span class='ocrx_word' id='word_1_52' title='bbox 445 712 747 766; x_wconf 88' lang='lat' dir='ltr'>corripuerant.</span> <span class='ocrx_word' id='word_1_53' title='bbox 795 712 1025 753; x_wconf 88' lang='lat' dir='ltr'>Gaesorum</span> <span class='ocrx_word' id='word_1_54' title='bbox 1059 722 1110 752; x_wconf 88' lang='lat' dir='ltr'>eo</span> <span class='ocrx_word' id='word_1_55' title='bbox 1141 711 1210 751; x_wconf 92' lang='lat' dir='ltr'>die</span> <span class='ocrx_word' id='word_1_56' title='bbox 1237 710 1278 751; x_wconf 93' lang='lat' dir='ltr'>in</span> <span class='ocrx_word' id='word_1_57' title='bbox 1301 710 1487 764; x_wconf 83' lang='lat' dir='ltr'>partibus</span> <span class='ocrx_word' id='word_1_58' title='bbox 1508 708 1664 750; x_wconf 89' lang='lat' dir='ltr'>nostris</span> 
     </span>
    </p>

    <p class='ocr_par' dir='ltr' id='par_1_4' title="bbox 89 783 1719 1510">
     <span class='ocr_line' id='line_1_9' title="bbox 89 783 1665 838; baseline 0.001 -15"><span class='ocrx_word' id='word_1_59' title='bbox 89 783 296 827; x_wconf 75' lang='lat' dir='ltr'>34maior</span> <span class='ocrx_word' id='word_1_60' title='bbox 322 796 521 827; x_wconf 85' lang='lat' dir='ltr'>numerus</span> <span class='ocrx_word' id='word_1_61' title='bbox 553 791 594 827; x_wconf 89' lang='lat' dir='ltr'>et</span> <span class='ocrx_word' id='word_1_62' title='bbox 621 785 854 838; x_wconf 89' lang='lat' dir='ltr'>imbellior,</span> <span class='ocrx_word' id='word_1_63' title='bbox 897 799 921 827; x_wconf 90' lang='lat' dir='ltr'>e</span> <span class='ocrx_word' id='word_1_64' title='bbox 956 784 1176 826; x_wconf 86' lang='lat' dir='ltr'>Germanis</span> <span class='ocrx_word' id='word_1_65' title='bbox 1206 785 1295 838; x_wconf 87' lang='lat' dir='ltr'>ipsa</span> <span class='ocrx_word' id='word_1_66' title='bbox 1340 784 1511 825; x_wconf 88' lang='lat' dir='ltr'>robora.</span> <span class='ocrx_word' id='word_1_67' title='bbox 1571 783 1665 824; x_wconf 81' lang='lat' dir='ltr'>Dux</span> 
     </span>
     <span class='ocr_line' id='line_1_10' title="bbox 161 856 1663 914; baseline -0.002 -13"><span class='ocrx_word' id='word_1_68' title='bbox 161 858 335 914; x_wconf 76' lang='lat' dir='ltr'>uterque</span> <span class='ocrx_word' id='word_1_69' title='bbox 362 860 455 913; x_wconf 89' lang='lat' dir='ltr'>pari</span> <span class='ocrx_word' id='word_1_70' title='bbox 481 859 600 914; x_wconf 90' lang='lat' dir='ltr'>culpa</span> <span class='ocrx_word' id='word_1_71' title='bbox 631 861 802 901; x_wconf 84' lang='lat' dir='ltr'>meritus</span> <span class='ocrx_word' id='word_1_72' title='bbox 833 859 1034 911; x_wconf 85' lang='lat' dir='ltr'>adversa,</span> <span class='ocrx_word' id='word_1_73' title='bbox 1066 859 1280 913; x_wconf 86' lang='lat' dir='ltr'>prosperis</span> <span class='ocrx_word' id='word_1_74' title='bbox 1312 857 1499 899; x_wconf 83' lang='lat' dir='ltr'>defuere.</span> <span class='ocrx_word' id='word_1_75' title='bbox 1559 856 1663 899; x_wconf 88' lang='lat' dir='ltr'>Nam</span> 
     </span>
     <span class='ocr_line' id='line_1_11' title="bbox 160 931 1662 995; baseline -0.003 -20"><span class='ocrx_word' id='word_1_76' title='bbox 160 931 303 975; x_wconf 68' lang='lat' dir='ltr'>civilis</span> <span class='ocrx_word' id='word_1_77' title='bbox 333 933 372 974; x_wconf 91' lang='lat' dir='ltr'>si</span> <span class='ocrx_word' id='word_1_78' title='bbox 401 933 629 975; x_wconf 88' lang='lat' dir='ltr'>maioribus</span> <span class='ocrx_word' id='word_1_79' title='bbox 661 934 793 995; x_wconf 80' lang='lat' dir='ltr'>copiis</span> <span class='ocrx_word' id='word_1_80' title='bbox 824 932 1090 975; x_wconf 77' lang='lat' dir='ltr'>instruxisset</span> <span class='ocrx_word' id='word_1_81' title='bbox 1120 933 1270 984; x_wconf 82' lang='lat' dir='ltr'>aciem,</span> <span class='ocrx_word' id='word_1_82' title='bbox 1301 931 1513 973; x_wconf 79' lang='lat' dir='ltr'>circumiri</span> <span class='ocrx_word' id='word_1_83' title='bbox 1533 943 1556 972; x_wconf 86' lang='lat' dir='ltr'>a</span> <span class='ocrx_word' id='word_1_84' title='bbox 1580 934 1662 972; x_wconf 89' lang='lat' dir='ltr'>tam</span> 
     </span>
     <span class='ocr_line' id='line_1_12' title="bbox 157 1003 1716 1063; baseline -0.003 -13"><span class='ocrx_word' id='word_1_85' title='bbox 157 1007 304 1063; x_wconf 77' lang='lat' dir='ltr'>paucis</span> <span class='ocrx_word' id='word_1_86' title='bbox 344 1007 588 1049; x_wconf 76' lang='lat' dir='ltr'>cohortibus</span> <span class='ocrx_word' id='word_1_87' title='bbox 627 1008 872 1062; x_wconf 83' lang='lat' dir='ltr'>nequisset,</span> <span class='ocrx_word' id='word_1_88' title='bbox 921 1011 1142 1061; x_wconf 82' lang='lat' dir='ltr'>castraque</span> <span class='ocrx_word' id='word_1_89' title='bbox 1171 1010 1365 1061; x_wconf 87' lang='lat' dir='ltr'>perrupta</span> <span class='ocrx_word' id='word_1_90' title='bbox 1385 1003 1716 1048; x_wconf 61' lang='lat' dir='ltr'>&#39;exscidissetAo</span> 
     </span>
     <span class='ocr_line' id='line_1_13' title="bbox 157 1080 1663 1137; baseline -0.001 -13"><span class='ocrx_word' id='word_1_91' title='bbox 157 1081 316 1124; x_wconf 79' lang='lat' dir='ltr'>Vocula</span> <span class='ocrx_word' id='word_1_92' title='bbox 345 1094 426 1123; x_wconf 88' lang='lat' dir='ltr'>nec</span> <span class='ocrx_word' id='word_1_93' title='bbox 457 1082 678 1124; x_wconf 87' lang='lat' dir='ltr'>adventum</span> <span class='ocrx_word' id='word_1_94' title='bbox 709 1083 890 1125; x_wconf 90' lang='lat' dir='ltr'>hostium</span> <span class='ocrx_word' id='word_1_95' title='bbox 921 1082 1169 1137; x_wconf 80' lang='lat' dir='ltr'>exploravit,</span> <span class='ocrx_word' id='word_1_96' title='bbox 1202 1093 1336 1136; x_wconf 91' lang='lat' dir='ltr'>eoque</span> <span class='ocrx_word' id='word_1_97' title='bbox 1366 1080 1488 1123; x_wconf 90' lang='lat' dir='ltr'>simul</span> <span class='ocrx_word' id='word_1_98' title='bbox 1509 1092 1663 1135; x_wconf 84' lang='lat' dir='ltr'>egres-</span> 
     </span>
     <span class='ocr_line' id='line_1_14' title="bbox 158 1155 1661 1211; baseline -0.002 -12"><span class='ocrx_word' id='word_1_99' title='bbox 158 1166 231 1199; x_wconf 80' lang='lat' dir='ltr'>sus</span> <span class='ocrx_word' id='word_1_100' title='bbox 259 1156 503 1210; x_wconf 79' lang='lat' dir='ltr'>victusque3</span> <span class='ocrx_word' id='word_1_101' title='bbox 548 1157 646 1198; x_wconf 92' lang='lat' dir='ltr'>dein</span> <span class='ocrx_word' id='word_1_102' title='bbox 676 1157 882 1199; x_wconf 82' lang='lat' dir='ltr'>victoriae</span> <span class='ocrx_word' id='word_1_103' title='bbox 911 1169 1056 1211; x_wconf 82' lang='lat' dir='ltr'>pamm</span> <span class='ocrx_word' id='word_1_104' title='bbox 1103 1156 1315 1209; x_wconf 82' lang='lat' dir='ltr'>conlisus,</span> <span class='ocrx_word' id='word_1_105' title='bbox 1358 1155 1465 1197; x_wconf 87' lang='lat' dir='ltr'>tritis</span> <span class='ocrx_word' id='word_1_106' title='bbox 1506 1155 1661 1197; x_wconf 87' lang='lat' dir='ltr'>frustra</span> 
     </span>
     <span class='ocr_line' id='line_1_15' title="bbox 161 1228 1661 1286; baseline -0.001 -14"><span class='ocrx_word' id='word_1_107' title='bbox 161 1228 309 1273; x_wconf 85' lang='lat' dir='ltr'>diebus</span> <span class='ocrx_word' id='word_1_108' title='bbox 352 1235 490 1273; x_wconf 87' lang='lat' dir='ltr'>castra</span> <span class='ocrx_word' id='word_1_109' title='bbox 539 1231 582 1272; x_wconf 89' lang='lat' dir='ltr'>in</span> <span class='ocrx_word' id='word_1_110' title='bbox 629 1231 792 1274; x_wconf 88' lang='lat' dir='ltr'>hostem</span> <span class='ocrx_word' id='word_1_111' title='bbox 832 1232 976 1284; x_wconf 85' lang='lat' dir='ltr'>movit,</span> <span class='ocrx_word' id='word_1_112' title='bbox 1018 1243 1139 1286; x_wconf 91' lang='lat' dir='ltr'>quem</span> <span class='ocrx_word' id='word_1_113' title='bbox 1186 1231 1222 1272; x_wconf 92' lang='lat' dir='ltr'>si</span> <span class='ocrx_word' id='word_1_114' title='bbox 1265 1231 1402 1273; x_wconf 88' lang='lat' dir='ltr'>statim</span> <span class='ocrx_word' id='word_1_115' title='bbox 1447 1229 1661 1284; x_wconf 81' lang='lat' dir='ltr'>impellere</span> 
     </span>
     <span class='ocr_line' id='line_1_16' title="bbox 161 1303 1664 1360; baseline -0.001 -14"><span class='ocrx_word' id='word_1_116' title='bbox 161 1314 412 1360; x_wconf 75' lang='lat' dir='ltr'>cursumque</span> <span class='ocrx_word' id='word_1_117' title='bbox 440 1317 582 1347; x_wconf 89' lang='lat' dir='ltr'>rerum</span> <span class='ocrx_word' id='word_1_118' title='bbox 614 1307 734 1360; x_wconf 86' lang='lat' dir='ltr'>sequi</span> <span class='ocrx_word' id='word_1_119' title='bbox 765 1310 1037 1359; x_wconf 83' lang='lat' dir='ltr'>maturasset,</span> <span class='ocrx_word' id='word_1_120' title='bbox 1080 1305 1250 1348; x_wconf 90' lang='lat' dir='ltr'>solvere</span> <span class='ocrx_word' id='word_1_121' title='bbox 1283 1305 1491 1347; x_wconf 91' lang='lat' dir='ltr'>obsidium</span> <span class='ocrx_word' id='word_1_122' title='bbox 1522 1303 1664 1359; x_wconf 85' lang='lat' dir='ltr'>legio-</span> 
     </span>
     <span class='ocr_line' id='line_1_17' title="bbox 160 1379 1719 1435; baseline -0.001 -15"><span class='ocrx_word' id='word_1_123' title='bbox 160 1388 257 1421; x_wconf 75' lang='lat' dir='ltr'>num</span> <span class='ocrx_word' id='word_1_124' title='bbox 288 1379 438 1422; x_wconf 88' lang='lat' dir='ltr'>eodem</span> <span class='ocrx_word' id='word_1_125' title='bbox 469 1380 623 1434; x_wconf 89' lang='lat' dir='ltr'>impetu</span> <span class='ocrx_word' id='word_1_126' title='bbox 651 1381 797 1435; x_wconf 89' lang='lat' dir='ltr'>potuit.</span> <span class='ocrx_word' id='word_1_127' title='bbox 858 1381 1148 1435; x_wconf 79' lang='lat' dir='ltr'>Temptaverat</span> <span class='ocrx_word' id='word_1_128' title='bbox 1188 1381 1354 1422; x_wconf 86' lang='lat' dir='ltr'>interim</span> <span class='ocrx_word' id='word_1_129' title='bbox 1394 1379 1537 1421; x_wconf 90' lang='lat' dir='ltr'>Civilis</span> <span class='ocrx_word' id='word_1_130' title='bbox 1580 1379 1719 1420; x_wconf 77' lang='lat' dir='ltr'>ob-is</span> 
     </span>
     <span class='ocr_line' id='line_1_18' title="bbox 159 1454 1663 1510; baseline -0.001 -13"><span class='ocrx_word' id='word_1_131' title='bbox 159 1463 373 1497; x_wconf 68' lang='lat' dir='ltr'>sessorum</span> <span class='ocrx_word' id='word_1_132' title='bbox 405 1454 592 1507; x_wconf 88' lang='lat' dir='ltr'>animos,</span> <span class='ocrx_word' id='word_1_133' title='bbox 634 1459 841 1510; x_wconf 81' lang='lat' dir='ltr'>tamquam</span> <span class='ocrx_word' id='word_1_134' title='bbox 886 1456 1077 1510; x_wconf 88' lang='lat' dir='ltr'>perditae</span> <span class='ocrx_word' id='word_1_135' title='bbox 1117 1455 1224 1510; x_wconf 88' lang='lat' dir='ltr'>apud</span> <span class='ocrx_word' id='word_1_136' title='bbox 1268 1455 1479 1496; x_wconf 87' lang='lat' dir='ltr'>Romanos</span> <span class='ocrx_word' id='word_1_137' title='bbox 1520 1466 1590 1496; x_wconf 90' lang='lat' dir='ltr'>res</span> <span class='ocrx_word' id='word_1_138' title='bbox 1622 1458 1663 1496; x_wconf 81' lang='lat' dir='ltr'>et</span> 
     </span>
    </p>

    <p class='ocr_par' dir='ltr' id='par_1_5' title="bbox 102 1528 1660 1583">
     <span class='ocr_line' id='line_1_19' title="bbox 102 1528 1660 1583; baseline -0.001 -13"><span class='ocrx_word' id='word_1_139' title='bbox 102 1574 106 1575; x_wconf 16' lang='lat'><em>⁷</em></span> <span class='ocrx_word' id='word_1_140' title='bbox 163 1528 251 1570; x_wconf 81' lang='lat' dir='ltr'>suis</span> <span class='ocrx_word' id='word_1_141' title='bbox 276 1528 455 1570; x_wconf 82' lang='lat' dir='ltr'>victoria</span> <span class='ocrx_word' id='word_1_142' title='bbox 483 1530 758 1582; x_wconf 90' lang='lat' dir='ltr'>provenisset.</span> <span class='ocrx_word' id='word_1_143' title='bbox 806 1529 1216 1572; x_wconf 79' lang='lat' dir='ltr'>circumferebantur</span> <span class='ocrx_word' id='word_1_144' title='bbox 1246 1529 1367 1583; x_wconf 83' lang='lat' dir='ltr'>signa</span> <span class='ocrx_word' id='word_1_145' title='bbox 1399 1528 1660 1583; x_wconf 76' lang='lat' dir='ltr'>vexillaque3</span> 
     </span>
    </p>

    <p class='ocr_par' dir='ltr' id='par_1_6' title="bbox 102 1602 1768 1756">
     <span class='ocr_line' id='line_1_20' title="bbox 102 1602 1663 1672; baseline 0.001 -30"><span class='ocrx_word' id='word_1_146' title='bbox 102 1614 118 1672; x_wconf 34' lang='lat' dir='ltr'>l*</span> <span class='ocrx_word' id='word_1_147' title='bbox 166 1602 363 1643; x_wconf 84' lang='lat' dir='ltr'>ostentati</span> <span class='ocrx_word' id='word_1_148' title='bbox 395 1602 519 1644; x_wconf 85' lang='lat' dir='ltr'>etiam</span> <span class='ocrx_word' id='word_1_149' title='bbox 549 1603 718 1657; x_wconf 87' lang='lat' dir='ltr'>captivi.</span> <span class='ocrx_word' id='word_1_150' title='bbox 778 1604 842 1645; x_wconf 84' lang='lat' dir='ltr'>Ex</span> <span class='ocrx_word' id='word_1_151' title='bbox 877 1604 1026 1657; x_wconf 90' lang='lat' dir='ltr'>quibus</span> <span class='ocrx_word' id='word_1_152' title='bbox 1065 1615 1185 1656; x_wconf 89' lang='lat' dir='ltr'>unus,</span> <span class='ocrx_word' id='word_1_153' title='bbox 1237 1604 1454 1658; x_wconf 67' lang='lat' dir='ltr'>egregium</span> <span class='ocrx_word' id='word_1_154' title='bbox 1501 1602 1663 1644; x_wconf 86' lang='lat' dir='ltr'>facinus</span> 
     </span>
     <span class='ocr_line' id='line_1_21' title="bbox 162 1662 1768 1756; baseline 0.001 -39"><span class='ocrx_word' id='word_1_155' title='bbox 162 1685 305 1728; x_wconf 85' lang='lat' dir='ltr'>ausus,</span> <span class='ocrx_word' id='word_1_156' title='bbox 339 1676 452 1718; x_wconf 84' lang='lat' dir='ltr'>clara</span> <span class='ocrx_word' id='word_1_157' title='bbox 480 1688 588 1719; x_wconf 89' lang='lat' dir='ltr'>voce</span> <span class='ocrx_word' id='word_1_158' title='bbox 614 1683 735 1732; x_wconf 82' lang='lat' dir='ltr'>gesta</span> <span class='ocrx_word' id='word_1_159' title='bbox 766 1679 978 1741; x_wconf 77' lang='lat' dir='ltr'>patefecit,</span> <span class='ocrx_word' id='word_1_160' title='bbox 1000 1679 1224 1720; x_wconf 88' lang='lat' dir='ltr'>confossus</span> <span class='ocrx_word' id='word_1_161' title='bbox 1245 1678 1358 1719; x_wconf 92' lang='lat' dir='ltr'>illico</span> <span class='ocrx_word' id='word_1_162' title='bbox 1380 1691 1403 1719; x_wconf 88' lang='lat' dir='ltr'>a</span> <span class='ocrx_word' id='word_1_163' title='bbox 1423 1677 1641 1719; x_wconf 89' lang='lat' dir='ltr'>Germanis</span> <span class='ocrx_word' id='word_1_164' title='bbox 1651 1689 1663 1728; x_wconf 81' lang='lat'><em>3</em></span> <span class='ocrx_word' id='word_1_165' title='bbox 1701 1662 1768 1756; x_wconf 36' lang='grc' dir='ltr'>ἐξ</span> 
     </span>
    </p>

    <p class='ocr_par' dir='ltr' id='par_1_7' title="bbox 84 1673 1768 1957">
     <span class='ocr_line' id='line_1_22' title="bbox 84 1673 1766 1889; baseline 0.001 -97"><span class='ocrx_word' id='word_1_166' title='bbox 84 1673 125 1889; x_wconf 42' lang='grc' dir='ltr'><em>ἔ</em></span> <span class='ocrx_word' id='word_1_167' title='bbox 158 1751 270 1793; x_wconf 84' lang='lat' dir='ltr'>unde</span> <span class='ocrx_word' id='word_1_168' title='bbox 300 1751 435 1793; x_wconf 83' lang='lat' dir='ltr'>maior</span> <span class='ocrx_word' id='word_1_169' title='bbox 464 1751 594 1793; x_wconf 88' lang='lat' dir='ltr'>indici</span> <span class='ocrx_word' id='word_1_170' title='bbox 624 1752 741 1794; x_wconf 89' lang='lat' dir='ltr'>fides.</span> <span class='ocrx_word' id='word_1_171' title='bbox 804 1752 933 1795; x_wconf 92' lang='lat' dir='ltr'>Simul</span> <span class='ocrx_word' id='word_1_172' title='bbox 976 1754 1212 1795; x_wconf 83' lang='lat' dir='ltr'>vastatione</span> <span class='ocrx_word' id='word_1_173' title='bbox 1255 1753 1547 1806; x_wconf 89' lang='lat' dir='ltr'>incendiisque</span> <span class='ocrx_word' id='word_1_174' title='bbox 1584 1752 1766 1814; x_wconf 50' lang='lat' dir='ltr'>lla-ms,</span> 
     </span>
     <span class='ocr_line' id='line_1_23' title="bbox 161 1824 1765 1881; baseline 0.002 -15"><span class='ocrx_word' id='word_1_175' title='bbox 161 1825 370 1879; x_wconf 85' lang='lat' dir='ltr'>grantium</span> <span class='ocrx_word' id='word_1_176' title='bbox 400 1824 590 1867; x_wconf 76' lang='lat' dir='ltr'>villarum</span> <span class='ocrx_word' id='word_1_177' title='bbox 620 1827 767 1868; x_wconf 87' lang='lat' dir='ltr'>venire</span> <span class='ocrx_word' id='word_1_178' title='bbox 804 1827 1006 1869; x_wconf 89' lang='lat' dir='ltr'>victorem</span> <span class='ocrx_word' id='word_1_179' title='bbox 1051 1827 1278 1868; x_wconf 86' lang='lat' dir='ltr'>exercitum</span> <span class='ocrx_word' id='word_1_180' title='bbox 1327 1826 1765 1881; x_wconf 53' lang='lat' dir='ltr'>intellegebamuwn«</span> 
     </span>
     <span class='ocr_line' id='line_1_24' title="bbox 160 1899 1768 1957; baseline 0 -17"><span class='ocrx_word' id='word_1_181' title='bbox 160 1899 206 1940; x_wconf 84' lang='lat' dir='ltr'>In</span> <span class='ocrx_word' id='word_1_182' title='bbox 236 1904 465 1954; x_wconf 84' lang='lat' dir='ltr'>conspectu</span> <span class='ocrx_word' id='word_1_183' title='bbox 497 1904 731 1942; x_wconf 88' lang='lat' dir='ltr'>castrorum</span> <span class='ocrx_word' id='word_1_184' title='bbox 763 1902 959 1943; x_wconf 81' lang='lat' dir='ltr'>constitui</span> <span class='ocrx_word' id='word_1_185' title='bbox 990 1901 1135 1957; x_wconf 84' lang='lat' dir='ltr'>signa,</span> <span class='ocrx_word' id='word_1_186' title='bbox 1166 1901 1406 1956; x_wconf 85' lang='lat' dir='ltr'>fossamque</span> <span class='ocrx_word' id='word_1_187' title='bbox 1439 1905 1480 1943; x_wconf 88' lang='lat' dir='ltr'>et</span> <span class='ocrx_word' id='word_1_188' title='bbox 1508 1900 1768 1952; x_wconf 49' lang='lat' dir='ltr'>vallumsteu</span> 
     </span>
    </p>
   </div>
   <div class='ocr_carea' id='block_1_4' title="bbox 158 2052 1060 2231">
    <p class='ocr_par' dir='ltr' id='par_1_8' title="bbox 158 2052 1060 2231">
     <span class='ocr_line' id='line_1_25' title="bbox 298 2052 845 2089; baseline 0.005 -3"><span class='ocrx_word' id='word_1_189' title='bbox 298 2054 328 2086; x_wconf 82' lang='lat'>1.</span> <span class='ocrx_word' id='word_1_190' title='bbox 356 2053 524 2087; x_wconf 73' lang='lat' dir='ltr'>nouaesio</span> <span class='ocrx_word' id='word_1_191' title='bbox 550 2052 630 2087; x_wconf 64' lang='lat' dir='ltr'>Ma:</span> <span class='ocrx_word' id='word_1_192' title='bbox 656 2065 776 2089; x_wconf 72' lang='lat' dir='ltr'>nones.</span> <span class='ocrx_word' id='word_1_193' title='bbox 805 2055 845 2089; x_wconf 91' lang='lat' dir='ltr'>G.</span> 
     </span>
     <span class='ocr_line' id='line_1_26' title="bbox 160 2101 1034 2138; baseline 0.005 -4"><span class='ocrx_word' id='word_1_194' title='bbox 160 2111 264 2134; x_wconf 78' lang='lat' dir='ltr'>error</span> <span class='ocrx_word' id='word_1_195' title='bbox 300 2101 472 2136; x_wconf 75' lang='lat' dir='ltr'>Romanis</span> <span class='ocrx_word' id='word_1_196' title='bbox 508 2101 537 2136; x_wconf 88' lang='lat' dir='ltr'><strong>G</strong></span> <span class='ocrx_word' id='word_1_197' title='bbox 564 2107 599 2136; x_wconf 88' lang='lat' dir='ltr'>et</span> <span class='ocrx_word' id='word_1_198' title='bbox 625 2102 698 2136; x_wconf 90' lang='lat' dir='ltr'>alii.</span> <span class='ocrx_word' id='word_1_199' title='bbox 798 2103 832 2138; x_wconf 88' lang='lat'>6.</span> <span class='ocrx_word' id='word_1_200' title='bbox 873 2115 939 2137; x_wconf 81' lang='lat' dir='ltr'>ces.</span> <span class='ocrx_word' id='word_1_201' title='bbox 970 2103 1034 2138; x_wconf 70' lang='lat' dir='ltr'>Ma.</span> 
     </span>
     <span class='ocr_line' id='line_1_27' title="bbox 158 2142 1060 2196; baseline 0.002 -12"><span class='ocrx_word' id='word_1_202' title='bbox 158 2142 235 2184; x_wconf 53' lang='grc' dir='ltr'>ωε</span> <span class='ocrx_word' id='word_1_203' title='bbox 274 2146 303 2183; x_wconf 78' lang='lat' dir='ltr'><strong>G</strong></span> <span class='ocrx_word' id='word_1_204' title='bbox 328 2150 431 2183; x_wconf 71' lang='lat' dir='ltr'>tritis.</span> <span class='ocrx_word' id='word_1_205' title='bbox 549 2150 604 2185; x_wconf 84' lang='lat'>16.</span> <span class='ocrx_word' id='word_1_206' title='bbox 644 2155 811 2196; x_wconf 81' lang='lat' dir='ltr'>tanquam</span> <span class='ocrx_word' id='word_1_207' title='bbox 836 2150 902 2186; x_wconf 68' lang='lat' dir='ltr'>Ma.</span> <span class='ocrx_word' id='word_1_208' title='bbox 1005 2151 1060 2188; x_wconf 84' lang='lat'>19.</span> 
     </span>
     <span class='ocr_line' id='line_1_28' title="bbox 160 2191 442 2231; baseline 0 -1"><span class='ocrx_word' id='word_1_209' title='bbox 160 2191 442 2231; x_wconf 78' lang='lat' dir='ltr'>Freinshemius.</span> 
     </span>
    </p>
   </div>
   <div class='ocr_carea' id='block_1_5' title="bbox 930 2055 1662 2188">
    <p class='ocr_par' dir='ltr' id='par_1_9' title="bbox 930 2055 1662 2188">
     <span class='ocr_line' id='line_1_29' title="bbox 930 2055 1662 2126; baseline 0 -35"><span class='ocrx_word' id='word_1_210' title='bbox 930 2058 963 2091; x_wconf 82' lang='lat'>2.</span> <span class='ocrx_word' id='word_1_211' title='bbox 992 2055 1091 2102; x_wconf 71' lang='lat' dir='ltr'>May.</span> <span class='ocrx_word' id='word_1_212' title='bbox 1118 2067 1213 2090; x_wconf 90' lang='lat' dir='ltr'>nunc</span> <span class='ocrx_word' id='word_1_213' title='bbox 1230 2057 1306 2112; x_wconf 66' lang='lat' dir='ltr'>.Ma’</span> <span class='ocrx_word' id='word_1_214' title='bbox 1353 2103 1373 2126; x_wconf 70' lang='lat' dir='ltr'>a</span> <span class='ocrx_word' id='word_1_215' title='bbox 1391 2058 1426 2092; x_wconf 86' lang='lat'>3.</span> <span class='ocrx_word' id='word_1_216' title='bbox 1455 2067 1558 2090; x_wconf 84' lang='lat' dir='ltr'>error</span> <span class='ocrx_word' id='word_1_217' title='bbox 1582 2057 1662 2113; x_wconf 47' lang='lat' dir='ltr'>m?</span> 
     </span>
     <span class='ocr_line' id='line_1_30' title="bbox 1103 2104 1662 2188; baseline 0.002 -2"><span class='ocrx_word' id='word_1_218' title='bbox 1103 2105 1185 2186; x_wconf 50' lang='lat' dir='ltr'>iugc.</span> <span class='ocrx_word' id='word_1_219' title='bbox 1203 2104 1478 2188; x_wconf 49' lang='lat' dir='ltr'>Illabetmceteri:</span> <span class='ocrx_word' id='word_1_220' title='bbox 1499 2107 1662 2188; x_wconf 46' lang='lat' dir='ltr'>lcii-rigiz</span> 
     </span>
    </p>
   </div>
   <div class='ocr_carea' id='block_1_6' title="bbox 162 2327 874 2417">
    <p class='ocr_par' dir='ltr' id='par_1_10' title="bbox 162 2327 874 2417">
     <span class='ocr_line' id='line_1_31' title="bbox 163 2327 872 2370; baseline 0.007 -10"><span class='ocrx_word' id='word_1_221' title='bbox 163 2338 194 2360; x_wconf 88' lang='lat' dir='ltr'>c.</span> <span class='ocrx_word' id='word_1_222' title='bbox 221 2327 245 2361; x_wconf 81' lang='lat'><strong>3</strong></span> <span class='ocrx_word' id='word_1_223' title='bbox 271 2328 308 2369; x_wconf 83' lang='lat'>§.</span> <span class='ocrx_word' id='word_1_224' title='bbox 337 2328 371 2369; x_wconf 89' lang='lat'>7,</span> <span class='ocrx_word' id='word_1_225' title='bbox 399 2338 430 2362; x_wconf 92' lang='lat' dir='ltr'>c.</span> <span class='ocrx_word' id='word_1_226' title='bbox 457 2327 482 2362; x_wconf 87' lang='lat'>4</span> <span class='ocrx_word' id='word_1_227' title='bbox 507 2329 543 2370; x_wconf 62' lang='grc' dir='ltr'>ἓ.</span> <span class='ocrx_word' id='word_1_228' title='bbox 576 2330 629 2363; x_wconf 86' lang='grc'>11.</span> <span class='ocrx_word' id='word_1_229' title='bbox 670 2329 806 2365; x_wconf 88' lang='lat' dir='ltr'>Plinius</span> <span class='ocrx_word' id='word_1_230' title='bbox 833 2332 872 2366; x_wconf 89' lang='lat' dir='ltr'>N.</span> 
     </span>
     <span class='ocr_line' id='line_1_32' title="bbox 162 2373 874 2417; baseline 0.008 -10"><span class='ocrx_word' id='word_1_231' title='bbox 162 2374 203 2408; x_wconf 82' lang='lat' dir='ltr'>H.</span> <span class='ocrx_word' id='word_1_232' title='bbox 232 2373 283 2408; x_wconf 86' lang='lat'>111</span> <span class='ocrx_word' id='word_1_233' title='bbox 308 2375 355 2417; x_wconf 84' lang='lat'>4,</span> <span class='ocrx_word' id='word_1_234' title='bbox 392 2375 440 2408; x_wconf 82' lang='lat' dir='ltr'>lv</span> <span class='ocrx_word' id='word_1_235' title='bbox 465 2377 525 2410; x_wconf 78' lang='lat'>34.</span> <span class='ocrx_word' id='word_1_236' title='bbox 580 2377 780 2412; x_wconf 86' lang='lat' dir='ltr'>Vasconum</span> <span class='ocrx_word' id='word_1_237' title='bbox 809 2390 874 2413; x_wconf 91' lang='lat' dir='ltr'>co-</span> 
     </span>
    </p>
   </div>
   <div class='ocr_carea' id='block_1_7' title="bbox 161 2421 905 2470">
    <p class='ocr_par' dir='ltr' id='par_1_11' title="bbox 161 2421 905 2470">
     <span class='ocr_line' id='line_1_33' title="bbox 161 2421 905 2470; baseline 0.011 -16"><span class='ocrx_word' id='word_1_238' title='bbox 161 2422 285 2456; x_wconf 71' lang='lat' dir='ltr'>hortes</span> <span class='ocrx_word' id='word_1_239' title='bbox 323 2432 344 2456; x_wconf 80' lang='lat' dir='ltr'>a</span> <span class='ocrx_word' id='word_1_240' title='bbox 373 2423 522 2457; x_wconf 78' lang='lat' dir='ltr'>vitellio</span> <span class='ocrx_word' id='word_1_241' title='bbox 564 2425 791 2470; x_wconf 79' lang='lat' dir='ltr'>digrediente</span> <span class='ocrx_word' id='word_1_242' title='bbox 829 2421 905 2462; x_wconf 51' lang='lat' dir='ltr'>ex*</span> 
     </span>
    </p>
   </div>
   <div class='ocr_carea' id='block_1_8' title="bbox 157 2469 873 2991">
    <p class='ocr_par' dir='ltr' id='par_1_12' title="bbox 159 2469 873 2557">
     <span class='ocr_line' id='line_1_34' title="bbox 161 2469 873 2516; baseline 0.004 -13"><span class='ocrx_word' id='word_1_243' title='bbox 161 2469 359 2504; x_wconf 85' lang='lat' dir='ltr'>Germaniis</span> <span class='ocrx_word' id='word_1_244' title='bbox 396 2472 432 2505; x_wconf 91' lang='lat' dir='ltr'>in</span> <span class='ocrx_word' id='word_1_245' title='bbox 458 2472 744 2516; x_wconf 83' lang='lat' dir='ltr'>supplementum</span> <span class='ocrx_word' id='word_1_246' title='bbox 772 2477 873 2509; x_wconf 87' lang='lat' dir='ltr'>acci-</span> 
     </span>
     <span class='ocr_line' id='line_1_35' title="bbox 159 2518 648 2557; baseline 0.008 -6"><span class='ocrx_word' id='word_1_247' title='bbox 159 2522 214 2551; x_wconf 75' lang='lat' dir='ltr'>tu</span> <span class='ocrx_word' id='word_1_248' title='bbox 236 2518 349 2553; x_wconf 69' lang='lat' dir='ltr'>ruis-e</span> <span class='ocrx_word' id='word_1_249' title='bbox 376 2518 550 2553; x_wconf 81' lang='lat' dir='ltr'>credibile</span> <span class='ocrx_word' id='word_1_250' title='bbox 582 2527 648 2557; x_wconf 85' lang='lat' dir='ltr'>est.</span> 
     </span>
    </p>

    <p class='ocr_par' dir='ltr' id='par_1_13' title="bbox 158 2568 873 2900">
     <span class='ocr_line' id='line_1_36' title="bbox 243 2568 873 2613; baseline 0.01 -14"><span class='ocrx_word' id='word_1_251' title='bbox 243 2568 451 2611; x_wconf 60' lang='lat' dir='ltr'>tbi-emimus</span> <span class='ocrx_word' id='word_1_252' title='bbox 488 2569 630 2613; x_wconf 75' lang='lat' dir='ltr'>quisque</span> <span class='ocrx_word' id='word_1_253' title='bbox 671 2582 689 2604; x_wconf 76' lang='lat' dir='ltr'>e</span> <span class='ocrx_word' id='word_1_254' title='bbox 728 2571 873 2605; x_wconf 75' lang='lat' dir='ltr'>Batavis</span> 
     </span>
     <span class='ocr_line' id='line_1_37' title="bbox 161 2613 872 2659; baseline 0.006 -13"><span class='ocrx_word' id='word_1_255' title='bbox 161 2629 202 2642; x_wconf 53' lang='lat' dir='ltr'>a·</span> <span class='ocrx_word' id='word_1_256' title='bbox 214 2613 430 2658; x_wconf 55' lang='lat' dir='ltr'>finduntur.-</span> <span class='ocrx_word' id='word_1_257' title='bbox 450 2616 648 2659; x_wconf 70' lang='lat' dir='ltr'>funduntur</span> <span class='ocrx_word' id='word_1_258' title='bbox 668 2628 763 2652; x_wconf 89' lang='lat' dir='ltr'>nove</span> <span class='ocrx_word' id='word_1_259' title='bbox 779 2621 872 2653; x_wconf 78' lang='lat' dir='ltr'>scri-</span> 
     </span>
     <span class='ocr_line' id='line_1_38' title="bbox 160 2662 870 2710; baseline 0.011 -17"><span class='ocrx_word' id='word_1_260' title='bbox 160 2662 231 2705; x_wconf 64' lang='lat' dir='ltr'>psit</span> <span class='ocrx_word' id='word_1_261' title='bbox 257 2671 321 2705; x_wconf 84' lang='lat' dir='ltr'>pro</span> <span class='ocrx_word' id='word_1_262' title='bbox 346 2668 551 2696; x_wconf 70' lang='lat' dir='ltr'>sternuntur</span> <span class='ocrx_word' id='word_1_263' title='bbox 565 2665 624 2698; x_wconf 89' lang='lat' dir='ltr'>vel</span> <span class='ocrx_word' id='word_1_264' title='bbox 651 2666 870 2710; x_wconf 69' lang='lat' dir='ltr'>occiduntur,</span> 
     </span>
     <span class='ocr_line' id='line_1_39' title="bbox 160 2708 872 2749; baseline 0.01 -8"><span class='ocrx_word' id='word_1_265' title='bbox 160 2713 200 2742; x_wconf 74' lang='lat' dir='ltr'>ut</span> <span class='ocrx_word' id='word_1_266' title='bbox 233 2708 389 2744; x_wconf 78' lang='lat' dir='ltr'>ostendit</span> <span class='ocrx_word' id='word_1_267' title='bbox 420 2710 614 2745; x_wconf 81' lang='lat' dir='ltr'>membrum</span> <span class='ocrx_word' id='word_1_268' title='bbox 658 2716 872 2749; x_wconf 84' lang='lat' dir='ltr'>contrarium</span> 
     </span>
     <span class='ocr_line' id='line_1_40' title="bbox 158 2759 873 2808; baseline 0.004 -18"><span class='ocrx_word' id='word_1_269' title='bbox 158 2765 262 2801; x_wconf 69' lang='lat' dir='ltr'>eques</span> <span class='ocrx_word' id='word_1_270' title='bbox 294 2759 403 2792; x_wconf 69' lang='lat' dir='ltr'>evasit</span> <span class='ocrx_word' id='word_1_271' title='bbox 444 2762 480 2791; x_wconf 88' lang='lat' dir='ltr'>et</span> <span class='ocrx_word' id='word_1_272' title='bbox 512 2769 603 2803; x_wconf 88' lang='lat' dir='ltr'>quae</span> <span class='ocrx_word' id='word_1_273' title='bbox 642 2762 873 2808; x_wconf 75' lang='lat' dir='ltr'>subsequun-</span> 
     </span>
     <span class='ocr_line' id='line_1_41' title="bbox 161 2805 871 2850; baseline 0.006 -13"><span class='ocrx_word' id='word_1_274' title='bbox 161 2809 230 2838; x_wconf 72' lang='lat' dir='ltr'>tur.</span> <span class='ocrx_word' id='word_1_275' title='bbox 261 2805 402 2850; x_wconf 86' lang='lat' dir='ltr'>Quippe</span> <span class='ocrx_word' id='word_1_276' title='bbox 426 2806 605 2850; x_wconf 71' lang='lat' dir='ltr'>fundendo</span> <span class='ocrx_word' id='word_1_277' title='bbox 628 2819 685 2844; x_wconf 88' lang='lat' dir='ltr'>res</span> <span class='ocrx_word' id='word_1_278' title='bbox 712 2815 772 2844; x_wconf 78' lang='lat' dir='ltr'>aut</span> <span class='ocrx_word' id='word_1_279' title='bbox 797 2811 871 2845; x_wconf 81' lang='lat' dir='ltr'>dif-</span> 
     </span>
     <span class='ocr_line' id='line_1_42' title="bbox 160 2852 662 2900; baseline 0.006 -13"><span class='ocrx_word' id='word_1_280' title='bbox 160 2852 239 2887; x_wconf 82' lang='lat' dir='ltr'>fluit</span> <span class='ocrx_word' id='word_1_281' title='bbox 265 2858 327 2887; x_wconf 78' lang='lat' dir='ltr'>aut</span> <span class='ocrx_word' id='word_1_282' title='bbox 351 2854 459 2900; x_wconf 85' lang='lat' dir='ltr'>plane</span> <span class='ocrx_word' id='word_1_283' title='bbox 485 2858 662 2890; x_wconf 80' lang='lat' dir='ltr'>vanescit.</span> 
     </span>
    </p>

    <p class='ocr_par' dir='ltr' id='par_1_14' title="bbox 157 2899 872 2991">
     <span class='ocr_line' id='line_1_43' title="bbox 236 2899 872 2946; baseline 0.009 -12"><span class='ocrx_word' id='word_1_284' title='bbox 236 2899 323 2946; x_wconf 78' lang='lat' dir='ltr'>Cap.</span> <span class='ocrx_word' id='word_1_285' title='bbox 356 2902 415 2937; x_wconf 79' lang='lat'>34.</span> <span class='ocrx_word' id='word_1_286' title='bbox 479 2905 702 2939; x_wconf 70' lang='lat' dir='ltr'>insimxissee</span> <span class='ocrx_word' id='word_1_287' title='bbox 736 2907 872 2940; x_wconf 76' lang='lat' dir='ltr'>aciem.-</span> 
     </span>
     <span class='ocr_line' id='line_1_44' title="bbox 157 2948 869 2991; baseline 0.01 -8"><span class='ocrx_word' id='word_1_288' title='bbox 157 2948 206 2984; x_wconf 79' lang='lat' dir='ltr'>cf.</span> <span class='ocrx_word' id='word_1_289' title='bbox 241 2954 365 2986; x_wconf 73' lang='lat' dir='ltr'>mot.</span> <span class='ocrx_word' id='word_1_290' title='bbox 398 2948 444 2985; x_wconf 68' lang='lat' dir='ltr'>ad</span> <span class='ocrx_word' id='word_1_291' title='bbox 476 2950 557 2986; x_wconf 80' lang='lat' dir='ltr'>XIV</span> <span class='ocrx_word' id='word_1_292' title='bbox 587 2953 642 2987; x_wconf 83' lang='lat'>11.</span> <span class='ocrx_word' id='word_1_293' title='bbox 703 2951 869 2991; x_wconf 72' lang='lat' dir='ltr'>Ceterum</span> 
     </span>
    </p>
   </div>
   <div class='ocr_carea' id='block_1_9' title="bbox 940 2333 1659 3002">
    <p class='ocr_par' dir='ltr' id='par_1_15' title="bbox 942 2333 1659 2894">
     <span class='ocr_line' id='line_1_45' title="bbox 946 2333 1659 2378; baseline 0.007 -12"><span class='ocrx_word' id='word_1_294' title='bbox 946 2333 1092 2367; x_wconf 80' lang='lat' dir='ltr'>Civilem</span> <span class='ocrx_word' id='word_1_295' title='bbox 1147 2334 1345 2368; x_wconf 87' lang='lat' dir='ltr'>nominavit</span> <span class='ocrx_word' id='word_1_296' title='bbox 1400 2345 1463 2378; x_wconf 89' lang='lat' dir='ltr'>pro</span> <span class='ocrx_word' id='word_1_297' title='bbox 1509 2336 1659 2370; x_wconf 83' lang='lat' dir='ltr'>ducibus</span> 
     </span>
     <span class='ocr_line' id='line_1_46' title="bbox 944 2381 1658 2428; baseline 0.008 -15"><span class='ocrx_word' id='word_1_298' title='bbox 944 2381 1053 2414; x_wconf 89' lang='lat' dir='ltr'>missu</span> <span class='ocrx_word' id='word_1_299' title='bbox 1098 2381 1225 2415; x_wconf 88' lang='lat' dir='ltr'>Civilis</span> <span class='ocrx_word' id='word_1_300' title='bbox 1280 2383 1483 2428; x_wconf 83' lang='lat' dir='ltr'>agentibus.</span> <span class='ocrx_word' id='word_1_301' title='bbox 1553 2384 1658 2419; x_wconf 89' lang='lat' dir='ltr'>Falso</span> 
     </span>
     <span class='ocr_line' id='line_1_47' title="bbox 945 2430 1658 2474; baseline 0.007 -12"><span class='ocrx_word' id='word_1_302' title='bbox 945 2430 1126 2463; x_wconf 71' lang='lat' dir='ltr'>circumiri</span> <span class='ocrx_word' id='word_1_303' title='bbox 1160 2431 1335 2474; x_wconf 69' lang='lat' dir='ltr'>nequisset</span> <span class='ocrx_word' id='word_1_304' title='bbox 1364 2441 1435 2464; x_wconf 91' lang='lat' dir='ltr'>non</span> <span class='ocrx_word' id='word_1_305' title='bbox 1469 2432 1514 2466; x_wconf 90' lang='lat' dir='ltr'>de</span> <span class='ocrx_word' id='word_1_306' title='bbox 1541 2431 1658 2467; x_wconf 90' lang='lat' dir='ltr'>Civile</span> 
     </span>
     <span class='ocr_line' id='line_1_48' title="bbox 943 2477 1658 2515; baseline 0.007 -5"><span class='ocrx_word' id='word_1_307' title='bbox 943 2477 1006 2511; x_wconf 85' lang='lat' dir='ltr'>sed</span> <span class='ocrx_word' id='word_1_308' title='bbox 1031 2477 1076 2511; x_wconf 88' lang='lat' dir='ltr'>de</span> <span class='ocrx_word' id='word_1_309' title='bbox 1103 2478 1180 2511; x_wconf 74' lang='lat' dir='ltr'>acie</span> <span class='ocrx_word' id='word_1_310' title='bbox 1216 2479 1350 2512; x_wconf 89' lang='lat' dir='ltr'>dictum</span> <span class='ocrx_word' id='word_1_311' title='bbox 1384 2490 1463 2514; x_wconf 86' lang='lat' dir='ltr'>esse</span> <span class='ocrx_word' id='word_1_312' title='bbox 1498 2480 1658 2515; x_wconf 80' lang='lat' dir='ltr'>affirma-</span> 
     </span>
     <span class='ocr_line' id='line_1_49' title="bbox 944 2525 1655 2572; baseline 0.007 -14"><span class='ocrx_word' id='word_1_313' title='bbox 944 2526 995 2559; x_wconf 84' lang='lat' dir='ltr'>vit</span> <span class='ocrx_word' id='word_1_314' title='bbox 1020 2525 1212 2570; x_wconf 85' lang='lat' dir='ltr'>Rupertius</span> <span class='ocrx_word' id='word_1_315' title='bbox 1240 2532 1275 2560; x_wconf 86' lang='lat' dir='ltr'>et</span> <span class='ocrx_word' id='word_1_316' title='bbox 1292 2529 1462 2572; x_wconf 87' lang='lat' dir='ltr'>repetivit</span> <span class='ocrx_word' id='word_1_317' title='bbox 1482 2529 1655 2563; x_wconf 87' lang='lat' dir='ltr'>Orellius:</span> 
     </span>
     <span class='ocr_line' id='line_1_50' title="bbox 943 2575 1657 2622; baseline 0.006 -16"><span class='ocrx_word' id='word_1_318' title='bbox 943 2576 1157 2608; x_wconf 88' lang='lat' dir='ltr'>contrarium</span> <span class='ocrx_word' id='word_1_319' title='bbox 1176 2575 1393 2609; x_wconf 84' lang='lat' dir='ltr'>demonstrat</span> <span class='ocrx_word' id='word_1_320' title='bbox 1421 2577 1515 2622; x_wconf 87' lang='lat' dir='ltr'>quod</span> <span class='ocrx_word' id='word_1_321' title='bbox 1531 2578 1657 2621; x_wconf 88' lang='lat' dir='ltr'>sequi-</span> 
     </span>
     <span class='ocr_line' id='line_1_51' title="bbox 943 2624 1654 2669; baseline 0.004 -14"><span class='ocrx_word' id='word_1_322' title='bbox 943 2627 999 2655; x_wconf 89' lang='lat' dir='ltr'>tur</span> <span class='ocrx_word' id='word_1_323' title='bbox 1025 2629 1210 2667; x_wconf 77' lang='lat' dir='ltr'>castraque</span> <span class='ocrx_word' id='word_1_324' title='bbox 1242 2631 1411 2669; x_wconf 77' lang='lat' dir='ltr'>perrupta</span> <span class='ocrx_word' id='word_1_325' title='bbox 1443 2624 1654 2658; x_wconf 69' lang='lat' dir='ltr'>exscidissee.</span> 
     </span>
     <span class='ocr_line' id='line_1_52' title="bbox 943 2670 1655 2706; baseline 0.001 -2"><span class='ocrx_word' id='word_1_326' title='bbox 943 2670 1092 2704; x_wconf 75' lang='lat' dir='ltr'>Scilicet</span> <span class='ocrx_word' id='word_1_327' title='bbox 1130 2671 1270 2704; x_wconf 80' lang='lat' dir='ltr'>Tacitus</span> <span class='ocrx_word' id='word_1_328' title='bbox 1310 2674 1426 2705; x_wconf 82' lang='lat' dir='ltr'>statim</span> <span class='ocrx_word' id='word_1_329' title='bbox 1470 2672 1514 2704; x_wconf 81' lang='lat' dir='ltr'>ab</span> <span class='ocrx_word' id='word_1_330' title='bbox 1552 2673 1655 2706; x_wconf 84' lang='lat' dir='ltr'>initio</span> 
     </span>
     <span class='ocr_line' id='line_1_53' title="bbox 944 2717 1655 2763; baseline 0.004 -12"><span class='ocrx_word' id='word_1_331' title='bbox 944 2717 1098 2752; x_wconf 85' lang='lat' dir='ltr'>Civilem</span> <span class='ocrx_word' id='word_1_332' title='bbox 1125 2724 1302 2763; x_wconf 85' lang='lat' dir='ltr'>tamquam</span> <span class='ocrx_word' id='word_1_333' title='bbox 1319 2719 1445 2763; x_wconf 90' lang='lat' dir='ltr'>proelii</span> <span class='ocrx_word' id='word_1_334' title='bbox 1473 2724 1655 2754; x_wconf 82' lang='lat' dir='ltr'>auctorem</span> 
     </span>
     <span class='ocr_line' id='line_1_54' title="bbox 944 2766 1655 2801; baseline 0.004 -3"><span class='ocrx_word' id='word_1_335' title='bbox 944 2766 1140 2799; x_wconf 81' lang='lat' dir='ltr'>introduxit</span> <span class='ocrx_word' id='word_1_336' title='bbox 1167 2772 1201 2799; x_wconf 89' lang='lat' dir='ltr'>et</span> <span class='ocrx_word' id='word_1_337' title='bbox 1228 2768 1346 2800; x_wconf 80' lang='lat' dir='ltr'>omnia</span> <span class='ocrx_word' id='word_1_338' title='bbox 1361 2767 1404 2800; x_wconf 83' lang='lat' dir='ltr'>ad</span> <span class='ocrx_word' id='word_1_339' title='bbox 1431 2778 1512 2801; x_wconf 88' lang='lat' dir='ltr'>eum</span> <span class='ocrx_word' id='word_1_340' title='bbox 1538 2773 1655 2801; x_wconf 82' lang='lat' dir='ltr'>rettu-</span> 
     </span>
     <span class='ocr_line' id='line_1_55' title="bbox 943 2814 1654 2863; baseline 0.006 -16"><span class='ocrx_word' id='word_1_341' title='bbox 943 2814 1015 2855; x_wconf 87' lang='lat' dir='ltr'>lit,</span> <span class='ocrx_word' id='word_1_342' title='bbox 1059 2816 1220 2858; x_wconf 82' lang='lat' dir='ltr'>quamvis</span> <span class='ocrx_word' id='word_1_343' title='bbox 1256 2815 1332 2858; x_wconf 86' lang='lat' dir='ltr'>ipse</span> <span class='ocrx_word' id='word_1_344' title='bbox 1365 2816 1400 2848; x_wconf 90' lang='lat' dir='ltr'>in</span> <span class='ocrx_word' id='word_1_345' title='bbox 1437 2826 1557 2863; x_wconf 83' lang='lat' dir='ltr'>pugna</span> <span class='ocrx_word' id='word_1_346' title='bbox 1583 2827 1654 2851; x_wconf 92' lang='lat' dir='ltr'>non</span> 
     </span>
     <span class='ocr_line' id='line_1_56' title="bbox 942 2861 1095 2894; baseline -0.007 0"><span class='ocrx_word' id='word_1_347' title='bbox 942 2861 1095 2894; x_wconf 86' lang='lat' dir='ltr'>adesset.</span> 
     </span>
    </p>

    <p class='ocr_par' dir='ltr' id='par_1_16' title="bbox 940 2908 1653 3002">
     <span class='ocr_line' id='line_1_57' title="bbox 1014 2908 1653 2954; baseline 0.008 -13"><span class='ocrx_word' id='word_1_348' title='bbox 1014 2920 1112 2953; x_wconf 75' lang='lat' dir='ltr'>quem</span> <span class='ocrx_word' id='word_1_349' title='bbox 1135 2910 1166 2942; x_wconf 74' lang='lat' dir='ltr'>si</span> <span class='ocrx_word' id='word_1_350' title='bbox 1189 2908 1306 2942; x_wconf 72' lang='lat' dir='ltr'>statim</span> <span class='ocrx_word' id='word_1_351' title='bbox 1331 2909 1530 2954; x_wconf 71' lang='lat' dir='ltr'>impellere:</span> <span class='ocrx_word' id='word_1_352' title='bbox 1563 2912 1653 2946; x_wconf 87' lang='lat' dir='ltr'>sub-</span> 
     </span>
     <span class='ocr_line' id='line_1_58' title="bbox 940 2956 1652 3002; baseline 0.01 -13"><span class='ocrx_word' id='word_1_353' title='bbox 940 2959 994 2989; x_wconf 79' lang='lat' dir='ltr'>est</span> <span class='ocrx_word' id='word_1_354' title='bbox 1041 2957 1160 3002; x_wconf 81' lang='lat' dir='ltr'>imago</span> <span class='ocrx_word' id='word_1_355' title='bbox 1198 2956 1276 2992; x_wconf 78' lang='lat' dir='ltr'>saxi</span> <span class='ocrx_word' id='word_1_356' title='bbox 1316 2958 1420 2992; x_wconf 72' lang='lat' dir='ltr'>ruina</span> <span class='ocrx_word' id='word_1_357' title='bbox 1468 2958 1577 2995; x_wconf 78' lang='lat' dir='ltr'>soluti</span> <span class='ocrx_word' id='word_1_358' title='bbox 1616 2965 1652 2996; x_wconf 86' lang='lat' dir='ltr'>et</span> 
     </span>
    </p>
   </div>
  </div>
 </body>
</html>
