1768 3216
36 310 40 311 γ
63 302 83 314 a.

747 216 834 256 cu.
861 193 1020 257 att-21.

1576 219 1648 260 11⁹

289 335 534 381 Inlacessita
562 334 727 378 transiit
753 347 936 390 sequens
958 336 1106 391 hiems,
1136 335 1423 384 saluberrimis
1441 391 1444 392 ⁷
1460 334 1654 382 consiliis

161 410 392 467 absumpta.
451 409 637 465 Namque
668 414 711 452 ut
742 410 933 454 homines
964 411 1143 465 dispersi
1174 423 1224 453 ac
1250 410 1403 465 rudes,
1440 422 1577 466 eoque
1617 412 1662 457 in

157 485 315 536 bellum
339 484 501 538 faciles,
531 485 659 540 quieti
685 488 726 527 et
756 485 842 527 otio
861 498 936 540 per
957 485 1190 540 voluptates
1207 485 1523 539 adsuescerent,
1553 486 1659 543 hor..

158 560 240 608 tari
268 560 477 615 privatim,
505 559 706 602 adiuvare
734 560 915 615 publice,
945 565 991 602 ut
1009 560 1158 615 templa
1180 560 1287 613 sora,
1318 560 1466 602 domos
1487 564 1661 617 extrue,-

157 639 267 691 τοίη,
289 634 500 679 laudando
528 639 743 690 promptos
782 639 822 677 et
860 635 1107 691 castigando
1149 646 1318 690 segnes.

164 710 390 756 aemulatio
420 721 497 764 pro
528 709 782 752 necessitate
826 714 927 752 erat.

1386 635 1446 677 Ita
1478 634 1697 689 ,honorisue

1000 710 1086 757 Iam
1126 721 1229 752 vero
1273 709 1507 764 principum
1551 709 1660 757 filios

158 785 402 834 liberalibus
444 785 602 827 artibus
647 784 842 838 erudire,
890 789 930 826 et
972 785 1143 840 ingenia
1178 785 1472 828 Britannorum
1510 784 1660 827 studiis

164 859 379 910 Gallorum
408 859 645 917 anteferre,
685 862 730 901 ut
762 859 831 913 qui
861 859 987 901 modo
1016 859 1201 914 linguam
1237 860 1464 902 Romanam
1503 859 1664 903 abnue-

155 935 275 988 bant,
301 934 582 988 eloquentiam
612 934 976 988 concupiscerent.

97 1034 107 1038 ·
159 1009 299 1058 honor
328 1012 371 1050 et
385 1008 585 1063 frequens
604 1012 717 1064 toga.
758 1008 1039 1062 Paulatimque
1057 1008 1290 1050 discessum
1311 1008 1364 1051 ad
1383 1008 1662 1052 delenimenta
1685 1023 1725 1054 ιο

1046 934 1148 976 lnde
1179 934 1305 976 etiam
1331 934 1495 977 habitus
1529 934 1664 979 nostri

157 1083 370 1141 vitiorum,
403 1083 590 1139 porticus
618 1087 659 1125 et
676 1083 826 1125 balnea
848 1087 888 1126 et
910 1083 1199 1125 conviviorum
1219 1082 1485 1138 elegantiam.
1533 1083 1662 1137 quue

158 1158 267 1214 apud
296 1159 510 1214 imperitos
539 1158 772 1201 humanitas
803 1158 1047 1211 vocabatur,
1080 1170 1172 1199 cum
1190 1169 1288 1212 pars
1303 1157 1515 1200 servitutis
1534 1161 1660 1200 esset.

258 1325 291 1359 1.
312 1324 562 1359 saluberrirnus
585 1326 627 1368 Δ,
654 1334 726 1358 non
751 1327 792 1359 Γ.

156 1375 193 1411 3.
218 1373 366 1409 hortare
392 1374 521 1407 vitium
545 1373 749 1408 Puteolani.

159 1434 193 1458 c.
221 1423 266 1459 15
290 1425 391 1456 reete
418 1432 498 1456 cum
524 1421 709 1456 codicibus
737 1421 866 1456 domos.

874 1325 909 1359 2.
936 1324 975 1356 in
1002 1323 1127 1357 bellum
1155 1322 1375 1357 Rhenanus:
1402 1323 1441 1357 in
1468 1323 1557 1358 bello
1584 1326 1658 1360 ΓΛ.

823 1374 860 1408 4.
891 1372 1008 1406 domos
1035 1374 1119 1408 ΓΛε
1145 1371 1364 1405 Puteolanus
1391 1372 1535 1415 domus5
1563 1372 1658 1406 idem

957 1422 1014 1456 10.
1044 1420 1271 1454 delinimenta
1295 1419 1534 1454 Puteolanus:
1560 1419 1658 1459 dele.

158 1471 318 1507 nt'nenla
342 1474 379 1506 et
404 1469 560 1525 delenire
586 1469 669 1504 libri
693 1469 847 1505 Medicei
872 1470 909 1503 iu
935 1468 1135 1503 Annalibus
1161 1473 1197 1502 et
1228 1468 1407 1502 Historiis.

159 1603 286 1639 bellum
299 1603 425 1648 faciles
444 1612 513 1648 ego
529 1602 678 1637 alteram
696 1607 874 1647 tamquam

159 1652 307 1698 propius
345 1651 578 1686 accedentem
622 1651 666 1684 ad
709 1651 874 1684 traditam

160 1701 375 1745 scripturam
398 1699 578 1744 adoptavi.
612 1699 701 1734 Nam
726 1700 766 1732 in
790 1698 877 1732 bello

162 1749 272 1784 estin
287 1748 381 1783 bellai
403 1749 483 1782 sive
508 1747 620 1791 bello,
646 1747 716 1781 hoc
738 1748 778 1780 in
803 1746 877 1780 bel-

161 1797 231 1832 lom
262 1797 342 1831 sive
366 1797 406 1830 in
431 1796 568 1831 bellum.
622 1795 648 1829 Ι.
676 1796 719 1829 Α.
747 1795 875 1829 Bosius

161 1845 330 1892 praetulit
354 1845 394 1879 in
417 1844 520 1879 bella.

230 1921 270 1951 ae
294 1915 423 1962 templa
446 1917 554 1960 sora,
587 1915 705 1949 domos
731 1919 875 1948 extrue-

160 1969 265 1999 rent.-
290 1965 344 1998 sic
356 1963 671 2010 distinguendum:
697 1973 778 1997 nam
796 1972 875 1996 cum

161 2012 306 2058 templis
332 2017 368 2046 et
395 2012 486 2046 foris
514 2012 684 2057 operibus
719 2010 874 2055 publicis

163 2071 211 2096 ex
236 2060 351 2095 altera
377 2065 480 2105 parte
506 2064 768 2104 componuntur
799 2059 875 2103 pri-

159 2113 324 2144 vatorum
357 2113 566 2155 su-ptuosa
597 2107 762 2142 aedilicia
793 2107 876 2153 (do-

164 2156 453 2201 mus=l¹alais3
481 2157 528 2191 cf.
543 2161 665 2191 annot.
693 2156 737 2190 ad
763 2155 872 2201 173).

162 2205 332 2240 Ceterum
361 2207 394 2240 Γ
391 2207 427 2241 Δ
464 2210 565 2239 recte
598 2204 772 2249 praebent
809 2204 874 2237 do·-

160 2265 246 2296 mos,
273 2253 492 2287 Puteolanus
517 2263 705 2297 perperam
742 2252 872 2285 donnus.

162 2301 313 2336 Scilicet
341 2301 529 2342 aedilicia,
571 2302 649 2334 sive
686 2299 875 2345 magnilica

162 2349 338 2383 nobilium
360 2350 439 2382 sive
464 2348 628 2394 vulgaria
662 2347 722 2380 ubi
758 2347 874 2380 deno-

163 2402 293 2440 tantur,
318 2395 460 2430 Tacitus
489 2400 695 2430 constanter
722 2404 873 2428 accusa-

162 2447 275 2480 tivum
302 2444 419 2478 ἄοικος
445 2444 554 2479 dedit.
582 2443 686 2477 Conf.
713 2441 802 2484 173,
824 2441 874 2475 lv

166 2495 230 2538 14,
259 2493 340 2527 xm
369 2494 439 2534 54,
474 2493 539 2526 XV
566 2492 624 2526 58.
654 2491 695 2524 H.
726 2489 809 2524 181
839 2494 874 2523 ct

161 2542 229 2586 85,
268 2541 300 2576 11
324 2541 393 2584 92,
419 2540 467 2574 ΙΙΙ
497 2541 540 2575 13
571 2544 606 2573 et
630 2540 679 2574 33
703 2542 739 2571 et
764 2537 813 2573 84
839 2542 874 2572 ct

161 2590 230 2634 86,
264 2589 315 2623 tv
347 2589 408 2624 42.
442 2588 481 2623 G.
515 2587 575 2622 46.
610 2588 653 2621 A.
684 2587 726 2619 15
752 2590 787 2619 et
812 2587 871 2620 38.

164 2638 207 2672 0.
246 2637 282 2672 8.
332 2636 429 2670 Idem
468 2636 586 2669 domus
630 2634 873 2668 accusativum

164 2686 284 2730 posuit
308 2684 370 2718 ubi
395 2684 439 2717 de
467 2683 614 2717 familiis
640 2681 780 2715 locutus
806 2687 873 2724 est,

163 2738 202 2767 ut
235 2732 278 2766 H.
307 2731 356 2766 ΙΙΙ
386 2733 459 2766 41:
495 2731 556 2766 sed
596 2729 724 2764 Valens
756 2741 801 2764 ne
835 2731 874 2764 in

165 2786 261 2816 tanto
300 2779 436 2826 quidem
472 2778 673 2812 discrimine
722 2779 875 2822 infamia

165 2830 300 2872 caruit,
328 2839 392 2873 quo
417 2828 531 2861 minus
556 2846 603 2852 —-
625 2824 783 2871 polluere
808 2826 874 2859 Ιιο-

163 2878 290 2925 spt’tmn
313 2876 431 2910 domus
457 2875 670 2909 crederetur.

260 2949 406 2994 ingenia
453 2947 707 2982 Britannorum
754 2944 876 2979 studiis

950 1600 1133 1636 Gallorum
1158 1603 1361 1646 anteferre:
1389 1601 1424 1635 h.
1453 1612 1487 1636 e.
1513 1601 1661 1636 Britan-

947 1660 1013 1683 nos
1039 1654 1166 1684 natura
1192 1655 1229 1684 et
1254 1650 1402 1696 ingenio
1428 1649 1509 1695 plus
1536 1649 1661 1696 valere

947 1699 1131 1743 professus
1169 1703 1223 1732 est
1251 1708 1356 1743 quam
1388 1697 1508 1732 Gallos
1542 1697 1661 1732 studio

948 1751 983 1780 et
997 1746 1184 1792 diligentia
1199 1758 1208 1779 ε
1225 1746 1341 1780 studia
1355 1747 1449 1780 enim
1467 1751 1504 1780 et
1516 1746 1663 1792 ingenia

947 1794 982 1830 h.
1012 1795 1036 1829 1.
1064 1795 1241 1829 contraria
1269 1799 1540 1838 componuntur.
1580 1794 1662 1828 An-

947 1845 1078 1887 teserre
1115 1844 1258 1887 scripsit
1306 1843 1469 1876 devitans
1516 1842 1662 1876 solitum

942 1892 1152 1937 praeferre,
1189 1896 1297 1935 atque
1322 1890 1413 1924 illud
1440 1891 1534 1925 idem
1562 1890 1659 1935 quod

946 1939 1180 1984 anteferenda
1205 1939 1447 1982 existimabat,
1473 1943 1512 1972 ut
1534 1940 1661 1983 proxi-

948 1998 1043 2021 mum
1081 1987 1224 2021 erudire
1261 1991 1316 2021 est
1352 1997 1416 2031 pro
1450 1986 1662 2021 erudiendos

946 2035 1106 2070 cumbae.
1130 2035 1220 2070 nire
1247 2034 1426 2069 Orellius:
1450 2034 1658 2080 ‘antefer-re]

945 2094 1179 2128 promovere;
1226 2084 1362 2128 peritos
1406 2087 1660 2127 praeceptores

946 2142 1132 2166 arcessens
1171 2142 1213 2165 ac
1248 2132 1407 2175 praemia
1448 2131 1659 2166 melioribus

945 2180 1131 2224 discipulis
1159 2181 1381 2214 constituens
1410 2179 1580 2221 incitare,
1619 2182 1659 2211 ut

944 2229 981 2261 in
1018 2228 1145 2262 studiis
1181 2227 1261 2271 plus
1297 2232 1520 2271 praestarent
1555 2236 1660 2270 quam

945 2276 1060 2310 Galli'.
1112 2275 1204 2308 Huic
1238 2276 1455 2318 imposuerat
1493 2273 1655 2308 Dubneri

943 2324 1147 2356 annotatio:
1183 2322 1377 2356 ‘anteferre
1426 2322 1485 2355 hic
1528 2319 1662 2366 agendi

943 2370 1105 2412 verbum,
1132 2378 1203 2402 non
1229 2368 1435 2404 iudicandi'.

1009 2441 1167 2486 porticus
1184 2445 1216 2474 et
1235 2440 1384 2474 balnea.-
1414 2441 1529 2484 perite
1550 2439 1658 2474 etiam

943 2487 1072 2523 balnea
1122 2490 1216 2522 inter
1265 2499 1309 2522 ea
1350 2499 1442 2533 quae
1488 2488 1656 2522 Romanis

943 2536 1169 2571 obiectantur
1192 2536 1411 2570 Boudiceam
1438 2536 1659 2571 referentem

942 2584 1079 2619 inducit
1104 2585 1172 2618 Dio
1200 2584 1343 2618 Cassius
1363 2583 1454 2617 Lxu
1484 2584 1531 2618 6:
1561 2585 1658 2629 εἴγε

943 2636 1008 2668 καὶ
1043 2631 1192 2679 ἄνδρας
1224 2630 1298 2678 χρὴ
1336 2635 1465 2667 καλεῖν
1498 2630 1656 2676 ἀνθρώ-

942 2694 1040 2721 πους
1067 2679 1178 2716 ὕδατι
1207 2681 1340 2728 θερμῷ
1364 2682 1604 2726 λουομένους.

1016 2764 1093 2786 cum
1116 2762 1201 2796 pars
1223 2749 1397 2784 servitutis
1416 2753 1524 2782 επεὶ.-
1554 2747 1655 2780 eius-

943 2800 1037 2833 modi
1068 2798 1317 2833 delenimentis
1354 2795 1588 2829 circumventi
1620 2800 1657 2829 et

944 2848 1058 2881 illecti
1074 2848 1283 2879 servitutem
1308 2853 1378 2877 non
1398 2842 1505 2877 facile
1522 2852 1655 2877 exuere
1714 2844 1717 2847 “

944 2899 1121 2939 poterant.
1149 2894 1241 2927 Hinc
1264 2892 1426 2927 Tencteri
1453 2890 1496 2925 ad
1518 2891 1655 2936 Agrip-

944 2945 1113 2988 pinenses
1139 2941 1182 2977 Η.
1210 2941 1257 2976 lv
1280 2940 1349 2977 64:
1390 2939 1551 2975 instituta
1576 2938 1655 2975 cut·
