1768 3216
108 235 150 289 ’ἱ
173 249 215 288 o.
241 250 302 289 ⁶9.
597 249 731 284 LIBER
756 250 799 286 11.
855 249 943 286 cn.
972 249 1126 287 14-16.
1573 252 1645 287 115

60 370 130 412 16*
163 353 167 357 ’
268 367 485 411 Corsicam
517 380 567 410 ac
593 366 829 410 Sardiniam
862 372 1110 422 ceterasque
1130 367 1311 422 proximi
1333 368 1461 410 maris
1483 368 1641 412 insulas

130 443 242 487 fama
270 444 460 486 victricis
493 443 642 485 classis
673 443 716 484 in
748 443 937 497 partibus
971 442 1147 485 Othonis
1178 443 1322 485 tenuit.
1384 443 1467 487 Sed
1493 444 1643 486 Corsi-

131 531 224 561 cam
271 530 403 573 prope
451 518 610 560 adssixit
648 518 824 560 Decumi
872 518 1035 559 Pacarii
1074 519 1361 572 procuratoris
1413 519 1641 572 temeritas,

129 597 243 636 tanta
282 593 392 636 mole
432 593 531 635 belli
571 593 674 634 nihil
716 594 757 634 in
787 605 988 635 summam
1031 593 1273 647 profutura,
1322 594 1401 647 ipsi
1448 594 1640 636 exitiosa.

129 667 317 722 Namque
348 668 525 710 Othonis
557 668 657 709 odio
689 668 834 711 iuvare
865 668 1074 710 Vitellium
1108 668 1335 710 Corsorum
1366 668 1525 710 viribus
1552 673 1673 715 sta-5

131 745 231 797 tuit,
271 744 386 787 inani
425 745 580 787 auxilio
614 745 738 786 etiam
777 745 813 786 si
843 746 1122 799 provenisset.
1183 746 1354 787 Vocatis
1384 746 1642 800 principibus

131 818 292 862 insulae
332 819 554 861 consilium
598 820 753 874 aperit,
796 824 837 862 et
870 804 1016 861 contra
1048 820 1191 862 dicere
1233 833 1382 874 ausos,
1425 821 1643 863 Claudium

129 893 371 948 Pyrrhicam
409 894 684 936 trierarchum
724 894 1044 936 Liburnicarum
1084 894 1141 936 ibi
1182 896 1377 948 navium,
1433 896 1642 945 Quintium

131 968 298 1011 Certum
340 969 517 1023 equitem
563 969 818 1022 Romanum,
871 969 1047 1011 interfici
1087 970 1213 1012 iubet.
1278 971 1462 1020 Quorum
1508 975 1643 1013 morte

132 1043 321 1086 exterriti
353 1044 644 1098 qui·aderant‚
677 1044 798 1087 simul
829 1045 977 1100 ignara
1010 1049 1050 1086 et
1081 1045 1527 1112 alifflroia
1560 1047 1696 1091 im-io

131 1119 359 1173 peritorum
390 1119 526 1172 turba,
560 1120 602 1160 in
634 1120 762 1162 verba
777 1119 934 1161 Vitellii
966 1120 1175 1162 iuravere.
1218 1121 1299 1163 Sed
1333 1122 1403 1163 ubi
1436 1121 1642 1164 delectum

131 1206 262 1249 agere
291 1194 487 1236 Pacarius
512 1199 552 1236 et
583 1195 822 1236 inconditos
854 1195 1045 1236 homines
1078 1195 1259 1250 fatigare
1289 1195 1460 1238 militiae
1492 1207 1643 1238 mune-

130 1268 247 1311 ribus
289 1269 476 1323 occepit,
525 1244 968 1312 labore‘rffinmlitum
1010 1270 1154 1324 perosi
1201 1270 1480 1313 infirmitatem
1525 1283 1643 1314 suam

130 1344 399 1399 reputabant:
444 1345 621 1388 insulam
654 1358 749 1388 esse
778 1358 900 1400 quam
932 1345 1191 1398 incolerent,
1225 1350 1265 1388 et
1295 1346 1425 1402 longe
1466 1346 1644 1388 Germa-

132 1420 244 1482 niam
281 1419 480 1475 viresque
520 1420 756 1476 legionum3
803 1420 989 1474 direptos
1028 1425 1299 1475 vastatosque
1342 1421 1477 1464 classe
1518 1422 1642 1464 etiam
1656 1438 1695 1467 ιε

132 1507 238 1550 quos
270 1495 467 1538 cohortes
497 1495 672 1550 alaeque
701 1499 986 1550 protegerent.
1029 1496 1080 1537 Et
1111 1497 1250 1538 aversi
1281 1501 1456 1550 repente
1490 1497 1639 1548 animi3

131 1582 212 1611 nec
241 1574 379 1612 tamen
409 1575 551 1625 aperta
580 1570 638 1623 vi,
672 1574 807 1624 aptum
839 1574 1001 1624 tempus
1032 1570 1196 1613 insidiis
1226 1571 1387 1626 legere.
1426 1571 1641 1625 Digressis

133 1644 202 1698 qui
225 1644 440 1687 Pacarium
473 1645 808 1699 frequentabant,
842 1644 976 1686 nudus
1009 1649 1050 1685 et
1082 1645 1226 1686 auxilii
1258 1646 1377 1699 inops
1398 1646 1440 1686 in
1462 1645 1639 1706 balineis

133 1718 399 1770 interficitur3
448 1719 646 1761 trucidati
691 1723 731 1760 et
771 1719 959 1760 comites,
1021 1718 1190 1773 Capita,
1234 1723 1279 1760 ut
1317 1700 1521 1773 hostium,
1560 1701 1642 1773 ipsi

1377 1884 1512 1909 summa
1536 1871 1641 1908 Gna:

987 1922 1023 1957 8.
1057 1921 1264 1967 phyrricum
1290 1920 1356 1964 Ma,
1380 1924 1564 1969 pyt-rivum
1590 1921 1640 1956 G:

268 1874 304 1910 3.
336 1874 483 1908 Pacarii
509 1872 574 1917 Ma,
605 1883 676 1907 non
695 1872 827 1907 Furiae
851 1874 991 1919 pacari.
1043 1874 1078 1909 4.
1105 1872 1219 1907 nichil
1241 1872 1310 1908 Ma.

134 1923 291 1957 correxit
315 1923 521 1957 Rhenanus.
610 1923 643 1958 5.
671 1934 812 1967 nanque
837 1921 901 1956 Ma.

136 1971 345 2017 Pyrr-hicum
375 1971 612 2006 Oxonienses.
716 1974 771 2007 ¹0.
799 1972 1051 2018 imperatorum
1076 1971 1147 2005 Ma:
1183 1970 1211 2004 G
1241 1972 1494 2017 imperitorum.
1586 1972 1640 2004 11.

133 2020 298 2055 dilectum
319 2019 384 2056 Ma.
464 2023 519 2057 12.
544 2021 704 2066 picarias
739 2019 804 2057 Ma.
866 2020 923 2055 18.
943 2020 1123 2066 picarium
1147 2018 1213 2054 Ma.
1265 2021 1305 2054 in
1331 2020 1481 2055 balineis
1508 2019 1642 2054 editor:

134 2068 284 2104 balineis
309 2067 375 2113 Ma,
404 2069 539 2104 balneis
565 2069 605 2104 G.

134 2226 295 2262 iuliensi.
383 2227 516 2261 sidente
540 2225 713 2272 paulatim
735 2232 851 2260 melu:

134 2286 247 2310 raram
295 2275 388 2309 hanc
446 2275 691 2318 metaphoram
746 2286 854 2309 'naves

136 2335 229 2369 quae
255 2323 475 2368 praecedunt
501 2323 638 2356 calamo
668 2324 853 2367 scriptoris

135 2371 304 2406 videntur
331 2372 580 2418 suggessisse:
617 2382 728 2407 nayes
759 2372 854 2405 enim

136 2420 228 2455 vado
258 2421 364 2454 maris
402 2420 678 2465 acquiescentes
710 2421 855 2464 proprie

135 2469 250 2503 sidere
280 2468 459 2502 dicuntur.
513 2467 615 2502 Conf.
646 2468 661 2502 Ι
687 2469 758 2504 70:
787 2480 851 2513 quo

923 2237 1043 2271 neque
1068 2226 1185 2260 ordini
1213 2225 1366 2259 militiae
1392 2235 1511 2270 neque
1537 2223 1644 2258 labo-

925 2274 1023 2308 ribus
1051 2274 1287 2309 assuefactos,
1317 2273 1495 2308 cf.11120
1524 2277 1560 2306 et
1583 2272 1643 2307 46.

999 2324 1037 2356 in
1077 2322 1226 2356 balineis
1262 2322 1473 2366 interficitur
1495 2333 1506 2353 .-
1551 2320 1646 2366 quod

924 2371 1036 2417 vulgo
1064 2371 1197 2417 legitur
1231 2370 1380 2404 balineis
1415 2370 1644 2414 interficitur,

924 2420 959 2453 id
999 2420 1127 2453 Latine
1165 2424 1201 2453 et
1233 2423 1332 2453 reete
1367 2419 1569 2460 diceretur,
1615 2419 1646 2451 si

924 2468 1091 2502 Pacarius
1120 2478 1255 2513 vapore
1273 2467 1395 2502 balnei
1414 2472 1563 2501 enectus
1586 2471 1646 2500 aut

91 2383 96 2395 r
81 2291 92 2374 »ιω

136 2517 247 2552 levior
273 2517 395 2552 classis
428 2517 556 2551 vadoso
591 2518 686 2551 nturi
709 2518 853 2551 innaret

138 2566 194 2601 vel
219 2567 402 2612 reciproco
429 2567 570 2600 sideret.

210 2624 296 2670 Cap.
317 2626 370 2660 16.
397 2626 488 2660 nihil
511 2627 550 2659 in
573 2638 742 2660 summam
765 2638 854 2671 pro-

136 2676 282 2718 futura:
320 2675 447 2708 vitium
472 2687 606 2708 summa
634 2674 852 2709 assimilandi

139 2722 364 2756 aberratione
405 2722 569 2765 prodiit;
610 2724 648 2756 in
688 2735 855 2757 summam

141 2774 195 2804 est
222 2776 258 2803 ut
285 2771 339 2804 rei
370 2782 503 2804 summa
529 2772 741 2815 efficeretur.
799 2771 854 2805 Cf.

140 2823 262 2852 annot.
288 2818 332 2852 ad
360 2818 440 2853 xm
464 2818 524 2854 38.
669 2820 857 2855 Corsorum

140 2867 300 2901 viribus.-
341 2866 410 2901 hoc
446 2878 517 2901 non
546 2868 625 2901 sine
660 2868 781 2913 aliqua
806 2869 858 2901 ir-

142 2917 277 2950 risione
307 2915 439 2950 dictum
470 2921 535 2950 est.

216 2964 415 3000 inconditos
449 2964 631 2998 homines:
672 2963 707 2998 h.
738 2974 771 2999 e.
798 2965 858 2998 in-

144 3013 287 3048 condita
327 3014 425 3048 vitae
460 3012 722 3048 consuetudine
760 3021 858 3056 usos,

925 2527 1039 2562 aquae
1066 2517 1278 2561 superfusae
1305 2517 1341 2551 vi
1356 2515 1563 2549 submersus
1585 2525 1646 2548 es-

924 2571 1000 2599 set:
1028 2566 1091 2600 sed
1111 2577 1131 2599 a
1156 2565 1429 2611 percussoribus
1450 2575 1529 2598 eum
1555 2573 1645 2597 con-

925 2615 1059 2648 fossum
1087 2626 1167 2649 esse
1208 2620 1244 2649 et
1273 2619 1396 2648 cetera
1436 2618 1471 2646 et
1496 2612 1645 2646 verbum

923 2664 1135 2707 interficitur
1162 2662 1357 2697 declarant.
1393 2663 1516 2705 ltaque
1543 2659 1645 2693 abla-

925 2713 1020 2745 tivus
1046 2712 1199 2745 balineis
1228 2716 1283 2747 est
1301 2721 1404 2744 casus
1429 2709 1513 2750 loci,
1544 2709 1646 2752 isque

927 2761 1021 2794 nude
1048 2762 1187 2804 positus
1227 2759 1495 2805 praepositione
1525 2766 1646 2789 carere

927 2810 1064 2853 nequit.
1095 2808 1148 2842 cf.
1179 2813 1300 2841 annot
1329 2806 1372 2839 ad
1399 2806 1414 2838 l
1440 2806 1498 2839 60.
1537 2804 1647 2838 Prae-

928 2858 1060 2901 positio
1083 2856 1224 2890 delituit
1256 2859 1335 2899 post
1366 2854 1566 2898 proximum
1588 2853 1648 2886 in-

928 2917 988 2950 ops
1014 2903 1210 2948 neglecta‚
1247 2908 1308 2937 aut
1343 2901 1438 2946 quod
1464 2903 1499 2934 in
1530 2900 1648 2947 (ἔρχε-

929 2964 1033 3012 τὺπῳ
1052 2963 1095 2999 1ss
1099 2961 1277 2997 ALINElS
1298 2961 1450 2996 obscure
1476 2962 1648 3005 scriptum

930 3017 1017 3046 erat.
