1768 3216
727 211 1006 249 nts'romcvs.
1549 213 1625 253 80⁸8

127 341 133 344 ·
178 336 263 372 opp.
290 327 327 360 in
352 327 470 362 Rheni
499 329 578 374 ripa
606 328 635 363 H
660 328 685 363 4
709 330 768 365 33.
801 330 846 366 cf.
898 331 943 365 M.
969 330 1117 365 Asinius
1142 330 1268 366 consul
1297 330 1342 365 12
1364 330 1427 366 64.

181 387 211 423 G
239 386 275 421 3.
900 390 993 424 asini
1029 390 1171 437 effigies
1201 389 1341 425 Iudaeis
1381 389 1454 425 coli
1485 389 1623 426 credita

130 445 409 491 Asclepiodotus
434 457 469 482 v.
497 446 655 482 Cassius.
949 450 974 483 ll
1001 451 1022 485 5
1047 451 1082 484 4.
1141 451 1233 484 asini
1273 454 1439 497 agrestes
1472 449 1623 496 Boysen
1649 496 1653 498 ⁴

129 505 309 541 Asconius
334 506 453 541 Labeo
493 512 589 541 tutor
622 507 774 543 Neronis
811 508 852 543 13
952 509 1085 545 ducunt
1110 510 1154 543 ad
1178 520 1348 556 aquarum
1377 520 1489 546 venas
1505 509 1622 547 1153.

181 565 237 601 10.
901 570 1037 604 Asitius
1064 568 1092 603 Ο
1118 570 1175 605 21.

129 625 239 662 Asiae
261 626 368 661 urbes
399 628 570 672 templum
595 627 738 662 Tiberio
775 633 852 663 sta·
900 630 1016 674 Asper
1042 629 1223 674 Sulpicius
1252 639 1288 663 v.
1316 629 1508 674 Sulpicius.

179 691 283 720 tuunt
307 687 331 721 4
360 687 403 722 15
429 692 466 722 et
490 688 535 722 37
564 692 599 721 et
624 689 684 723 55.
741 689 849 723 Asiae
899 688 936 724 L.
970 690 1151 734 Asprenas
1184 689 1330 724 Africae
1364 688 1557 735 proconsul
1596 689 1617 724 1,

177 756 327 781 amoena
351 747 375 781 3
403 748 437 781 7.
483 747 718 791 proconsules
745 748 768 783 3
792 749 852 790 32,
948 749 1005 783 53.
1047 750 1295 794 percunctatio
1323 750 1401 784 eius
1426 749 1463 783 in
1489 753 1621 785 senatu

181 805 227 839 13
250 804 312 840 43.
346 805 374 839 H
398 805 422 840 3
446 805 507 841 46.
532 806 564 840 A
588 806 623 841 6.
656 807 766 841 Asiae
790 817 853 841 ur-
949 807 973 842 3
1002 808 1057 843 18.

157 864 241 900 ὼε·
263 864 326 899 Xll
353 869 470 898 terrae
498 870 596 899 motu
622 865 804 910 collapsae
822 867 844 900 2
896 865 1109 911 Calpurnius
1142 868 1322 912 Asprenas
1369 867 1530 903 Galatiae
1575 879 1619 904 ao

181 923 243 959 47.
280 923 326 958 ob
357 924 393 958 id
418 924 552 957 tributo
577 924 718 959 levatae
743 927 765 959 2
790 926 850 969 47,
947 926 1180 971 Pamphyliae
1209 928 1433 972 praepositus
1455 928 1484 962 ll
1507 929 1531 963 2
1557 928 1593 964 9.

134 989 146 1001 ⁵
174 985 200 1019 4
227 983 284 1018 13.
337 982 382 1017 ab
406 982 551 1028 Europa
578 984 770 1019 divortium
799 987 842 1019 12
891 986 1030 1030 Assyrii
1058 986 1087 1019 H
1113 990 1135 1023 5
1159 986 1182 1019 2
1203 990 1240 1020 ct
1263 987 1302 1021 8.
1327 986 1475 1031 Assyria
1496 989 1540 1023 12
1562 987 1619 1023 13.

175 1042 237 1080 63.
275 1047 398 1088 parata
423 1044 657 1089 peccantibus
682 1045 715 1080 A
736 1045 774 1080 6.
815 1050 850 1080 et
899 1045 1000 1089 asyla
1026 1045 1117 1090 apud
1144 1046 1297 1080 Graecas
1323 1047 1488 1082 civitates
1512 1048 1536 1082 3
1559 1047 1618 1091 60,

175 1104 343 1138 servituti
369 1103 396 1138 11
421 1105 447 1140 4
476 1104 531 1138 17.
952 1105 977 1139 4
1006 1105 1060 1139 14.
1091 1105 1229 1149 asylum
1254 1106 1388 1141 Romae
1413 1107 1443 1140 Η
1467 1107 1491 1142 3
1516 1108 1576 1143 71.

125 1163 306 1198 Asiaticus
344 1163 415 1197 dux
446 1163 638 1198 Galliarum
672 1164 700 1197 ll
738 1166 760 1198 2
786 1163 844 1202 94.
894 1165 1021 1199 Ateius
1066 1164 1191 1210 Capito
1238 1166 1439 1200 coercendo
1483 1166 1620 1202 flumini

174 1223 220 1257 ad
244 1223 457 1267 supplicium
484 1224 686 1268 postulatur
710 1224 797 1258 ibid.
942 1224 1060 1258 Tiberi
1102 1226 1296 1269 imponitur
1324 1228 1341 1260 1
1372 1226 1430 1261 76.
1496 1226 1541 1260 de
1573 1237 1618 1262 eo

125 1283 307 1318 Asiaticus
345 1283 458 1317 Iulius
488 1283 516 1317 0
554 1283 609 1319 14.
669 1283 763 1318 idem
803 1294 845 1317 ac
942 1285 1090 1329 negotio
1116 1285 1152 1318 in
1177 1289 1305 1318 senatu
1330 1285 1408 1330 agit
1435 1286 1453 1319 1
1471 1286 1530 1322 79.
1555 1285 1618 1319 Ti-

178 1343 287 1388 prior,
311 1347 351 1377 ut
375 1343 538 1385 videtur3
566 1353 600 1376 v.
626 1347 748 1377 annot.
943 1343 1044 1377 herio
1068 1344 1104 1377 in
1132 1348 1259 1377 senatu
1284 1343 1491 1378 adversatur
1508 1345 1532 1379 3
1556 1345 1615 1383 70.

126 1403 311 1438 Asiaticus
346 1401 483 1436 Vitellii
514 1401 666 1436 libertus
703 1401 778 1436 112
807 1403 850 1436 57
947 1403 1097 1436 moritur
1124 1403 1147 1437 3
1174 1403 1230 1438 75.

174 1468 212 1497 ct
235 1463 295 1498 95.
326 1461 451 1496 servili
478 1461 658 1507 supplicio
683 1461 846 1496 adficitur
894 1462 932 1496 P.
958 1462 1112 1497 Atellius
1139 1473 1173 1496 v.
1202 1461 1399 1507 Palpellius
1426 1462 1557 1498 Hister.

173 1523 204 1558 11
229 1522 254 1558 4
282 1524 338 1557 11.
898 1523 1023 1557 Ateste
1051 1533 1134 1567 opp.
1162 1523 1280 1569 (Este)
1307 1522 1336 1556 Η
1362 1524 1385 1558 3
1413 1524 1448 1558 6.

128 1583 310 1617 Asiaticus
338 1581 504 1616 Valerius
531 1591 564 1615 v.
598 1581 774 1615 Valerius,
895 1582 1137 1617 Athenienses
1163 1583 1307 1616 summis
1334 1581 1530 1617 honoribus
1549 1593 1616 1618 ex-

129 1642 277 1677 Asinius
302 1641 463 1687 Agrippa
487 1640 612 1674 consul
642 1639 665 1672 4
690 1639 749 1675 34.
778 1650 853 1674 mo-
953 1641 1089 1686 cipiunt
1122 1641 1367 1675 Germanicum
1402 1643 1425 1676 2
1455 1642 1513 1676 53.
1546 1641 1617 1676 ui..

172 1702 263 1735 ritui·
290 1699 314 1733 4
340 1700 398 1735 61.
946 1701 1110 1734 tbridatis
1147 1702 1367 1746 Antoniique
1391 1701 1482 1735 socii
1507 1703 1531 1737 2
1555 1702 1614 1737 55.

128 1760 277 1795 Asinius
304 1759 429 1794 Gallus
460 1762 474 1793 1
503 1759 538 1794 8.
600 1760 748 1795 libertas
775 1761 852 1794 eius
947 1770 1089 1794 veneno
1117 1761 1330 1806 extinguunt
1362 1760 1545 1793 damnatos
1572 1761 1615 1795 15

175 1831 263 1868 erga
305 1819 482 1854 Tiberium
535 1821 551 1852 1
599 1822 652 1855 12.
732 1830 845 1866 gener
941 1820 1000 1855 64.
1038 1829 1162 1853 eorum
1186 1818 1288 1865 leges
1317 1830 1337 1852 a
1362 1818 1496 1854 Solone
1521 1819 1614 1853 scri-

171 1881 354 1926 Agrippae
378 1879 465 1913 ibid.
491 1880 527 1912 in
554 1885 679 1914 senatu
695 1885 844 1914 senten·
941 1883 1024 1923 ptae
1049 1880 1072 1914 3
1097 1879 1155 1914 26.
1178 1883 1338 1912 oratores
1365 1878 1393 1913 Ο
1419 1879 1466 1913 25
1492 1882 1529 1912 et
1551 1879 1615 1914 40.

169 1941 242 1978 tiae
271 1942 287 1974 1
318 1939 375 1982 76,
401 1940 423 1972 2
449 1939 497 1974 32
525 1944 562 1973 et
585 1940 632 1973 33
659 1945 696 1974 et
720 1941 780 1982 35,
818 1940 842 1972 4
937 1938 1121 1983 Philippus
1147 1940 1237 1983 ipsis
1266 1937 1478 1972 metuendus
1511 1940 1535 1973 2
1552 1938 1612 1973 63.

170 2001 221 2036 20
245 2004 283 2034 et
307 1999 355 2035 30
379 2003 416 2033 et
441 2000 498 2034 71.
529 1999 708 2033 tribunum
724 1998 840 2044 plebis
939 2000 1054 2032 victos
1088 1998 1257 2032 arcebant
1291 2008 1355 2043 pro
1390 1998 1607 2044 alienigenis

171 2060 334 2104 increpat
360 2060 376 2092 1
405 2059 462 2093 77.
490 2063 661 2102 patronus
684 2058 848 2092 al'isone
949 2059 987 2092 11
1020 2058 1079 2092 24.

171 2119 305 2163 petitur
329 2118 352 2152 3
382 2119 437 2152 11.
465 2117 643 2152 Tiberium
669 2117 845 2151 adulando
895 2117 977 2151 Atia
1002 2117 1156 2163 Augusti
1182 2120 1294 2150 mater
1319 2115 1347 2150 0
1373 2114 1430 2150 28.

171 2178 321 2213 offendit
342 2177 367 2211 4
390 2179 446 2212 71.
473 2179 695 2223 Agrippinae
709 2177 848 2211 adulter
895 2177 1036 2211 Atidius
1063 2177 1230 2211 Geminus
1255 2179 1280 2210 4
1300 2177 1358 2210 43.

172 2235 197 2269 6
221 2237 280 2271 25.
309 2237 458 2269 moritur
482 2236 505 2271 6
530 2237 588 2270 23.
890 2236 1021 2270 Atilius
1050 2235 1147 2269 bello
1171 2234 1305 2267 Punico
1338 2234 1451 2277 primo
1487 2233 1613 2267 aedem

122 2296 271 2331 Asinius
298 2294 488 2329 Marcellus
515 2296 559 2329 14
586 2295 645 2330 40.
692 2305 847 2339 pauper·
945 2295 1028 2338 Spei
1057 2298 1165 2327 vovet
1190 2295 1213 2327 2
1238 2293 1296 2327 49.

170 2360 279 2389 tatem
307 2355 536 2399 praecipuum
565 2353 736 2387 malorum
764 2364 845 2387 cre·
895 2352 1026 2387 Atilius
1053 2352 1202 2386 libertus
1238 2353 1273 2385 in
1309 2350 1454 2386 exilium
1491 2351 1610 2396 agitur

176 2414 228 2448 dit
255 2413 342 2448 ibid.
947 2412 971 2446 4
998 2412 1046 2446 33
1074 2415 1110 2445 et
1135 2411 1194 2446 62.

122 2476 268 2510 Asinius
294 2473 409 2508 Pollio
442 2475 457 2507 1
490 2473 544 2515 12,
577 2473 614 2505 11
644 2472 679 2506 6.
742 2472 771 2505 0
802 2472 841 2506 17
891 2470 1023 2504 Atilius
1046 2469 1160 2504 Rufus
1186 2470 1311 2514 Syriae
1334 2476 1479 2514 praeses
1500 2468 1607 2504 A4o.

169 2539 204 2569 et
230 2535 272 2568 21
314 2539 349 2567 et
386 2534 443 2567 25.
509 2533 552 2565 de
588 2533 665 2565 eius
698 2532 840 2576 scriptis
890 2530 1022 2564 Atilius
1051 2530 1212 2575 Vergilio
1238 2529 1265 2563 ll
1296 2531 1310 2563 1
1338 2530 1398 2564 44.

168 2594 301 2628 mentio
327 2591 351 2627 4
376 2593 434 2626 34.
464 2592 492 2625 (l
519 2591 576 2625 38.
895 2589 1025 2624 Atilius
1053 2590 1166 2622 Verus
1193 2589 1219 2623 Η
1246 2590 1268 2623 3
1296 2590 1353 2623 22.

118 2653 265 2686 Asinius
295 2649 408 2684 Pollio
446 2649 525 2683 alae
564 2649 766 2694 praefectus
809 2650 837 2683 ll
887 2648 996 2683 Atilia
1038 2650 1169 2683 Lucani
1208 2652 1320 2681 mater
1358 2646 1399 2680 15
1441 2646 1498 2680 56.
1538 2655 1606 2679 uec

166 2712 188 2745 2
214 2710 271 2745 59.
298 2711 335 2744 in
360 2709 482 2742 Africa
507 2718 698 2753 oppressus
719 2709 804 2742 ibid.
931 2708 1128 2743 absolvitur
1153 2717 1219 2741 nec
1246 2706 1429 2739 dainnatur
1466 2707 1508 2740 15
1545 2706 1601 2740 71.

117 2771 262 2805 Asinius
288 2769 478 2804 Saloninus
504 2768 580 2803 obit
605 2769 627 2803 3
654 2769 710 2803 75.
883 2768 1059 2802 Atimetus
1085 2767 1263 2801 Domitiae
1290 2765 1436 2800 libertus
1457 2769 1492 2800 et
1513 2774 1605 2799 con-

119 2831 158 2866 G.
188 2831 334 2866 Asinius
361 2829 485 2864 consul
510 2829 535 2862 4
563 2830 595 2863 1.
935 2828 1085 2862 cubinus
1114 2828 1159 2862 13
1187 2827 1230 2862 19
1258 2830 1293 2860 et
1317 2827 1376 2862 21.
1420 2824 1597 2872 supplicio

118 2891 156 2927 L.
185 2891 330 2927 Asinius
356 2888 482 2927 consul
510 2889 554 2928 14
578 2889 637 2926 48.
936 2887 1097 2922 adficitur
1126 2887 1168 2923 13
1194 2888 1251 2923 22.
