1768 3216
109 160 338 199 natzar«
529 138 533 140 ’
588 151 734 194 menn-⁷
754 158 798 193 11.
849 158 936 194 cn.
964 159 1122 195 34-37.
1545 152 1618 191 133

107 275 163 319 in·
181 274 319 318 oculis
347 273 563 328 utriusque
593 273 805 316 exercitus
836 277 989 327 quanto
1020 274 1197 316 laetiora
1223 273 1470 326 Vitellianis,
1503 277 1619 315 tanto

109 348 249 393 acrius
288 348 517 391 Othoniani
565 359 734 390 causam
775 351 1075 402 auctoremque
1116 348 1251 390 cladis
1293 348 1617 390 detestabantur.

40 423 163 466 sent
187 423 395 478 proelium
424 422 615 477 quidem,
648 422 832 475 abruptis
864 434 971 476 quae
1002 428 1249 477 supererant
1277 423 1477 476 navibus,
1519 402 1703 478 sugaf‘ss
1720 414 1762 453 ‘5³³

110 498 384 552 diremptum:
428 497 572 539 Macer
602 497 655 538 ad
668 478 859 538 Ἑῖιῖἷίᾞῐη
888 498 1156 551 poscebatur.
1220 499 1388 552 lamque
1418 499 1622 541 vulnera-
1643 477 1763 570 “J'‘

108 577 195 627 mm
223 572 384 614 eminus
414 571 564 614 lancea
593 571 752 612 strictis
783 571 938 626 gladiis
969 572 1225 625 invaserant,
1258 585 1352 614 cum
1383 573 1654 616 intercursus

94 647 370 689 -tribunorum
401 646 777 699 centurionumque
806 647 1055 701 protegitur.
1114 647 1203 688 Nec
1244 646 1371 688 multo
1410 651 1505 701 post
1532 646 1623 689 Ve-

110 722 279 765 stricius
324 721 532 775 Spurinna
575 721 691 762 iussu
737 721 939 772 Othonis,
980 721 1130 762 relicto
1172 721 1412 764 Placentiae
1450 722 1620 763 modico

110 795 350 852 praesidio,
397 808 491 837 cum
523 795 767 836 cohortibus
797 795 1006 836 subvenit.
1066 795 1175 837 Dein
1206 795 1392 837 Flavium
1423 796 1623 838 Sabinum

76 899 80 902 -
114 869 338 914 consulem*
360 869 624 928 defflffllfflfflll
645 869 752 911 Otho
783 874 993 911 rectorem
1026 870 1159 924 copiis
1180 870 1292 911 misit
1311 870 1461 923 quibus
1480 870 1624 912 Macer

70 962 74 964 ·
112 926 514 1000 ῃηθῗῖόἧῖῖειεῑό
540 945 671 986 milite
702 945 755 986 ad
785 945 1056 986 mutationem
1088 944 1255 996 ducum,
1289 948 1331 986 et
1360 945 1536 986 ducibus
1563 946 1618 987 ob
1638 950 1677 988 ιό

114 1019 287 1064 crebras
316 1019 548 1062 seditiones
578 1023 662 1061 tam
692 1018 887 1062 infestam
917 1019 1105 1061 militiam
1135 1019 1470 1073 aspernantibus.

43 1099 103 1139 37
202 1132 203 1135 ,
248 1093 423 1136 Invenio
452 1094 560 1148 apud
592 1094 796 1149 quosdam
826 1098 1021 1136 auctores
1051 1106 1211 1148 pavore
1231 1093 1331 1135 belli
1354 1106 1431 1136 seu
1454 1093 1624 1135 fastidio

114 1168 329 1223 utriusque
346 1169 586 1223 principis,
632 1181 807 1223 quorum
835 1168 996 1224 flagitia
1027 1181 1076 1210 ac
1109 1169 1296 1210 dedecus
1337 1168 1549 1223 apertiore
1581 1167 1625 1208 in

115 1243 211 1286 dies
237 1243 348 1286 fama
378 1244 675 1297 noscebantur,
708 1243 921 1286 dubitasse
952 1244 1164 1285 exercitus
1194 1256 1293 1285 num
1322 1244 1460 1297 posito
1485 1245 1628 1283 certa-

115 1317 228 1360 mine
256 1318 326 1360 vel
355 1318 436 1373 ipsi
467 1319 510 1359 in
541 1319 725 1361 medium
758 1319 1067 1371 consultarent,
1114 1319 1182 1360 vel
1213 1318 1378 1360 senatui
1406 1316 1682 1372 permitte-¹5

115 1396 211 1440 rent
237 1392 382 1448 legere
411 1393 721 1447 imperatorem.
761 1394 900 1448 Atque
930 1406 982 1436 eo
1007 1394 1136 1436 duces
1165 1393 1426 1435 Othonianos
1449 1392 1629 1446 spatium

263 1520 299 1555 3.
326 1519 484 1566 abruptis
506 1520 568 1555 BR
594 1525 630 1555 et
655 1522 692 1554 in
718 1532 790 1567 mg.
820 1520 848 1555 G
873 1522 934 1567 qui
961 1531 1018 1555 om
1052 1522 1090 1554 in
1125 1524 1318 1555 contextu:
1362 1517 1418 1553 Ma
1455 1518 1626 1562 arr-aptis,

116 1566 144 1602 l.
169 1566 227 1602 Fr.
257 1567 459 1602 Gronovius
486 1566 651 1614 abreptis.
760 1575 971 1615 supererant
1009 1568 1086 1603 Ma:
1121 1570 1374 1615 superfuerant
1407 1567 1435 1600 G
1463 1571 1498 1600 et
1527 1565 1628 1600 Oxo-

119 1617 277 1653 aienses.
353 1621 390 1653 4.
415 1629 538 1652 macer
564 1619 621 1663 (in
645 1628 771 1652 versus
798 1618 888 1665 fine)
917 1619 1061 1652 anitium
1086 1618 1166 1651 Ma:
1192 1618 1319 1652 Macer
1345 1615 1393 1649 ad
1417 1615 1560 1649 exitium
1587 1613 1628 1648 G.

117 1664 337 1699 volneratum
372 1665 439 1701 Ma.
550 1667 607 1702 10.
645 1668 846 1712 praefuerit
880 1666 946 1708 Ma,
986 1677 1164 1711 superscr.
1201 1677 1224 1699 a
1257 1665 1304 1699 ab
1343 1664 1469 1698 eadem
1494 1673 1628 1697 manu:

114 1715 352 1761 praefuerant
375 1714 416 1749 G.
514 1714 623 1749 milite
649 1721 681 1749 et
707 1714 813 1749 Gna:
840 1715 870 1750 R
894 1715 1016 1750 milite.
1119 1716 1173 1749 11.
1213 1715 1345 1759 infesta
1369 1712 1532 1746 militiam
1557 1709 1628 1746 Ma.

118 1855 212 1879 nera
247 1844 403 1891 dirigere
434 1850 468 1879 et
500 1844 656 1879 calamos
694 1856 838 1878 armare

119 1904 267 1928 mmo.

166 1943 544 1989 remiyespropuqnato
549 1953 671 1987 resque
681 1954 692 1976 .·
705 1942 841 1976 Graece

120 1996 206 2024 sunt
229 1993 359 2038 ἐρέται
400 1996 437 2025 et
474 1989 676 2036 ἐπιβάται,
717 1991 770 2025 illi
797 1991 842 2024 ad

120 2038 393 2086 remigandum,
444 2040 482 2074 hi
529 2040 573 2074 ad
612 2039 842 2086 pugnandum

121 2088 291 2123 destinati
307 2093 345 2123 et
362 2089 454 2123 locis
474 2088 632 2123 discreti.
657 2088 741 2122 Fori
760 2098 843 2122 mox

121 2138 309 2172 memorati
346 2143 430 2171 sunt
454 2138 537 2173 loca
579 2138 616 2171 in
650 2136 843 2182 superficie

123 2190 160 2220 et
199 2185 370 2221 tabulatis
410 2188 555 2221 navium
599 2187 740 2232 (Gange
786 2196 845 2219 am

126 2234 252 2275 Bora).

197 2282 284 2327 Cap.
311 2282 373 2318 36.
417 2278 575 2329 abruptis
602 2295 692 2328 quae
717 2294 844 2328 super-

110 2337 229 2366 ·erant
253 2332 424 2366 nam'bus:
451 2343 563 2366 naves
592 2343 686 2378 quae
711 2342 843 2376 super-

126 2385 229 2416 erant
263 2381 309 2414 ab
342 2381 388 2415 iis
427 2392 519 2426 quae
554 2383 591 2415 in
629 2385 845 2426 potestatem

127 2433 165 2464 et
188 2439 315 2463 manus
339 2428 595 2464 Germanorum
622 2430 846 2464 devenerant

127 2477 267 2522 trepide
293 2482 329 2512 et
350 2479 479 2523 raptim
497 2477 708 2512 ‘disiunctae
728 2488 846 2523 eoque

128 2525 292 2561 hostibus
331 2532 479 2571 ereptae
517 2532 609 2562 sunt.
673 2526 844 2560 Gronovii

130 2576 338 2608 coniectura
370 2575 550 2621 abreptis,
585 2576 618 2610 h.
649 2587 682 2610 e.
718 2576 847 2619 raptim

130 2622 293 2658 abductis
315 2649 326 2665 ,
363 2628 510 2667 propter
553 2624 714 2658 additum
758 2626 849 2669 fuya

132 2671 338 2716 diremptum
371 2672 489 2704 minus
527 2672 848 2706 commendationis

133 2718 276 2753 videtur
318 2718 465 2754 habere.
527 2719 656 2754 Forma
692 2722 848 2766 «ταφείς

133 2777 197 2812 pro
222 2767 380 2813 abruptis
407 2779 452 2801 ex
478 2769 786 2813 permutationeB
813 2775 850 2803 et

135 2816 166 2850 R
187 2815 389 2851 litterarum
415 2821 500 2851 nata
526 2821 592 2851 est.
681 2829 760 2851 can
784 2830 847 2851 co-

134 2864 312 2899 lwrcitms:
338 2869 441 2900 erant
461 2870 533 2900 tres
554 2865 724 2900 cohortes
744 2876 852 2911 prae-

136 2913 275 2957 toriae;
302 2923 342 2948 v.
364 2924 444 2959 cap.
473 2914 530 2949 18.
727 2920 729 2922 ’

982 1844 1150 1878 Flavium
1168 1843 1340 1877 Sabinum
1365 1840 1542 1875 consulem
1567 1840 1631 1874 de-

909 1895 1111 1939 siquatum:
1147 1891 1284 1926 addidit
1320 1889 1497 1925 consulem
1535 1889 1632 1923 desi-

909 1949 1067 1989 gnatum,
1096 1945 1136 1974 ut
1162 1940 1258 1974 hunc
1282 1939 1447 1974 Flavium
1460 1937 1632 1971 Sabinum

910 2003 931 2026 a
956 1991 1068 2025 fratre
1087 1989 1314 2034 Vespasiani,
1347 1990 1407 2034 qui
1426 1986 1632 2031 praefectus

910 2040 1011 2082 urbi,
1040 2040 1273 2073 discerneret.
1327 2037 1449 2071 Alium
1477 2045 1558 2069 esse
1589 2046 1632 2068 ac

911 2089 1058 2123 fratrem
1071 2087 1283 2132 Vespasiani
1308 2096 1381 2119 non
1402 2083 1518 2118 solum
1544 2083 1633 2117 hinc

913 2142 1068 2179 certum,
1117 2135 1213 2181 quod
1238 2134 1445 2179 praefectus
1471 2131 1551 2165 urbi
1580 2133 1633 2165 si-

912 2186 985 2220 mul
1031 2184 1220 2218 consulatu
1256 2183 1359 2228 fungi
1392 2192 1465 2215 non
1501 2181 1631 2224 potuit,

912 2234 976 2269 sed
1003 2235 1110 2267 etiam
1138 2233 1235 2266 clare
1270 2230 1489 2276 intelligitur
1517 2239 1561 2262 ex
1588 2228 1632 2261 H.

913 2283 946 2317 ll
974 2283 1018 2317 51
1049 2285 1254 2325 comparato
1285 2290 1364 2313 cum
1391 2280 1451 2313 55.
1509 2275 1549 2309 In
1574 2277 1635 2310 in-

914 2331 1052 2366 dicibus
1095 2330 1165 2363 duo
1206 2332 1242 2362 in
1290 2338 1400 2361 unum
1445 2335 1634 2371 perperam

914 2381 1205 2415 commiscentur.

986 2427 1074 2473 Cap.
1089 2428 1149 2462 37.
1175 2428 1318 2461 invenio
1344 2424 1439 2471 apud
1464 2424 1634 2469 quosdam

913 2483 1078 2511 auctores
1104 2498 1149 2504 —
1187 2487 1219 2510 c.
1235 2476 1283 2511 38
1317 2475 1365 2508 ad
1389 2484 1508 2507 rerum
1534 2473 1635 2506 ordi-

913 2538 994 2560 nem
1018 2526 1144 2560 0em'o:
1181 2526 1275 2559 scite
1309 2528 1489 2568 apteque,
1528 2526 1636 2555 ante-

914 2586 1019 2620 quam
1046 2579 1199 2609 eventus
1214 2583 1332 2607 rerum
1359 2577 1396 2606 et
1423 2580 1542 2604 casum
1567 2580 1635 2612 pe-

913 2624 1093 2658 riculosae
1132 2623 1279 2667 plenum
1311 2621 1414 2654 aleae
1454 2627 1637 2651 memora-

916 2678 982 2714 ret,
1011 2672 1195 2717 paulisper
1214 2670 1413 2714 digreditur
1439 2666 1484 2700 ad
1511 2675 1637 2699 causas

917 2721 1079 2755 civilium
1122 2729 1296 2753 armorum
1347 2719 1383 2749 in
1428 2715 1637 2748 universum

918 2769 1185 2803 describendas.
1237 2766 1311 2799 liae
1338 2768 1419 2796 sunt
1452 2764 1638 2806 potentiae

918 2817 1048 2861 cupido
1079 2821 1115 2849 et
1149 2812 1358 2860 magnitudo
1391 2811 1563 2855 imperii,
1601 2810 1636 2844 h.

920 2877 950 2899 e.
979 2868 1196 2908 impotentes
1222 2860 1427 2896 dominandi
1455 2860 1639 2906 cupidita-

920 2918 993 2955 tes,
1027 2923 1068 2946 ac
1092 2910 1198 2946 simul
1231 2920 1361 2955 magna
1389 2907 1637 2950 incitamenta,
