1768 3216
157 222 205 256 ea
771 195 1037 255 GERMAMAE

158 335 405 378 reverentia.
467 333 597 377 Nemo
628 332 707 375 nisi
737 331 904 376 vinculo
936 332 1088 386 ligatus
1133 330 1389 385 ingreditur,
1430 333 1475 377 ut
1514 329 1650 376 minor

158 413 199 452 et
226 411 468 462 potestatem
504 405 681 451 numinis
710 419 810 460 prae
839 419 885 448 se
914 406 1069 448 serens.
1117 406 1158 451 Si
1190 407 1297 449 sorte
1328 404 1545 459 prolapsus
1572 408 1647 456 esi,

157 482 284 524 attolli
331 486 371 523 et
411 482 629 536 insurgere
670 481 779 525 haud
823 480 1008 524 licitum:
1059 492 1133 533 per
1176 480 1338 525 tmuium
1389 478 1648 526 evolvuntur.

154 558 298 610 quue
327 557 459 600 omnis
492 555 729 610 superstitio
774 554 957 608 respicit,
990 558 1194 607 tamquam
1226 553 1324 595 inde
1352 553 1468 597 initia
1496 552 1648 608 gentis,

124 631 212 673 sibi
244 634 443 686 regnator
483 630 662 673 omnium
695 629 821 680 ‹leuS,
874 633 1015 670 cetera
1056 628 1243 672 subiecta
1284 631 1405 681 atque
1447 626 1648 680 parentia.

153 705 295 748 Adicit
324 706 609 747 auctoritatem
629 705 791 747 fortuna
807 704 1082 747 Semnonum:
1113 706 1275 747 centum
1294 701 1414 756 pagis
1445 701 1649 751 habitant3

154 792 389 835 magnoque
434 792 612 834 corpore
658 779 836 822 efficitur
867 783 910 821 ut
937 791 984 820 se
1023 778 1253 821 Suevorum
1298 780 1420 830 caput
1461 774 1648 822 credant.

269 855 420 896 Contra
440 853 740 908 Langobardos
760 853 947 907 paucitas
972 851 1173 896 nobilitat.
1219 850 1406 896 Plurimis
1432 862 1481 892 ao
1500 848 1650 896 valen·-
1663 849 1720 889 40

156 928 326 970 tissimis
358 928 594 970 nationibus
626 927 750 968 cincti
781 939 864 968 non
895 939 969 980 per
1000 926 1266 979 obsequium,
1299 925 1373 967 sed
1407 923 1578 978 proeliis
1609 927 1650 965 et

102 1011 144 1040 io
157 1002 432 1056 periclitando
465 1002 539 1043 tuti
565 1006 671 1044 sunt.
730 1001 937 1055 Reudigni
969 999 1120 1041 deinde
1158 1004 1197 1041 et
1230 999 1417 1040 Aviones
1449 1001 1490 1039 et
1508 996 1649 1052 Anglii

294 1139 326 1172 5.
353 1138 531 1184 parentia,
558 1137 800 1181 superscripto
826 1135 869 1169 ab
907 1135 952 1171 al.
980 1146 1085 1169 manu
1112 1140 1122 1170 t
1147 1138 1185 1167 ut
1209 1135 1255 1167 sit
1276 1134 1449 1179 patentia,
1476 1132 1513 1169 P.
1611 1132 1647 1168 6·

161 1186 282 1220 adiicit
307 1186 343 1220 P.
484 1197 651 1223 serianum
686 1194 862 1228 superscr.
889 1195 922 1217 m
949 1182 984 1217 P.
1107 1183 1210 1228 paqis
1247 1181 1407 1217 habitant
1439 1179 1648 1220 Ernestius:

155 1235 259 1280 pagis
298 1233 502 1268 habitantur
538 1233 699 1278 (litterae
734 1244 777 1266 ur
813 1242 876 1276 per
917 1230 1183 1276 compendium)
1227 1230 1250 1262 P
1290 1234 1325 1263 et
1365 1230 1489 1264 ceteri.
1614 1230 1648 1264 7.

159 1293 305 1328 corpore
331 1292 507 1326 superscr.
538 1288 649 1327 temp,
677 1279 739 1314 sed
768 1279 836 1313 hoc
861 1289 981 1313 rursus
1009 1280 1149 1324 punctis
1177 1278 1427 1321 subnotatum,
1453 1277 1490 1312 P.
1612 1276 1648 1311 8.

158 1329 409 1375 Lonyobardos
432 1330 578 1364 ultimae
604 1328 765 1372 syllabae
792 1338 967 1373 superscr.
995 1329 1008 1360 i
1034 1327 1069 1360 P.

157 1388 247 1423 que:
276 1378 437 1412 nobilitat
463 1378 700 1412 Farnesianus
726 1381 760 1410 et
786 1379 826 1411 A.

1171 1326 1336 1360 nobilitas
1363 1325 1387 1359 P
1415 1337 1492 1360 cum
1518 1325 1651 1370 pleris-

942 1377 996 1412 10.
1032 1375 1219 1420 Veusdiyni
1246 1375 1388 1409 litterae
1415 1375 1453 1414 ,V
1474 1383 1649 1418 superocr.

156 1427 190 1461 R
217 1426 395 1471 (Orellius
422 1426 512 1461 falsa
537 1426 581 1460 de
611 1425 702 1460 libro
729 1424 754 1458 P
779 1424 931 1471 rettulit)
959 1424 1007 1457 P:
1047 1435 1090 1457 ex
1117 1423 1247 1457 ceteris
1273 1423 1436 1468 plerique
1463 1422 1650 1468 Reudigni,

156 1474 314 1509 Aniones
338 1476 450 1520 primo
480 1486 505 1508 n
530 1484 708 1519 superscr.
736 1486 756 1507 υ
784 1473 821 1508 Ρ.

154 1631 246 1666 quae
273 1621 422 1666 primum
452 1620 545 1655 festo
576 1620 634 1654 die
675 1619 864 1654 celebran-

154 1673 221 1704 tur.
297 1675 335 1704 ut
358 1671 475 1704 minor
494 1691 538 1697 —
553 1679 642 1714 prae
668 1680 704 1702 se
726 1670 846 1713 ferens
868 1678 876 1700 ι

155 1717 246 1752 haec
273 1728 337 1751 suo
364 1718 497 1751 iudicio
538 1717 634 1752 addit
660 1716 801 1750 Tacitus
828 1715 870 1749 ad

156 1766 402 1809 explicandam
429 1767 501 1799 vim
529 1767 617 1799 ritus
650 1764 754 1798 modo
786 1774 870 1798 nar-

158 1815 238 1848 rati.
266 1813 520 1848 Doederlinius
550 1814 769 1857 comparavit
796 1813 870 1846 tlo-

156 1863 236 1896 ratii
262 1862 376 1897 Carm.
404 1861 450 1895 111
476 1862 498 1897 6
524 1863 568 1897 5:
612 1862 663 1895 elis
691 1868 722 1895 te
755 1862 870 1895 mino-

156 1922 233 1944 rem
259 1911 347 1955 quod
372 1911 477 1956 yet-is,
504 1911 657 1956 imperas
672 1921 684 1951 ,·
715 1909 786 1944 112
801 1909 866 1943 57:

159 1964 191 1992 le
217 1959 333 1992 minor
358 1958 466 1991 latum
489 1964 586 2003 ‘reyet
612 1958 740 1991 orbem.
768 2001 775 2005 „

227 2039 292 2074 per
318 2027 454 2062 humum
493 2027 717 2062 evolvuntur:
760 2038 779 2060 a
806 2038 870 2060 ce-

157 2075 244 2109 teris
275 2079 334 2108 aut
371 2086 434 2119 per
462 2077 665 2118 ministros,
700 2080 737 2111 ut
763 2074 868 2108 vide-

159 2127 226 2158 tur.
274 2123 527 2157 Doederlinius
554 2125 808 2167 interpretatur
833 2134 869 2156 sc

160 2171 336 2214 evolvunt,
371 2176 408 2204 ut
445 2171 583 2206 advolvi
618 2177 654 2206 et
689 2171 869 2204 advolutus

159 2220 174 2253 1
204 2220 248 2254 13
279 2224 314 2253 et
340 2221 407 2262 23,
453 2220 498 2254 VI
533 2221 593 2255 49.
649 2220 690 2253 H.
725 2219 773 2253 IV
809 2219 867 2260 81,

154 2267 356 2313 provolutus
383 2268 428 2303 XI
455 2269 514 2311 30,
542 2268 605 2302 XII
653 2268 713 2310 18,
741 2267 820 2301 XIV
847 2268 868 2301 2

158 2319 193 2349 et
217 2315 275 2350 61.

240 2391 376 2419 centum
419 2387 520 2431 payis
565 2387 725 2420 habitant
749 2397 760 2419 .-
810 2385 868 2430 qui

157 2432 354 2467 defendunt
378 2433 602 2476 habitantum*
620 2434 714 2479 quod
740 2445 796 2467 me
811 2434 869 2466 iu-

158 2481 238 2514 dice
263 2491 372 2525 prava
398 2482 657 2516 assimilatione
684 2482 729 2515 ob
747 2482 870 2525 proxi-

157 2539 251 2562 mum
286 2530 434 2563 verbum
472 2531 622 2574 efficitur
659 2534 775 2563 ortum
803 2533 868 2569 est,

156 2576 278 2610 dicunt
290 2577 485 2611 Semnonas
513 2588 576 2621 pro
608 2583 700 2612 terra
713 2578 866 2612 Semno-

155 2635 238 2658 num
266 2635 358 2660 esse.
388 2625 456 2659 Sed
480 2625 515 2659 id
541 2627 635 2660 iuste
661 2627 767 2659 statui
794 2635 864 2657 non

156 2683 263 2717 posse
289 2673 480 2707 ostendunt
509 2673 619 2708 verba
650 2680 687 2707 ut
711 2685 747 2706 se
774 2673 865 2706 Sue-

153 2733 273 2755 vorum
298 2728 402 2767 caput
431 2722 588 2756 credant.
644 2721 746 2763 Quod
771 2720 862 2754 Bro-

154 2770 264 2803 terius
299 2770 584 2812 commendavit,
614 2772 701 2816 φηςι·
728 2770 769 2803 iis
797 2770 865 2802 lea-

156 2817 322 2861 bitantur,
353 2817 422 2852 hoc
448 2818 541 2853 male
565 2823 678 2852 sonat.

230 2898 423 2933 magnoque
464 2899 645 2934 corpore:
698 2880 866 2933 inagnum

154 2943 282 2981 corpus
308 2936 506 2981 appellavit
533 2942 672 2971 centum
694 2946 865 2983 pagorum

906 1472 1019 1518 anylii
1045 1482 1123 1505 cum
1150 1471 1332 1516 plerisque
1358 1471 1402 1504 P:
1428 1470 1490 1505 alii
1515 1469 1625 1516 angli.

941 1618 1151 1651 societatem
1178 1620 1214 1650 et
1241 1616 1434 1650 civitatem.
1463 1615 1522 1650 Sic
1548 1614 1649 1651 itlv

941 1665 988 1700 64
1013 1666 1052 1699 in
1079 1676 1203 1710 corpus
1221 1676 1412 1709 nomenque
1428 1663 1650 1698 Germaniae.

941 1713 1018 1747 XIII
1045 1714 1090 1749 27
1127 1713 1196 1747 late
1222 1715 1336 1758 susum
1368 1712 1405 1746 id
1431 1723 1556 1758 corpus
1583 1711 1652 1757 (ii-

940 1762 1190 1807 bertinorum).
1229 1761 1332 1794 Conf.
1361 1771 1392 1795 c.
1409 1761 1476 1795 43:
1504 1771 1548 1794 ex
1571 1761 1651 1805 qui-

943 1810 1002 1844 bus
1039 1810 1206 1844 latissime
1236 1815 1333 1856 patet
1358 1808 1548 1853 Lyyiomm
1581 1819 1651 1841 no-

939 1870 1017 1892 men
1043 1859 1081 1892 in
1100 1858 1220 1904 plu-res
1247 1859 1404 1892 civitates
1430 1857 1601 1903 diffusum.

1013 1953 1099 1998 Cap.
1126 1954 1183 1989 40.
1241 1952 1495 1998 Lanyobardos
1522 1952 1651 1997 pauci-

940 2008 993 2035 tas
1008 2001 1190 2035 nobilitat:
1219 2001 1442 2047 Langobardi
1465 2011 1485 2034 a
1499 1999 1652 2034 Semno-

939 2050 1043 2083 nibus
1079 2051 1359 2093 septentrionem
1396 2058 1521 2082 versus
1560 2049 1653 2083 inter

937 2097 1055 2130 Albim
1097 2103 1132 2130 et
1169 2097 1331 2130 viadrum
1367 2096 1492 2143 (Mark
1530 2097 1651 2131 Bran-

941 2145 1111 2190 denlmrq)
1137 2145 1363 2187 habitabant,
1405 2144 1490 2178 olim
1517 2145 1605 2179 victi
1632 2156 1652 2179 a

940 2193 1180 2234 Maroboduo,
1220 2203 1302 2226 mox
1337 2192 1505 2226 libertate
1530 2192 1652 2226 vindi..

940 2246 1043 2275 cata:
1071 2241 1196 2276 Strabo
1226 2240 1286 2274 Vll
1316 2242 1332 2274 1
1360 2241 1395 2275 3.
1453 2240 1592 2275 'I'acitus
1621 2240 1652 2275 11

938 2289 1084 2324 45-46
1103 2294 1138 2323 et
1150 2289 1304 2324 62-64.
1333 2288 1495 2323 Velleius
1516 2288 1547 2322 ΙΙ
1563 2288 1652 2325 106:

938 2338 1050 2382 fracti
1066 2337 1305 2382 Lanqobardi,
1329 2347 1414 2381 qens
1439 2337 1545 2372 etiam
1560 2338 1652 2372 Ger-

938 2397 1046 2419 mana
1070 2387 1213 2430 feritate
1239 2386 1407 2430 ferocior.
1438 2384 1539 2419 Adde
1564 2384 1650 2418 Pto-

939 2434 1068 2467 lemaei
1107 2433 1138 2466 11
1169 2435 1209 2467 11
1251 2435 1286 2476 ς.
1316 2433 1350 2467 9“
1381 2437 1416 2466 et
1445 2433 1486 2467 15
1528 2437 1564 2467 et
1596 2433 1651 2468 17.

937 2481 1041 2524 Apud
1076 2481 1233 2514 Tacitum
1270 2480 1301 2513 11
1337 2480 1384 2515 45
1419 2482 1454 2513 in
1491 2481 1651 2515 Medieeo

938 2530 1058 2572 priore
1084 2533 1137 2562 est
1163 2529 1276 2562 forma
1293 2527 1532 2574 Lanqpbardi,
1559 2528 1652 2572 apud

935 2576 1177 2610 Ptolemaeum
1217 2581 1252 2610 et
1290 2575 1500 2610 Strabonem
1538 2579 1651 2623 Λαγ-

940 2626 1135 2672 γόβαρὸοι.
1186 2623 1318 2658 Velleii
1346 2623 1457 2658 editio
1485 2625 1651 2668 princeps

936 2673 1042 2707 habet
1072 2672 1342 2718 Longobarclos,
1374 2677 1413 2705 ut
1438 2672 1463 2706 P
1497 2678 1533 2706 et
1566 2672 1651 2707 inde

935 2721 1097 2766 plerique
1129 2720 1272 2755 codices
1297 2720 1517 2755 Germaniae.

1008 2792 1186 2836 Reudiyni
1212 2792 1335 2825 deinde
1369 2812 1414 2819 -—
1450 2791 1649 2826 Nurtones:

935 2839 971 2872 hi
1012 2839 1134 2883 populi
1174 2850 1194 2873 a
1218 2839 1461 2884 Langobardis
1499 2843 1651 2883 septen-

935 2888 1087 2921 trionem
1114 2898 1239 2922 versus
1264 2887 1544 2931 aspiciebantur.
1570 2886 1650 2921 An-

934 2936 999 2982 ylio·
1043 2941 1277 2971 recensentur
1315 2936 1423 2970 etiam
1459 2946 1480 2969 a
1525 2933 1649 2978 Ptole-
