1768 3216
755 235 1064 272 HtSTORIARVM
1450 244 1482 269 a.
1506 242 1546 269 -u-
1568 233 1657 275 m.

165 246 240 282 220

167 363 333 418 agmine
363 358 616 402 obturbabat.
663 355 806 397 Laxati
837 354 1007 396 ordines
1039 353 1359 405 abrumpuntur3
1389 363 1469 394 nec
1498 351 1659 395 restitui

167 437 333 491 quivere
377 431 691 486 impedientibus
736 429 941 471 vehiculis
990 426 1304 480 tormentisque.
1360 426 1439 469 Per
1487 426 1658 468 limitem

164 511 257 551 viae
286 510 534 560 sparguntur
575 504 842 546 festinatione
877 500 1150 544 consectandi
1185 500 1383 543 victores.
1435 500 1498 543 Eo
1534 504 1661 544 nota-

163 582 284 623 bilior
314 580 466 621 caedes
498 580 586 631 suit,
622 579 717 632 quia
745 578 850 619 silius
881 581 1041 631 patrem
1088 574 1312 617 interfecit.
1377 575 1479 617 Rem
1518 575 1660 618 nomi-

130 667 296 709 snaque
338 659 509 695 auctore
547 654 746 707 Vipstano
794 651 973 693 Messala
1019 651 1191 692 tradam.
1253 650 1377 691 Iulius
1420 649 1659 694 Mansuetus
1717 679 1731 691 .

162 742 214 771 ex
239 729 460 783 Hispania,
503 728 659 782 Rapaci
693 727 852 781 legioni
896 726 1090 778 additus,
1142 725 1349 779 impubem
1392 724 1519 766 filium
1547 724 1660 767 domi

160 805 348 858 liquerat.
404 804 441 845 Is
469 815 566 845 mox
596 803 784 855 adultus,
827 803 936 844 inter
962 802 1216 856 septimanos
1246 815 1268 844 a
1301 800 1430 844 Galba
1463 799 1662 842 conscri-

159 883 266 933 ptus,
296 878 474 919 oblatum
499 877 606 919 forte
625 881 782 931 patrem
804 881 845 917 et
869 876 1043 918 vulnere
1065 879 1235 918 stratum
1259 874 1353 917 dum
1373 874 1660 918 semianimem

162 957 382 1005 scrutatur,
416 953 579 1007 agnitus
612 963 933 1006 agnoscensque
963 956 1003 992 et
1034 963 1267 1006 exanguem
1297 950 1524 1005 amplexus,
1553 961 1661 992 voce

111 1040 150 1072 to
163 1028 289 1070 flebili
319 1027 566 1086 precabatur
593 1027 725 1081 piatos
756 1027 885 1081 patris
916 1038 1085 1079 manes,
1119 1038 1227 1068 neve
1257 1038 1305 1067 se
1334 1030 1378 1067 ut
1406 1024 1660 1079 parricidam

164 1107 476 1145 aversarentur:
521 1102 729 1156 publicum
758 1102 798 1143 id
832 1102 1017 1152 facinus3
1066 1105 1106 1142 et
1135 1113 1260 1143 unum
1292 1101 1462 1142 militem
1493 1103 1660 1154 quotam

167 1178 349 1219 civilium
375 1190 582 1219 armorum
612 1178 805 1231 partem?
862 1176 989 1218 Simul
1036 1176 1227 1218 attollere
1275 1187 1452 1229 corpus,
1496 1174 1662 1228 aperire

165 1252 355 1304 humum,
407 1264 600 1306 supremo
647 1264 749 1307 erga
788 1255 1004 1306 parentem
1050 1250 1190 1292 officio
1237 1250 1367 1305 fungi.
1426 1248 1663 1292 Advertere

162 1327 354 1381 proximi,
385 1327 537 1368 deinde
567 1327 735 1380 plures:
765 1326 863 1367 hinc
893 1339 969 1380 per
997 1338 1162 1368 omnem
1195 1325 1330 1368 aciem
1358 1323 1603 1368 miraculum
1623 1327 1664 1366 et

110 1416 149 1447 ¹⁵
163 1406 330 1456 questus
371 1405 411 1442 et
453 1401 687 1443 saevissimi
718 1400 814 1442 belli
859 1401 1087 1442 execratio.
1146 1399 1234 1441 Nec
1274 1411 1326 1441 eo
1354 1399 1528 1454 segnius
1558 1410 1663 1452 pro—

161 1476 337 1530 pinquos
369 1475 515 1518 adfinis
546 1476 696 1518 fratres
727 1475 959 1518 trucidatos
991 1475 1194 1530 spoliant3
1226 1474 1379 1516 sactum
1409 1485 1504 1516 esse
1524 1472 1663 1539 scelus
1734 1497 1768 1522 f-

162 1549 384 1609 loquuntur
414 1550 671 1604 faciuntque.
786 1530 907 1595 Call<
953 1545 993 1625 e]
1026 1542 1078 1599 ιζ,
1116 1538 1222 1623 [03]
1268 1534 1458 1602 β’ώᾞ
1498 1538 1559 1601 87
1600 1542 1658 1598 ‚A—
1687 1507 1768 1580 μα’·

296 1624 346 1664 Ut
389 1625 635 1665 Cremonam
679 1635 862 1676 venere,
905 1635 1058 1665 novum
1091 1623 1420 1676 immensumque
1452 1633 1557 1675 opus
1582 1621 1733 1662 oc-26

163 1699 303 1741 currit.
366 1699 602 1741 Othoniano
635 1699 745 1741 bello
775 1699 1050 1742 Germanicus
1079 1699 1198 1741 miles
1230 1697 1449 1740 moenibus
1483 1697 1661 1740 Cremo-

303 1844 337 1877 2.
364 1842 436 1887 inp.
466 1841 531 1877 ΜΒ.

165 1890 365 1923 stinatione.
488 1892 522 1925 4.

167 1938 336 1972 Messalla
363 1937 421 1972 Or.

621 1845 656 1879 3.
684 1844 910 1887 festinatione
936 1842 1165 1877 consectandi
1193 1841 1265 1875 ΜΒε
1303 1841 1330 1876 G
1356 1841 1585 1876 consectando·
1607 1843 1666 1887 re-

565 1891 663 1925 cedes
690 1891 754 1925 ΜΒ.
883 1893 916 1926 5.
955 1892 1103 1935 uipsano
1132 1889 1206 1924 ΜΒε
1235 1895 1435 1924 correctum
1462 1901 1483 1924 a
1510 1889 1664 1934 Ryckio.

550 1939 583 1973 6.
613 1940 688 1984 inp.
718 1938 781 1973 ΜΒ.
898 1940 952 1974 10.
994 1940 1172 1984 pcabatur
1198 1937 1262 1972 ΜΒ.
1365 1938 1487 1983 platos
1511 1937 1578 1982 ΜΒ,
1603 1938 1666 1972 sed

165 1986 202 2018 in
240 1996 282 2019 eo
318 1986 338 2018 I
374 1997 394 2019 a
433 1986 552 2019 littera
585 1987 794 2033 ldistingui
832 1988 893 2021 vix
933 1992 1072 2031 potest,
1112 1986 1205 2020 unde
1249 1985 1405 2020 Pichena
1444 1986 1552 2020 tradit
1586 1996 1667 2020 esse

164 2032 305 2078 platos3
345 2044 388 2067 ex
424 2035 647 2069 correctione
694 2035 849 2069 additum
885 2046 951 2077 ca,
979 2035 1072 2069 unde
1094 2034 1256 2080 placatos
1282 2033 1341 2068 BG
1369 2039 1404 2067 et
1429 2033 1665 2069 Oxonienses.

172 2083 225 2115 11.
253 2088 503 2116 aversarentur
529 2081 606 2116 Ma:
636 2083 912 2117 acl-uersarentur
940 2082 967 2116 G
994 2088 1029 2117 et
1056 2083 1180 2116 ceteri.
1283 2083 1337 2117 12.
1367 2081 1513 2116 attolere
1541 2081 1614 2116 ΜΒε
1641 2081 1669 2116 G

167 2129 337 2164 attollere.
440 2131 493 2165 13.
520 2131 644 2176 sufimo
670 2130 735 2165 ΜΒ.
865 2132 918 2166 15.
946 2132 1118 2165 senissimi
1144 2130 1208 2165 ΜΒ.
1311 2130 1364 2164 16.
1397 2130 1565 2165 trucidati
1590 2129 1667 2165 ΜΒε

167 2179 359 2212 trucidatos
385 2178 412 2212 G
438 2183 473 2213 et
497 2179 570 2214 alii.
660 2179 712 2214 19.
741 2190 864 2224 yerma
892 2180 948 2224 (in
974 2190 1099 2214 versus
1126 2179 1216 2225 fine)
1240 2190 1299 2213 cus
1326 2177 1393 2213 ΜΒ.

168 2330 203 2364 in
232 2330 353 2375 sugam
380 2330 550 2372 coniecti,
578 2335 616 2363 ut
641 2331 677 2363 in
696 2329 882 2364 codicibus

167 2379 359 2422 scriptum,
391 2379 453 2412 sed
491 2379 609 2423 potius
649 2378 803 2423 impulsi,
848 2378 883 2411 id

169 2431 223 2460 est
248 2427 349 2471 gravi
375 2432 555 2460 momento
595 2427 637 2461 ad
671 2427 794 2472 fugam
823 2428 883 2460 in-

170 2474 356 2508 clinantes.
389 2475 506 2519 ipsum
532 2475 695 2520 impulsos
721 2486 766 2508 ex
785 2475 883 2520 tpul-

168 2534 223 2556 sos
251 2532 345 2566 pone
372 2529 551 2567 postquam
586 2523 696 2556 celeri
723 2533 883 2565 pronun-

169 2571 318 2604 tiatione
345 2570 590 2604 detruncatum
619 2575 685 2604 est.

241 2624 384 2652 auctore
418 2619 580 2663 Vipstano
611 2617 767 2652 Messala
805 2623 883 2651 tra-

169 2666 270 2700 dam.-
309 2666 396 2701 belli
426 2666 546 2700 civilis
574 2668 674 2700 cuius
701 2666 779 2708 ipse
804 2676 883 2709 pars

168 2715 236 2749 fuit
263 2715 328 2761 (cf.
359 2726 389 2749 c.
418 2715 458 2758 9)
488 2714 673 2748 historiam
699 2713 759 2748 vel
784 2724 884 2748 com-

169 2764 362 2797 mentarios
389 2764 593 2807 aVipstano
620 2764 774 2807 scriptos
805 2773 884 2796 esse

170 2816 206 2845 et
233 2811 347 2845 editos
382 2823 425 2846 ex
460 2811 529 2845 hoc
567 2811 648 2846 loco
680 2816 716 2845 et
742 2812 885 2855 praeci-

168 2870 239 2903 pue
267 2871 310 2893 ex
326 2862 369 2893 ὀ.
386 2860 432 2895 28
458 2860 544 2893 satis
570 2865 668 2894 certe
691 2860 885 2904 consequi-

170 2912 244 2940 tur:
290 2918 369 2940 nam
399 2907 512 2941 altero
539 2907 602 2942 illo
632 2908 713 2942 loco
744 2908 887 2953 Vipsta-

171 2965 237 2988 nus
264 2966 343 2989 cum
362 2955 434 2988 alio
453 2966 569 2990 rerum
588 2957 775 3001 scriptore,
802 2955 887 2991 Gaio

174 3001 303 3046 Plinio,
331 3005 567 3048 componitur.

1007 2330 1149 2375 Rapaci
1175 2329 1306 2374 legioni
1331 2327 1470 2362 additus
1485 2339 1498 2361 .·
1525 2328 1671 2372 proprie

951 2377 1132 2422 loquitur:
1174 2388 1254 2411 nam
1288 2377 1480 2423 legionarii
1509 2386 1588 2411 cum
1614 2377 1671 2411 ci-

952 2427 1064 2460 vitate
1102 2426 1261 2460 Romana
1294 2425 1526 2466 fruerentur,
1566 2424 1671 2459 miles

953 2474 1112 2516 socialis,
1140 2473 1256 2518 qualis
1273 2473 1478 2508 Mansuetus
1506 2472 1587 2514 fuit,
1615 2474 1671 2506 ci-

954 2524 1051 2555 vium
1072 2531 1219 2555 numero
1247 2520 1453 2563 addebatur,
1480 2530 1560 2554 cum
1577 2520 1672 2554 inter

954 2569 1173 2616 legionarios
1201 2570 1435 2613 reciperetur.
1473 2567 1577 2602 Conf.
1604 2578 1671 2602 an-

954 2623 1027 2652 not.
1057 2617 1100 2652 ad
1129 2618 1170 2651 H.
1199 2617 1212 2650 1
1239 2616 1299 2651 43.

1013 2666 1229 2711 precabatur
1254 2666 1368 2710 piatos
1393 2665 1507 2710 patris
1525 2674 1671 2699 manes:

955 2715 1024 2749 hoc
1051 2714 1184 2748 dictum
1212 2718 1266 2747 est
1293 2724 1360 2747 usu
1385 2712 1586 2758 proleptico
1609 2722 1673 2757 pro

951 2763 1167 2809 precabatur
1192 2763 1306 2808 patris
1338 2773 1459 2796 manes
1493 2761 1586 2807 piati
1609 2760 1675 2796 sibi

952 2817 990 2846 ut
1018 2818 1141 2845 essent.

1031 2859 1115 2903 Cap.
1146 2859 1205 2894 26.
1247 2858 1425 2892 moenibus
1458 2858 1675 2892 Cremonen-

958 2908 1045 2941 sium
1071 2913 1190 2941 castra-
1215 2918 1280 2940 sua
1304 2927 1348 2933 —
1383 2907 1675 2940 circumiecerat:

960 2961 997 2989 ut
1019 2955 1227 2989 Cremonam
1256 2954 1377 2988 sedem
1402 2954 1490 2988 belli
1515 2953 1678 2988 facerent

962 3003 1147 3039 Vitelliani
1175 3014 1220 3038 ex
1239 3003 1427 3039 Germania
1453 3000 1677 3037 inOthouem
