1768 3216
1634 0 1655 11 *·'
1671 0 1768 46 &iffi

1631 19 1641 27 ’Ἰ
1658 19 1744 47 'offis-⁸
1755 34 1768 46 ε,

1680 61 1718 71 '**''
1744 62 1749 73 ἶ
1764 72 1768 74 s

1673 163 1768 203 'tad

797 247 1106 283 msromAnvm
1480 253 1513 278 a.
1539 252 1576 281 u.
1598 243 1690 281 822.
1718 224 1720 226 ’

136 256 140 263 ’
204 257 275 292 114

201 371 398 428 proximis
428 369 549 423 iugis,
582 366 776 408 cohortes
809 365 949 407 densis
982 363 1197 407 ordinibus
1217 364 1312 417 post
1334 361 1513 415 equitem
1535 359 1689 426 looant.

200 447 458 488 Trevirorum
491 447 646 484 turmae
678 440 866 482 obtulere
897 453 942 482 se
978 440 1086 481 hosti
1120 439 1308 490 incaute,
1350 448 1443 480 cum
1475 436 1692 492 exciperet

200 524 342 562 contra
372 522 593 561 veteranus
626 516 766 573 miles,
800 515 919 557 simul
952 529 974 557 a
1005 514 1134 556 latere
1164 513 1277 555 saxis
1308 515 1482 566 urgeret
1511 514 1606 566 apta
1635 511 1690 555 ad

196 593 427 636 iaciendum
461 593 582 635 etiam
612 604 868 647 paganorum
900 603 1068 642 manus,
1112 589 1181 642 qui
1211 588 1344 642 sparsi
1376 587 1484 629 inter
1521 585 1688 640 milites,

163 668 351 712 sstrenui
381 668 624 723 ignavique,
674 668 715 707 in
746 666 922 708 victoria
955 666 1065 707 idem
1097 664 1316 706 audebant..
1377 661 1557 706 Additus
1587 674 1690 717 per-

194 743 319 786 culsis
350 747 487 784 terror
517 743 681 784 invecta
714 742 755 782 in
786 746 902 795 terga
939 740 1209 795 pugnantium
1242 738 1393 780 classe.
1428 738 1487 780 lta
1505 738 1688 793 undique

194 818 322 860 clausi
333 833 344 870 3
376 817 617 871 deletaeque
635 829 780 859 omnes
806 816 951 870 copiae
983 815 1134 866 forent,
1168 814 1210 855 ni
1229 813 1434 856 victorem
1457 813 1687 856 exercitum

196 893 428 935 attinuisset
459 893 680 934 obscurum
712 891 862 943 noctis,
897 889 1080 931 obtentui
1113 888 1382 944 fugientibus.

193 967 315 1019 liani,
366 979 604 1021 quamquam
647 966 770 1018 victi,
814 965 1023 1018 quievere.
1051 959 1057 964 ’
1083 964 1244 1006 Accitis
1286 963 1452 1006 auxiliis
1491 974 1687 1006 securum

144 1050 182 1081 ¹0
196 1042 356 1084 hostem
388 1055 436 1084 ac
467 1053 667 1083 successu
696 1053 833 1082 rerum
859 1039 1080 1081 socordius
1104 1043 1298 1094 agentem
1319 1037 1532 1081 invadunt.
1565 1037 1688 1080 Caesi

192 1117 355 1171 vigiles,
386 1120 577 1171 perrupta
611 1119 760 1167 castra,
794 1115 1040 1169 trepidatum
1071 1114 1178 1168 apud
1198 1115 1332 1168 navis,
1366 1114 1502 1157 donec
1521 1113 1687 1179 side-nte

6 1206 36 1240 ¹.
59 1220 68 1234 χ
99 1191 382 1249 ,ιςυρευῐειῑὶιῃ
412 1195 544 1244 metu,
585 1194 785 1244 occupato
819 1190 930 1231 iuxta
963 1190 1071 1232 colle
1103 1190 1291 1243 defensi,
1337 1201 1436 1232 mox
1476 1189 1684 1254 Qe.

63 1266 66 1274 '
123 1269 129 1275 ’
172 1266 321 1308 ”Atrox
350 1266 406 1307 ibi
438 1265 603 1318 caedes,
638 1270 678 1306 et
708 1265 967 1320 Tungrarum
1000 1265 1231 1308 cohortium
1263 1265 1484 1320 praefecti,
1515 1268 1688 1308 susten-

188 1344 269 1383 tata
301 1340 369 1383 diu
400 1341 505 1393 acie,
537 1340 629 1382 telis
662 1341 903 1382 obruuntur.
964 1341 1026 1383 Ne
1061 1340 1308 1383 Othonianis
1341 1339 1506 1395 quidem
1539 1340 1687 1383 incru„

138 1429 175 1458 u
189 1419 283 1457 enta
310 1415 485 1457 victoria
517 1414 604 1467 fuit,
638 1427 811 1469 quorum
844 1415 1064 1470 inprovide
1095 1419 1265 1457 secutos
1298 1414 1494 1457 conversi
1523 1413 1684 1469 equites

188 1489 556 1531 circumvenerunt.
615 1491 678 1532 Ac
721 1490 830 1532 velut
870 1490 1002 1544 pactis
1047 1489 1243 1542 indutiis,
1285 1501 1338 1532 ne
1378 1489 1477 1530 hinc
1519 1488 1683 1541 classis,

186 1563 283 1605 inde
315 1576 439 1618 eques
472 1565 645 1607 subitam
677 1564 943 1607 formidinem
975 1565 1196 1618 inferrent,
1215 1563 1426 1607 Vitelliani
1457 1567 1570 1606 retro
1590 1564 1685 1609 An-

185 1636 340 1691 tipolim
356 1638 638 1681 Narbonensis
662 1639 820 1681 Galliae
851 1639 1134 1694 municipium,
1159 1638 1385 1681 Othoniani
1401 1637 1682 1694 Albigaunum

184 1711 393 1755 interioris
421 1713 615 1769 Liguriae
645 1718 874 1757 revertere.

323 1861 354 1894 1.
385 1860 528 1905 quietem
553 1860 628 1895 Ma:
657 1864 801 1907 equitem
828 1863 867 1898 G.
958 1865 991 1899 2.
1025 1863 1159 1898 Treuir.
1188 1862 1283 1908 GMfl,
1311 1874 1381 1898 non
1414 1864 1553 1900 Treue'r.
1646 1863 1667 1901 7

188 1906 295 1941 delete
319 1919 381 1954 que
407 1907 467 1943 Ma.
540 1921 610 1944 oms
638 1922 715 1944 cum
746 1912 808 1946 lin.
840 1910 906 1947 ΜΒ.
981 1913 1115 1946 uictore
1145 1911 1210 1948 Ma.
1287 1912 1323 1948 8.
1349 1913 1489 1949 obteram·
1517 1912 1591 1949 Ma:
1618 1892 1682 1948 ob..

186 1956 309 1989 tectum
334 1957 484 1991 obtentui
512 1957 539 1991 G
566 1963 600 1992 et
626 1958 860 1994 Oxonienses.
957 1962 1011 1996 10.
1045 1963 1115 1996 cesi
1140 1960 1205 1996 Ma.
1298 1964 1353 1998 12.
1380 1963 1446 1998 irr.
1474 1961 1532 1997 Or.
1592 1970 1602 1979 “
1625 1963 1680 1998 13.

189 2004 286 2037 cedes
313 2004 375 2038 Ma.
450 2008 541 2050 pref.
569 2006 633 2041 Ma.
711 2009 766 2043 16.
792 2009 898 2043 uelud
923 2008 988 2044 Ma.
1084 2013 1127 2044 ne
1156 2010 1203 2044 G:
1231 2009 1285 2044 Ma
1313 2021 1390 2046 nec.
1495 2011 1550 2046 18.
1578 2010 1681 2046 Athi-

184 2062 336 2097 9aunum
360 2052 431 2086 Ma:
458 2054 714 2101 arbinqaunum
740 2057 778 2100 G,
805 2058 1066 2104 Albingaunum
1095 2059 1123 2093 B
1152 2064 1188 2094 et
1215 2059 1453 2094 Oxonienses.

1440 886 1529 930 Nec
1552 880 1689 929 Vitel-
1701 887 1759 929 15

189 2180 295 2213 venia
320 2190 403 2213 usus
431 2192 460 2214 c.
479 2182 543 2216 15:
569 2185 699 2228 quippe
724 2186 898 2229 praefecti

188 2232 309 2261 assunt
325 2228 529 2263 cohortibus
544 2235 701 2276 quamvis
716 2245 783 2268 non
799 2236 897 2269 inte-

189 2277 272 2321 gris.
325 2276 385 2310 His
421 2279 530 2312 iuncti
572 2286 669 2314 erant
706 2284 811 2317 etiam
843 2284 896 2317 illi

188 2325 367 2368 quinyenti
385 2325 581 2372 Pannonii,
614 2341 823 2377 quamquam
852 2332 896 2366 de

189 2371 244 2406 his
273 2371 363 2406 nihil
384 2374 531 2408 relatum
561 2382 624 2412 est.

259 2426 442 2456 veteranus
466 2424 588 2458 miles:
628 2426 662 2461 h.
695 2439 726 2462 e.
763 2429 894 2463 milites

189 2469 294 2501 armis
321 2467 427 2515 longo
457 2481 522 2504 usu
557 2476 688 2508 assueti
723 2482 756 2509 et
789 2489 894 2511 exer-

191 2516 264 2558 citi,
293 2526 363 2549 non
385 2521 542 2553 veterani
570 2532 589 2554 e
616 2527 806 2568 praetorio,
835 2528 893 2571 qui

189 2564 281 2608 apud
307 2565 420 2609 ipsum
451 2567 625 2602 Othonem
654 2574 703 2616 (c.
736 2575 809 2619 11).

263 2613 416 2647 obtentui
438 2617 670 2661 suyientibus:
712 2631 781 2654 non
810 2633 894 2657 vere

188 2659 232 2692 ad
270 2659 305 2695 h.
341 2661 365 2695 l.
405 2662 590 2698 Ernestius
633 2666 716 2711 ‘quo
767 2670 894 2704 idoneo

186 2713 374 2751 praetextu
409 2711 535 2757 fugere
571 2712 756 2750 honestius
790 2724 896 2762 pote-

186 2761 265 2788 rant
296 2757 505 2795 Vitelliani'.
573 2761 776 2799 Vitellianis
804 2769 896 2800 enirn

186 2813 257 2837 non
282 2808 350 2839 tam
375 2806 547 2842 honestae
565 2809 674 2857 fugae
701 2824 784 2847 cura
812 2822 896 2859 erat,

127 2858 134 2864 ⁸
187 2862 289 2897 quam
317 2859 354 2887 ut
382 2858 505 2900 quavis
539 2860 678 2895 ratione
716 2862 897 2908 fugientes

186 2901 365 2957 occid-inni
397 2906 648 2943 eximerentur,
686 2910 810 2955 ltaque
836 2913 897 2946 ob-

185 2953 294 3006 tentus
330 2953 575 2997 accipiendum
615 2962 667 2991 est
706 2959 750 2993 de
787 2961 898 2995 tutela

183 3002 313 3043 noctis,
342 3010 410 3045 qua
436 3003 490 3036 usi
519 3004 706 3043 Vitelliani
734 3008 896 3044 hostibus

966 2198 1006 2222 se
1031 2187 1283 2223 subtraxerunt
1316 2189 1388 2235 (die
1414 2188 1533 2223 Nactae
1568 2188 1682 2223 diem

967 2236 1034 2270 den
1046 2237 1259 2272 Fliehenden
1288 2237 1340 2272 als
1365 2237 1574 2272 schnttzende
1592 2237 1683 2272 Hat-

966 2285 1025 2330 le).
1053 2285 1186 2320 Eadem
1213 2286 1480 2333 significatione
1498 2290 1534 2320 et
1552 2295 1682 2320 nomen

967 2339 1002 2368 et
1029 2345 1130 2369 casus
1157 2337 1295 2380 positus
1326 2340 1382 2370 est
1407 2335 1451 2369 Η.
1477 2333 1492 2368 1
1520 2334 1589 2370 49:
1621 2335 1684 2371 nd

965 2382 1111 2418 claritas
1138 2384 1311 2419 natalium
1346 2389 1378 2418 et
1405 2389 1515 2418 metus
1547 2389 1682 2430 tempo-

963 2444 1040 2466 rum
1066 2432 1230 2475 obtentui,
1256 2439 1294 2467 ut
1318 2432 1409 2477 quod
1430 2433 1581 2478 seqnitt‘a
1604 2438 1681 2467 erat

962 2482 1138 2527 sapientia
1149 2488 1348 2516 vocaretur.
1374 2480 1681 2522 Quemadmodum

964 2529 1018 2563 his
1054 2531 1089 2563 in
1125 2530 1213 2564 locis
1251 2530 1406 2564 obtentus
1453 2533 1508 2562 est
1547 2528 1681 2572 velum,

964 2579 1041 2612 sive
1052 2579 1185 2613 tuendo
1204 2579 1282 2613 sive
1299 2576 1527 2622 impediendo
1547 2582 1680 2622 aptum,

966 2627 1013 2660 ita
1040 2627 1081 2661 H.
1110 2627 1215 2663 11156
1241 2626 1390 2661 verbum
1416 2625 1602 2660 obtendere
1628 2631 1683 2660 est

964 2676 1082 2710 velare
1129 2681 1164 2710 et
1205 2676 1421 2711 obscurare.-
1463 2675 1683 2709 contionanti

965 2744 1010 2750 -
1037 2731 1171 2759 tantum
1195 2725 1381 2770 foedarum
1416 2723 1596 2758 volucrum
1619 2735 1682 2758 su-

962 2773 1157 2816 pervolavit
1189 2780 1227 2808 ut
1258 2774 1348 2807 nube
1381 2778 1464 2806 atra
1499 2772 1590 2807 diem
1618 2773 1682 2807 ob-

967 2821 1158 2856 tenderent.
1197 2821 1300 2856 Conf.
1330 2821 1372 2855 H.
1399 2820 1447 2854 ΙΙΙ
1470 2820 1536 2856 36:
1572 2821 1681 2858 Vitel-

967 2868 1031 2902 lius
1058 2871 1151 2903 curis
1177 2870 1296 2904 luxum
1320 2869 1537 2904 obtendebat.

1041 2918 1126 2962 Cap.
1156 2920 1212 2953 15.
1254 2929 1319 2952 nec
1354 2917 1556 2952 Vitelliani.-
1583 2916 1679 2951 conf.

967 2971 1085 3001 annot.
1121 2967 1165 3000 ad
1198 2967 1231 3001 ΙΙ
1264 2966 1324 3002 82.
1384 2966 1530 3000 Auxilia
1565 2967 1682 3003 accita

966 3019 1047 3047 sunt
1073 3027 1093 3049 a
1106 3014 1310 3050 Vitellianis
1329 3025 1349 3049 e
1368 3015 1547 3059 praesidio
1565 3014 1681 3050 Foro-
