1768 3216
787 248 874 286 Gn.
901 250 960 286 46.

1546 248 1618 283 15⁵7

122 362 318 416 volvant,
358 364 601 419 faciemque
633 378 683 407 ac
714 366 885 420 liguram
924 365 1048 407 animi
1079 366 1215 420 magis
1259 377 1381 420 quam
1425 365 1617 420 corporis

123 438 471 493 complectantur:
504 452 588 481 non
609 440 705 494 quia
724 440 1070 482 intercedendum
1090 444 1227 494 putem
1244 440 1494 495 imaginibus
1510 452 1617 494 quae

121 525 331 559 marmore
358 518 428 556 aut
457 527 556 556 aere
583 514 817 570 finguntur,
851 515 926 557 sed
957 520 1000 557 ut
1031 516 1166 557 vultus
1197 515 1434 568 bominum,
1466 515 1522 557 ita
1554 513 1618 556 si-

121 586 306 629 mulacra
334 588 470 630 vultus
501 589 708 631 imbecilla
734 602 785 631 ac
815 590 1004 631 mortalia
1035 594 1155 642 sunt,
1196 590 1331 632 forma
1362 589 1511 631 mentis
1542 601 1619 631 ae·-

120 663 264 714 terna,
306 674 426 716 quam
456 667 602 706 tenere
629 668 671 705 et
698 664 932 717 exprimere
963 675 1048 704 non
1076 676 1152 717 per
1187 662 1365 705 alienam
1404 663 1651 705 materiam⁵

121 740 163 779 et
189 742 335 791 artem,
366 738 443 780 sed
474 739 554 780 tuis
576 739 666 793 ipse
697 739 885 781 moribus
919 740 1070 793 possis.
1117 739 1324 793 Quidquid
1346 751 1400 781 ex
1414 738 1618 794 Agricola

121 813 361 866 amavimus,
390 813 589 867 quidquid
620 814 757 855 mirati
787 827 941 866 sumus,
972 818 1109 856 manet
1135 825 1452 868 mansurumque
1482 817 1546 856 est
1575 814 1619 855 in

120 887 270 930 animis
296 887 522 939 hominum,
554 889 596 928 in
624 889 869 930 aeternitate
901 892 1147 942 temporum,
1178 889 1285 930 fama
1317 901 1470 931 rerum.
1515 889 1619 931 Nam

119 959 275 1002 multos
297 965 481 1002 veterum
512 961 625 1002 velut
655 962 860 1015 inglorios
903 963 945 1003 et
983 961 1193 1016 ignobiles
1239 962 1395 1003 oblivio
1442 962 1614 1004 obruet:

118 1033 320 1089 Agricola
350 1035 584 1088 posteritati
614 1040 807 1077 narratus
837 1039 878 1076 et
908 1035 1082 1077 traditus
1112 1040 1324 1089 superstes
1354 1036 1447 1077 erit.

228 1173 259 1206 1.
284 1171 481 1216 faciemque
508 1169 643 1206 editor:
671 1172 815 1206 codices
838 1173 1049 1217 famamque,
1077 1173 1233 1207 Muretus
1270 1177 1305 1206 et
1328 1171 1513 1206 Acidalius
1536 1173 1616 1217 sor-

117 1229 286 1265 mamque.

121 1363 187 1392 est.
236 1357 324 1393 Nam
350 1361 483 1404 famam
508 1360 620 1394 animi
648 1360 847 1405 complectiv

121 1408 200 1441 eius
232 1417 385 1452 quocum
420 1419 585 1454 magnam
620 1410 717 1443 vitae
755 1419 839 1453 par-

119 1460 191 1491 tem
218 1457 405 1499 vixerunt,
437 1456 509 1491 filia
537 1462 572 1491 et
602 1468 692 1491 uxor
715 1458 838 1501 inepte

120 1499 304 1548 (licuntur,
348 1509 382 1538 et
416 1507 530 1551 magis
559 1506 680 1550 inepte
704 1506 838 1549 famam

121 1554 290 1598 corporis.
317 1552 356 1586 ln
382 1554 528 1598 antiquo
556 1553 648 1587 libro
670 1555 837 1599 factique

120 1610 199 1634 eum
227 1611 434 1645 expressum
462 1607 577 1644 esset,
611 1614 631 1636 c
659 1608 695 1635 et
718 1613 730 1635 ι
758 1604 836 1636 sine

120 1653 267 1694 puncto¹
291 1654 473 1683 exaratum
512 1652 693 1694 proximus
720 1651 836 1684 scriba

119 1707 183 1741 pro
219 1709 264 1740 a,
298 1698 426 1740 credo,
459 1700 599 1743 accepit
634 1704 668 1732 et
697 1701 836 1743 satique

121 1747 181 1788 (=
206 1747 422 1793 samumque)
462 1757 542 1780 essc
576 1748 741 1791 opinatus
768 1753 834 1780 est.

122 1792 166 1826 Ut
194 1804 290 1828 nunc
312 1795 442 1838 [aciem
471 1805 515 1828 ac
537 1796 687 1839 [iyuram
714 1796 834 1834 animi,

119 1843 172 1875 sic
205 1844 357 1887 sormam
398 1854 443 1876 ac
478 1845 627 1889 speciem
666 1845 836 1877 orationis

119 1889 262 1924 Tacitus
286 1893 486 1935 composuit
509 1892 608 1926 0.19
634 1897 670 1925 et
693 1903 737 1926 ex
757 1902 836 1926 mea

118 1939 347 1973 restitutione
381 1939 459 1974 XIV
487 1940 509 1974 8
543 1939 653 1974 aliam
683 1942 835 1985 sormam

119 1987 217 2021 litori
245 1993 278 2021 et
300 1989 443 2033 [aciem.
494 1983 652 2022 Muretus
679 1989 835 2022 coniecit

116 2034 268 2081 [ormam
293 2037 520 2082 acfiquram,
550 2047 641 2082 quae
670 2038 834 2071 iunctura

118 2084 212 2128 apud
241 2084 452 2119 Ciceronem
489 2085 554 2130 (tle'
585 2084 680 2119 Orat.
713 2085 744 2119 11
775 2086 833 2127 23,

118 2131 234 2167 Finib.
265 2132 294 2166 V
321 2135 377 2175 12,
403 2132 544 2168 Tuscul.
573 2134 585 2166 l
617 2133 679 2179 16)
707 2139 742 2167 et
758 2133 834 2167 Pli—

117 2181 224 2215 nium'
241 2180 395 2227 (Paneg.
421 2182 487 2227 55)
514 2183 712 2225 reperitur,
741 2182 834 2226 apud

117 2228 273 2263 Tacitum
301 2229 431 2262 frustra
459 2230 652 2274 quaeritur.

188 2276 311 2310 mullos
342 2282 495 2310 celerum
536 2277 628 2311 velut
662 2277 832 2323 inglorios

119 2331 151 2360 et
174 2324 345 2370 ignobiles
377 2324 502 2358 oblitio
537 2325 682 2358 obruet.-
723 2326 832 2368 Agyri-

119 2372 436 2419 cola-superstes
462 2373 544 2406 eric:
574 2372 714 2406 Tacitus
745 2373 834 2405 haec

907 1360 1068 1395 scribens
1093 1363 1266 1394 remotam
1310 1370 1330 1393 a
1363 1371 1402 1394 se
1427 1361 1623 1404 posterita-

908 1414 978 1443 tem
1007 1414 1043 1442 et
1072 1408 1270 1454 longinqua
1309 1413 1470 1452 tempora
1503 1409 1622 1443 animo

907 1458 1103 1502 prospexit.
1164 1456 1263 1498 Quae
1302 1457 1364 1490 ubi
1397 1456 1620 1499 advenerint,

908 1507 1088 1539 etiamtum
1123 1504 1293 1550 Agricola
1332 1510 1513 1549 superstes
1556 1507 1623 1539 erit

908 1559 942 1587 et
983 1555 1019 1587 in
1052 1553 1234 1586 hominum
1282 1554 1452 1587 memoria
1495 1554 1622 1587 vivere

906 1606 1047 1647 perget,
1073 1601 1135 1635 sed
1162 1600 1291 1634 multos
1309 1606 1470 1635 veterum
1497 1612 1517 1635 a
1535 1611 1623 1635 nar-

906 1650 1082 1684 ratoribus
1122 1651 1240 1682 minus
1280 1650 1545 1683 commendatos
1585 1654 1622 1684 et

907 1699 1060 1743 posteris
1097 1697 1245 1731 traditos
1277 1697 1414 1731 oblivio
1441 1703 1526 1731 tunc
1552 1698 1621 1732 ob-

907 1752 997 1781 ruet.
1052 1746 1244 1779 Enunliata
1273 1746 1449 1780 contraria
1477 1747 1619 1780 interno

908 1795 1050 1828 vinculo
1077 1795 1198 1827 iuncta
1236 1805 1279 1827 ex
1308 1805 1347 1827 se
1372 1794 1527 1828 invicem
1554 1805 1621 1828 ex-

907 1843 1070 1887 plicanda
1105 1847 1208 1875 sunt:
1260 1844 1394 1887 quippe
1426 1842 1526 1877 mrem
1557 1854 1622 1876 ve·-

907 1899 1016 1925 terum
1032 1901 1103 1924 non
1131 1890 1244 1924 solum
1261 1890 1314 1924 illi
1332 1896 1414 1924 sunt
1441 1892 1500 1936 qui
1527 1896 1620 1925 tem-

907 1940 1052 1984 poribus
1066 1940 1177 1972 'l'aciti
1203 1939 1392 1973 scribentis
1419 1941 1528 1973 vitam
1557 1949 1620 1973 so-

908 1990 979 2022 ceri
1025 1989 1059 2021 iu
1102 1985 1170 2022 hoc
1208 1997 1355 2021 numero
1396 1987 1619 2031 referuntur,

905 2036 967 2070 sed
998 2036 1103 2069 etiam
1140 2035 1194 2069 illi
1229 2034 1287 2080 qui
1323 2040 1466 2069 veteres
1500 2037 1620 2069 nomi..

904 2084 1094 2126 nabuntui·‚
1124 2094 1202 2117 cum
1229 2083 1399 2129 Agricola
1429 2089 1510 2128 post
1535 2084 1622 2118 lon-1

904 2144 987 2178 gum
1022 2143 1193 2167 annorum
1241 2132 1402 2166 ordinem
1439 2137 1620 2177 superstes

904 2183 982 2215 erit.
1037 2183 1096 2215 Sic
1129 2180 1256 2214 tradita
1292 2181 1467 2224 scriptura
1498 2181 1620 2214 vindi-

904 2230 1013 2263 canda
1040 2229 1127 2263 mihi
1163 2228 1323 2270 videtur,
1365 2229 1401 2260 in
1433 2228 1533 2261 cuius
1559 2227 1618 2262 lo-

903 2288 980 2310 cum
1015 2278 1058 2311 M.
1100 2276 1271 2319 Hauptius
1305 2277 1359 2319 (v.
1388 2275 1474 2309 Mus.
1502 2274 1617 2309 Rhen.

903 2334 987 2357 nov.
1015 2329 1039 2357 t.
1069 2324 1115 2357 tlt
1146 2334 1179 2366 p.
1212 2323 1276 2356 152
1305 2333 1336 2355 a.
1367 2322 1480 2368 1843)
1505 2322 1620 2357 obruit

903 2371 1143 2405 reducendum
1172 2371 1362 2404 existimat.
