1768 3216
763 273 850 308 um».
877 273 1036 313 31—321‘
1590 272 1661 313 183

164 383 323 443 tenent,
354 390 411 432 ita
446 386 653 434 adversae
684 389 925 434 dissolvent.
997 391 1087 434 Nisi
1110 392 1154 455 ‚si
1185 391 1327 434 Gallos
1358 396 1399 435 et
1422 393 1656 438 Germanos

161 469 204 508 et
245 465 394 519 (pudet
437 465 572 518 dictu)
617 466 907 508 Britannorum
948 466 1194 521 plerosque,
1239 466 1339 509 licet
1383 467 1656 511 dominationi

160 539 323 583 alienae
361 541 609 596 sanguinem
650 534 937 594 commodent,
981 541 1132 583 diutius
1174 545 1312 583 tamen
1350 542 1495 584 hostes
1535 555 1658 597 quam

159 626 332 668 servos,
372 614 454 657 fide
485 619 527 656 et
555 615 723 657 adfectu
754 616 887 657 teneri
916 615 1081 670 putatis.
1142 616 1273 658 Metus
1310 629 1359 658 ac
1402 621 1539 659 terror
1579 622 1657 671 est,

156 686 319 733 >infirma
351 690 489 733 vincla
521 691 705 733 caritatis
716 706 727 743 3
758 703 864 745 quae
887 691 958 732 ubi
976 691 1223 743 removeris,
1258 691 1328 746 qui
1347 691 1493 734 timere
1513 692 1692 736 desie-s

156 766 254 819 rint,
288 765 432 808 odisse
460 765 674 819 incipient.
723 765 871 808 Omnia
902 766 1106 807 victoriae
1136 766 1406 808 incitamenta
1438 779 1514 822 pro
1534 768 1656 810 nobis

158 843 267 883 sunt.
326 839 472 882 Nullae
512 841 724 883 Romanos
766 840 972 895 coniuges
1015 840 1272 893 accendunt,
1322 841 1421 882 nulli
1461 846 1656 896 parentes

157 913 299 970 sugam
330 914 621 968 exprobraturi
650 918 766 964 sunt3
811 918 880 956 aut
908 914 1018 956 nulla
1048 914 1259 969 plerisque
1287 916 1445 969 patria,
1478 920 1547 958 aut
1576 916 1658 959 alia

158 991 235 1030 est.
300 986 460 1030 Paucos
489 999 689 1040 numero,
728 988 915 1041 trepidos
947 988 1211 1042 ignorantia,
1255 989 1414 1031 caelum
1444 990 1577 1044 ipsum
1607 1002 1658 1032 ac

158 1075 276 1105 mare
304 1066 346 1105 et
376 1062 527 1115 silvas,
560 1063 704 1117 ignota
737 1062 876 1103 omnia
906 1062 1324 1116 circumspectantes,
1355 1063 1521 1106 clausos
1550 1075 1715 1118 quo-w

157 1137 383 1180 dammodo
416 1149 466 1179 ac
498 1137 665 1178 vinctos
698 1137 739 1178 di
771 1137 893 1179 nohis
925 1137 1199 1180 tradiderunt.
1257 1138 1319 1180 Ne
1347 1142 1502 1180 terreat
1528 1151 1659 1181 vanus

160 1215 354 1266 aspectus
386 1215 427 1253 et
456 1211 547 1253 auri
579 1210 719 1266 fulgor
747 1215 870 1264 atque
899 1207 1078 1266 argenti,
1110 1212 1220 1265 quod
1249 1224 1385 1266 neque
1403 1214 1507 1268 tegit
1525 1225 1661 1268 neque

162 1285 365 1328 vulnerat.
427 1285 473 1326 In
502 1285 593 1338 ipsa
637 1285 815 1326 hostium
857 1285 949 1326 acie
990 1285 1250 1327 inveniemus
1289 1290 1456 1328 nostras
1497 1299 1657 1328 manus.

159 1360 407 1416 Agnoscent
433 1359 619 1400 Britanni
638 1371 752 1400 suam
774 1371 956 1411 causam,
988 1359 1321 1401 recordabuntur
1352 1360 1458 1402 Galli
1478 1361 1660 1415 priorem

158 1435 421 1491 libertatem:
466 1434 662 1476 deserent
700 1434 793 1475 illos
840 1434 970 1476 ceteri
1017 1434 1233 1487 Germani,
1278 1438 1482 1488 tamquam
1527 1442 1710 1490 nuperi&

160 1509 293 1565 Usipii
320 1509 589 1563 reliquerunt.
658 1508 746 1550 Nec
788 1509 1011 1563 quidquam
1049 1508 1156 1549 ultra
1200 1509 1449 1552 formidinis.
1518 1511 1659 1552 Vacua

162 1584 358 1637 castella,
401 1596 548 1627 senum
576 1583 792 1636 coloniae,
826 1583 936 1625 inter
965 1583 1074 1625 male
1101 1587 1297 1637 parentes
1329 1588 1369 1626 et
1399 1584 1550 1627 iniuste
1578 1585 1660 1626 im-

277 1693 313 1728 3.
343 1692 582 1727 commendent
606 1694 685 1727 124:
713 1693 870 1726 correxit
894 1691 1123 1726 Puteolanus.
1235 1698 1352 1726 lamen
1376 1703 1496 1726 seruos
1523 1692 1660 1738 (seruos

159 1742 301 1789 punctis
326 1740 571 1789 subnotatum)
598 1741 711 1775 hostes
738 1752 841 1786 qnam
865 1752 985 1775 seruos
1022 1743 1061 1783 Γ,
1102 1747 1219 1775 tannen
1243 1741 1357 1774 hostes
1381 1752 1501 1775 seruos
1528 1740 1662 1776 Puteo-

159 1792 275 1827 lanus.
382 1793 418 1825 4.
445 1801 490 1823 ac
518 1795 635 1824 terror
660 1792 748 1824 TA:
776 1795 807 1823 et
833 1795 855 1822 t.
885 1788 1113 1823 Puteolanus.
1237 1790 1272 1824 5.
1300 1789 1420 1823 vincla
1445 1792 1493 1824 F:
1519 1789 1664 1823 vincula

159 1839 390 1875 Puteolanus.
500 1849 570 1882 qua
592 1838 652 1872 ubi
677 1839 804 1871 vitium
831 1837 1032 1871 Puteolani.
1110 1841 1141 1874 7.
1164 1837 1341 1871 accedunt
1367 1839 1418 1872 T:
1444 1839 1661 1873 Puteolanus

162 1888 345 1923 accedunt.
429 1887 466 1922 8.
494 1887 723 1933 exprobatur-i
747 1887 873 1920 vitium
899 1886 1100 1920 Puteolani.
1189 1886 1223 1920 9.
1251 1897 1397 1920 numero
1425 1887 1558 1920 circum
1586 1892 1661 1920 tre-

155 1938 258 1984 pictos
283 1939 316 1972 Γ
312 1938 348 1971 Δ
370 1937 519 1982 (circum
544 1939 774 1980 praeceptum
802 1946 846 1968 ex
873 1935 1236 1980 circumspectantes):
1264 1933 1661 1969 emendavitfleuman‘-

159 1997 238 2020 nus.
388 1986 443 2020 10.
469 1984 569 2019 siluis
593 1987 636 2020 Δ.
762 1985 816 2017 11.
846 1986 983 2017 uinctos
1010 1984 1059 2016 stit
1087 1986 1167 2019 TA:
1197 1985 1309 2017 uictos
1334 1982 1399 2016 alii
1427 1983 1659 2018 Puteolanus.

162 2036 218 2071 12.
245 2045 312 2068 nec
338 2055 383 2060 -
409 2044 476 2066 nec
500 2035 544 2069 Δ.
611 2035 665 2067 14.
693 2031 945 2065 recordatum·
973 2034 1019 2067 l‘:
1046 2031 1263 2066 Puteolanus
1289 2031 1536 2066 recordabunt.
1604 2031 1659 2066 16.

158 2082 402 2128 relinquerunt
432 2082 560 2116 vitium
587 2080 756 2115 editionis
794 2080 956 2114 Venetae
991 2091 1022 2114 a.
1054 2080 1167 2123 1497,
1203 2090 1275 2113 non
1311 2080 1425 2124 ipsius
1461 2079 1660 2114 Puteolani.

157 2140 378 2177 nequaquam
402 2132 446 2166 Δ.
525 2130 580 2165 17.
606 2129 741 2163 senium
765 2131 810 2165 Δ.

947 2239 967 2261 a
994 2227 1115 2261 multis
1151 2227 1409 2261 existimentur.
1470 2225 1661 2259 Subiecto-

160 2233 328 2275 videtur‚
363 2241 409 2264 ne
436 2230 515 2274 quis
548 2239 593 2262 ex
620 2227 732 2261 Taciti
758 2227 877 2262 verbis

947 2286 1022 2308 rum
1050 2276 1146 2309 vitiis
1181 2280 1217 2308 et
1248 2274 1384 2307 viribus
1412 2273 1560 2314 valere,
1598 2272 1662 2306 sed

159 2281 225 2315 ΧΙΙ
251 2282 299 2315 32
324 2283 375 2326 (el
399 2279 588 2322 Briyantes
613 2275 760 2320 quidem,
783 2287 877 2321 pau-

160 2330 212 2363 cis
250 2328 308 2373 qm*
344 2337 448 2360 arma
485 2324 694 2370 coeptabant
725 2325 877 2367 interse-

161 2377 246 2419 ctis,
272 2377 310 2410 ἰιι
337 2375 488 2419 reliquos
516 2374 600 2407 data
626 2372 751 2412 venia,
779 2382 877 2404 rese-

161 2426 260 2471 dere)
311 2423 460 2469 colligat
514 2421 578 2455 hos
622 2419 687 2453 sub
728 2418 876 2452 Claudio

162 2474 324 2520 principe
357 2471 401 2506 ad
427 2470 618 2505 Romanam
657 2468 876 2512 provinciam

162 2522 382 2558 accessisse:
427 2530 507 2553 nam
545 2518 635 2551 hacc
668 2516 776 2550 verba
817 2526 877 2550 re-

161 2571 319 2617 spiciunt
335 2568 503 2614 populum
533 2566 681 2600 liberum
707 2570 741 2598 ct
768 2575 787 2597 a
803 2565 877 2598 Ro-

161 2620 275 2654 manis
313 2616 533 2651 lacessendis
573 2613 712 2648 modica
739 2612 876 2646 ultione

161 2667 401 2702 absterritum.

234 2716 271 2748 in
294 2713 567 2760 paenitentiam.-
608 2710 644 2743 h.
673 2720 704 2743 c.
746 2713 783 2742 ut
813 2719 877 2743 nos

162 2764 358 2809 paeniteat,
386 2766 424 2794 ut
448 2760 533 2794 olim
560 2758 736 2803 paenituit
752 2758 877 2791 lcenos

164 2810 441 2847 et‘l'rinobantes
468 2808 595 2843 acriori
622 2807 770 2841 servitio
793 2806 877 2840 red-

164 2861 270 2896 ditos.

237 2908 323 2953 Cap.
350 2908 410 2942 32.
465 2905 536 2939 Sub
575 2904 680 2938 finem
707 2904 878 2938 orationis

166 2958 409 2993 demonstrare
435 2958 583 2989 conatur
605 2952 780 2986 Romanos
808 2961 877 2984 non

165 3012 236 3043 tam
263 3002 459 3041 horrendos
489 3012 568 3041 esse
594 3002 736 3045 hostes,
775 3008 887 3046 quam

948 2323 1072 2355 horum
1100 2322 1203 2355 iidem
1231 2323 1298 2355 iarn
1318 2321 1451 2354 labare.
1481 2321 1661 2354 Victoriae

947 2371 1177 2404 incitamenta
1226 2379 1289 2413 pro
1330 2369 1508 2402 Britannis
1555 2378 1660 2411 esse,

947 2417 1046 2451 nulla
1076 2419 1111 2451 in
1138 2422 1238 2462 parte
1263 2418 1514 2452 Romanorum.

1019 2471 1127 2500 metm
1151 2477 1195 2500 ac
1221 2471 1358 2500 terror:
1384 2470 1500 2499 metus
1518 2464 1660 2510 (Anyst)

947 2515 1209 2557 subiectorum,
1243 2519 1357 2548 terror
1383 2512 1659 2559 (Einsckuckee-

947 2566 1053 2609 rung)
1078 2563 1334 2605 Romanorum,
1377 2572 1482 2607 quem
1521 2561 1574 2595 illi
1601 2561 1658 2593 in-

948 2613 1085 2646 cutiunt
1110 2611 1253 2656 populis
1278 2611 1448 2645 subactis,

1017 2671 1139 2694 senum
1163 2660 1343 2693 coloniae.-
1371 2667 1538 2691 numerus
1564 2655 1659 2689 mul-

946 2708 1108 2742 titudinis
1154 2707 1351 2754 generatim
1393 2710 1436 2738 'et
1475 2703 1661 2737 indefinite

946 2767 1020 2791 rem
1047 2757 1204 2797 denotat,
1226 2759 1264 2787 ut
1294 2766 1323 2788 c.
1341 2754 1381 2787 5:
1407 2752 1574 2785 trucidati
1599 2762 1661 2784 ve-

948 2805 1076 2847 lemni,
1102 2806 1268 2837 incensae
1294 2800 1465 2836 coloniae.
1513 2799 1551 2833 ln
1578 2798 1661 2832 Bri-

949 2854 1068 2886 tannia
1094 2853 1188 2886 enim
1226 2861 1293 2884 una
1322 2848 1464 2882 colonia
1490 2847 1660 2881 Cumulo-

949 2901 1078 2934 dunum
1111 2899 1272 2933 deducta.
1333 2895 1437 2931 Conf.
1471 2899 1590 2930 annot.
1615 2895 1660 2930 td

950 2959 979 2982 c.
1012 2950 1065 2983 14.

1016 2997 1112 3037 <inter
1149 2995 1239 3035 male
1271 2998 1439 3042 parentes
1466 2997 1506 3029 -et
1535 2992 1668 3033 iniuste.
1689 3026 1706 3037 „
