1768 3216
746 231 1063 269 utsTORIAvau
1442 242 1475 266 a.
1501 239 1539 264 u.
1565 228 1652 266 823.

156 243 228 284 326

159 362 294 404 donec
325 366 500 400 accursu
530 351 756 394 amicorum
788 348 1115 390 retraherentur.
1178 346 1278 388 Cum
1318 346 1521 401 glisceret
1556 358 1656 393 cer-

157 441 314 484 tamen,
347 431 442 471 hinc
473 426 587 468 multi
617 425 825 478 bonique,
859 423 957 465 inde
986 422 1107 477 pauci
1146 425 1187 462 et
1215 420 1344 462 validi
1373 419 1655 474 pertinacibus

157 508 263 550 odiis
302 504 541 552 tenderent,
590 503 856 552 consumptus
896 510 972 552 per
1011 496 1266 538 discordiam
1299 495 1403 537 dies.
1462 494 1727 536 Proxim044

155 584 324 630 senatu,
378 577 602 618 inchoante
655 574 837 615 Caesare
888 572 940 614 de
990 571 1197 614 abolendo
1239 569 1386 612 dolore
1429 570 1575 624 iraque
1617 572 1702 627 etv

124 656 335 709 spriorum
379 655 609 704 temporum
640 648 985 704 necessitatibus,
1038 647 1200 688 censuit
1239 645 1455 687 Mucianus
1494 643 1658 699 prolixe

155 740 229 782 pro
263 725 602 768 accusatoribus:
648 722 769 765 simul
811 734 884 764 eos
917 722 986 776 qui
1019 726 1234 775 coeptam,
1277 719 1430 762 deinde
1461 719 1659 762 omissam

155 802 360 843 actionem
407 801 667 852 repeterent,
712 796 871 838 monuit
904 807 1100 838 sermone
1131 795 1244 836 molli
1275 799 1315 836 et
1346 798 1551 848 tamquam
1579 804 1659 835 ro-

153 879 285 930 garet.
345 874 486 914 Patres
534 875 764 931 cQtatain
795 871 1052 922 libertatem,
1098 874 1327 932 postquam
1329 868 1523 936 Βὶφν-ἰὲηι
1526 868 1656 931 itum,

35 935 343 993 ‘1²¹⁴‘⁷‘''omisere.
404 940 673 998 Mucianus,
691 958 744 987 ne
785 945 926 1000 sperni
967 949 1136 986 senatus
1178 944 1374 985 iudicium
1409 947 1450 985 et
1494 943 1656 985 cunctis

99 1025 225 1067 nosub
255 1022 424 1064 Nerone
457 1021 652 1063 admissis
684 1021 778 1062 data
809 1020 1028 1074 impunitas
1067 1019 1297 1071 videretur,
1333 1018 1550 1061 Octavium
1575 1017 1657 1060 Sa-

150 1098 295 1152 gittam
325 1100 365 1138 et
394 1095 616 1138 Antistium
650 1095 870 1138 Sosianum
901 1094 1102 1136 senatorii
1134 1093 1295 1135 ordinis
1328 1105 1528 1151 egressos
1524 1092 1657 1145 ,exi-

151 1172 249 1213 lium
277 1172 318 1212 in
350 1170 519 1212 easdem
550 1170 708 1212 insulas
735 1169 914 1224 redegit.
968 1169 1163 1211 Octavius
1180 1168 1366 1210 Pontiam
1390 1167 1655 1226 Postumiam,

36 1291 39 1298 y
75 1278 125 1314 Ι»
152 1251 292 1299 stupro
326 1245 538 1300 cognitam
571 1249 613 1286 et
642 1244 806 1298 nuptias
839 1257 936 1286 suas
967 1244 1230 1295 abnuentem,
1265 1243 1469 1297 impotens
1501 1242 1656 1285 amoris

27 1320 76 1377 μ’
105 1311 122 1339 ³7
152 1319 444 1379 intersecerat3
477 1319 677 1362 Sosianus
709 1318 911 1372 pravitate
930 1329 1091 1359 morum
1113 1317 1248 1359 multis
1270 1317 1486 1361 exitiosus.
1520 1315 1599 1359 Am
1631 1327 1656 1357 o
1698 1320 1706 1329 '

20 1393 45 1399 ““
101 1394 271 1448 isgravi
301 1397 469 1435 senatus
502 1393 691 1434 consulto
725 1393 907 1434 damnati
948 1392 1165 1446 pulsique,
1216 1391 1402 1446 quamvis
1448 1402 1657 1433 concesso

153 1468 244 1509 aliis
283 1467 443 1520 reditu,
493 1468 534 1508 in
578 1468 723 1510 eadem
752 1479 889 1522 poena
924 1467 1076 1509 retenti
1106 1471 1214 1509 sunt.
1273 1467 1361 1509 Nec
1402 1464 1498 1508 ideo
1529 1465 1658 1508 lenita

153 1555 253 1596 erga
294 1542 531 1583 Mucianum
577 1542 748 1584 invidia.
811 1542 970 1596 Quippe
1014 1541 1215 1584 Sosianus
1259 1554 1308 1583 ac
1341 1541 1502 1596 Sagitta
1533 1539 1694 1594 viles,

1562 1590 1762 1661 »ΜἹ

296 1685 326 1718 1.
367 1684 520 1718 adem-si}
546 1683 610 1718 Ma.
711 1686 745 1721 6.
786 1690 945 1730 caeptam
971 1683 1036 1718 Ma.
1152 1684 1276 1719 deinde
1302 1682 1406 1718 GMa:
1437 1683 1654 1719 Puteolanus

311 1732 345 1766 8.
375 1739 485 1778 caept.
514 1732 579 1766 Ma.
661 1734 714 1769 10.
737 1734 809 1779 inp.
839 1732 902 1768 Ma.
979 1733 1151 1767 octavium
1176 1734 1336 1767 sabinum
1360 1733 1524 1779 sayittam
1550 1731 1653 1768 Gala:

150 1782 259 1814 tacite
287 1782 441 1814 correxit
468 1781 672 1815 Rhenanus.
779 1783 832 1816 ¹2.
856 1782 1104 1828 posituminam
1130 1784 1220 1827 (non
1244 1783 1496 1828 Postuminam)
1523 1780 1599 1817 Ma:
1627 1781 1654 1816 G

147 1829 368 1874 postumiam.
448 1831 503 1864 13.
532 1830 603 1875 inp.
632 1828 698 1863 Ma.
792 1830 847 1864 16.
873 1841 992 1876 paena
1018 1829 1083 1864 Ma.

150 1732 241 1765 dein.

152 1956 248 1988 cuius
275 1961 377 1988 erant
402 1967 514 1989 mores
540 1955 653 1999 qualis
678 1957 863 2000 facundia,

150 2004 231 2036 mite
257 2003 446 2047 ingenium.
474 2003 612 2037 Laudes
640 2005 734 2037 enim
754 2014 863 2038 saevo

152 2050 302 2084 delatori
339 2052 497 2094 nimiae,
539 2056 574 2084 et
608 2052 862 2095 Quintilianus,

938 1962 973 1990 et
999 1956 1098 1991 nulla
1125 1968 1231 1992 causa
1257 1959 1293 1991 in
1319 1963 1496 2004 promptu,
1529 1970 1590 1994 cur
1616 1961 1653 1994 in

937 2005 1082 2039 homine
1109 2006 1232 2040 infami
1261 2007 1330 2040 duo
1355 2008 1570 2053 cognomina
1585 2019 1654 2054 po..

937 2059 1087 2096 uantur,
1131 2054 1288 2100 denique
1315 2056 1398 2100 quia
1424 2056 1488 2090 ille
1514 2058 1549 2089 in
1574 2056 1654 2091 Au-

937 2102 1077 2136 nalibus
1113 2102 1190 2135 xm
1218 2105 1285 2146 44,
1319 2103 1378 2137 ubi
1406 2103 1546 2138 Tacitus
1577 2115 1652 2139 rem

936 2161 1032 2184 nunc
1058 2151 1207 2184 strictim
1239 2151 1477 2197 significatam
1504 2152 1650 2187 uberius

937 2204 1147 2243 persecutus
1177 2204 1243 2242 cst,
1274 2199 1458 2235 luculente
1486 2201 1649 2236 Octavius

936 2249 1075 2293 Sayitta
1101 2248 1313 2292 appellatur.

1008 2297 1179 2330 Sosianus
1203 2299 1379 2343 pravitate
1401 2309 1536 2332 morum
1559 2298 1652 2343 ηιμὶ-

936 2345 979 2378 tis
1017 2346 1204 2379 exitiosus:
1246 2346 1447 2381 delationes
1487 2347 1576 2382 adeo
1615 2348 1651 2387 in

937 2393 1047 2428 exilio
1076 2394 1276 2428 factitavit:
1306 2395 1386 2429 xvi
1418 2397 1570 2431 14—15.

1021 2442 1107 2485 Cap.
1136 2443 1196 2477 45.
1249 2443 1405 2477 Manlius
1445 2443 1648 2480 Patruitus.-

151 2100 210 2143 qui
238 2099 398 2143 principe
428 2099 631 2133 Domitiano
661 2099 863 2134 Institutio-

151 2158 231 2181 nem
257 2149 447 2181 oratoriam
476 2148 605 2191 edidit,
635 2147 798 2192 Crispum
827 2150 862 2182 in

151 2196 307 2240 ingeniis
332 2207 444 2240 nuper
479 2195 585 2230 claris
622 2197 759 2230 rettulit
786 2197 815 2230 X
846 2199 861 2232 1

154 2244 231 2278 119.
257 2244 467 2285 Quintiliani
484 2245 592 2279 verba
608 2247 763 2290 ascripta
783 2250 864 2279 sunt

151 2292 186 2324 in
213 2298 333 2327 annot.
362 2292 406 2326 ad
433 2291 471 2327 Ο.
500 2293 533 2327 8.

208 2338 293 2384 Cap.
315 2341 375 2381 44.
408 2347 576 2387 coeptam,
606 2342 730 2376 deinde
757 2344 863 2377 omis-

150 2399 225 2421 sam
249 2391 441 2423 actionem.-
482 2389 567 2424 dicit
594 2393 862 2426 accusationem

149 2436 324 2479 Marcelli,
351 2442 515 2481 coeptam
545 2439 587 2472 ab
601 2439 768 2474 Helvidio
796 2441 862 2473 sub

151 2485 312 2529 principe
341 2485 461 2527 Galba,
494 2486 576 2520 dein
605 2489 769 2521 omissam
799 2489 860 2533 (tl.

150 2533 197 2566 lv
224 2533 274 2578 6),
303 2535 489 2577 repetitam
518 2535 560 2567 ab
590 2535 715 2569 eodem
738 2538 862 2580 proxi-

150 2592 205 2615 me
231 2582 349 2625 priore
374 2587 512 2617 senatu.

235 2630 415 2664 Octavium
451 2631 646 2675 Sayittam:
692 2633 861 2667 Sabinum

149 2678 182 2710 in
210 2677 261 2711 Ma
289 2684 323 2712 et
350 2681 480 2713 ceteris
507 2679 607 2713 libiis
634 2680 789 2714 additum
818 2693 860 2715 ex

148 2728 291 2760 nomine
315 2728 488 2772 Sayittam
515 2729 771 2783 διττογραᾳίιι
799 2741 860 2764 or-

149 2779 219 2807 tum
251 2786 305 2808 ess
312 2787 329 2809 e
359 2777 610 2822 cognoscitur,
638 2778 787 2821 primum
816 2790 859 2812 ex

150 2824 409 2858 consuetudine
435 2825 570 2868 'laciti,
612 2836 681 2870 qna
721 2826 858 2861 duobus

148 2871 348 2904 nominibus
377 2878 565 2907 contentus
593 2879 646 2908 est
672 2876 787 2920 (conf.
815 2876 859 2909 ad

148 2916 452 2963 xl1130)‚ium
488 2922 582 2966 quod
619 2928 688 2956 tam
716 2925 857 2969 Sayo'tta

148 2974 249 3008 quam
276 2967 427 3003 Sabinus
465 2976 742 3015 cognomentum
788 2977 853 3017 est,

933 2489 1102 2523 ‘sortasse
1142 2490 1354 2533 Patruinus,
1391 2491 1484 2535 quod
1518 2502 1648 2527 nomen

938 2539 973 2570 in
1003 2537 1205 2581 Symmachi
1234 2539 1396 2582 epistolis
1431 2539 1510 2583 plus
1536 2542 1649 2576 semel

936 2584 1060 2631 leges’.
1104 2586 1259 2620 Lipsius
1317 2588 1504 2623 Patruinus
1532 2591 1648 2623 estin

935 2634 1046 2667 titulis
1075 2634 1228 2678 Gruteri,
1258 2646 1329 2669 non
1358 2636 1545 2671 Patruitus.
1595 2637 1648 2672 De

933 2682 1052 2716 addito
1088 2685 1232 2718 nomine
1271 2690 1414 2719 senator
1455 2696 1488 2719 v.
1525 2692 1645 2721 annot.

933 2731 976 2764 ad
1001 2731 1052 2765 111
1080 2732 1137 2768 36.

1022 2782 1059 2813 in
1094 2780 1234 2814 colonia
1264 2782 1457 2816 Seniensi:
1516 2781 1646 2817 dicitur

932 2828 1027 2862 Sena
1058 2829 1148 2862 Iulia
1175 2831 1209 2862 in
1236 2829 1378 2865 Etruiia
1410 2831 1453 2864 ab
1478 2831 1643 2877 Augusto

932 2875 1096 2919 deducta,
1125 2879 1180 2911 cui
1210 2889 1302 2912 nunc
1333 2883 1387 2912 est
1415 2889 1546 2913 nomen
1560 2880 1643 2914 Sie-

928 2935 988 2958 na.
1041 2925 1129 2960 l’lin.
1166 2926 1241 2960 Nat.
1278 2926 1319 2960 11.
1360 2926 1407 2961 ΙΙΙ
1427 2927 1457 2962 8
1488 2928 1562 2972 (5)
1596 2927 1641 2962 dc

924 2972 1087 3009 Etruria:
1114 2975 1208 3009 intus
1234 2973 1407 3018 coloniae,
1437 2968 1641 3010 Falisca—-
