1768 3216
175 233 222 267 ’76
755 220 1059 258 HISTORIARVM
1437 227 1469 250 a.
1500 216 1537 250 α’.
1564 215 1651 253 822.

171 347 420 391 ventantium
457 345 663 400 legionum
706 345 745 384 et
782 341 929 382 famam
971 335 1205 380 Germanici
1247 332 1455 376 exercitus
1486 330 1655 375 attolle-

171 424 280 474 bant,
313 421 510 462 transiere
540 419 580 458 in
610 421 768 471 partes,
813 420 852 458 et
882 418 924 456 ut
953 414 1105 455 donum
1137 409 1302 464 aliquod
1334 419 1444 450 novo
1475 406 1655 462 principi

171 496 396 538 firmissima
436 492 753 546 Transpadanae
792 489 977 544 regionis
1026 484 1246 538 municipia
1286 481 1566 541 Mediolanum
1604 493 1657 523 ac

169 568 400 619 Novariam,
433 571 472 608 et
501 565 749 619 Eporediam
780 568 820 605 et
849 562 1060 605 Vercellas
1094 560 1335 602 adiunxere.
1378 556 1422 598 Id
1481 555 1658 598 aecinae

139 654 242 696 sper
270 642 381 695 ipsos
414 644 676 694 compertum.
736 638 786 679 Et
815 637 909 691 quia
939 635 1150 690 praesidio
1182 634 1273 675 alae
1303 631 1424 674 unius
1453 629 1656 673 latissima

167 714 261 770 pars
293 715 432 756 ltaliae
462 714 629 756 defendi
659 712 876 766 nequibat,
918 710 1158 765 praemissis
1192 707 1403 750 Gallorum
1433 705 1658 748 Lusitano-

167 802 337 843 rumque
375 793 415 830 et
455 789 740 830 Britannorum
789 785 1027 827 cohortibus
1069 788 1109 826 et
1149 783 1452 825 Germanorum
1491 778 1657 823 vexillis

170 875 260 906 cum
291 863 354 904 ala
382 862 565 924 Pefflpa,
605 862 693 915 ipse
721 860 924 915 paululum
957 861 1171 899 cunctatus
1211 861 1295 908 est,
1338 867 1436 897 num
1459 853 1658 902 ,Raeticis

171 915 611 992 iugis'ififflNoricum
662 936 845 976 flecteret
902 933 1101 974 adversus
1163 930 1400 973 Petronium
1456 928 1655 989 Ili-hicum

124 1015 502 1065 inprocurat-orem,
547 1011 614 1063 qui
660 1009 833 1050 concitis
879 1008 1040 1050 auxiliis
1083 1010 1123 1048 et
1162 1005 1400 1059 interruptis
1475 1002 1659 1045 uminum

172 1085 362 1139 pontibus
392 1084 494 1126 fidus
512 1084 663 1126 Othoni
692 1084 918 1137 putabatur.
967 1082 1047 1124 Sed
1081 1085 1191 1123 metu
1221 1093 1273 1122 ne
1298 1080 1504 1121 amitteret
1531 1089 1661 1133 prae-

173 1160 318 1201 missas
349 1159 426 1200 iam
459 1159 650 1200 cohortes
682 1158 863 1211 alasque,
896 1156 1015 1199 simul
1045 1159 1239 1210 reputans
1270 1154 1361 1209 plus
1392 1153 1556 1210 gloriae
1585 1165 1662 1195 re-

305 1290 338 1324 2.
370 1289 520 1322 transire
554 1293 619 1325 ab
658 1292 693 1322 et
729 1288 766 1322 G.
843 1288 978 1321 domum
1005 1292 1091 1329 ab,
1129 1285 1256 1320 donum
1293 1284 1321 1320 G
1347 1284 1385 1318 in
1410 1293 1546 1318 rasura.
1623 1283 1660 1320 3.

173 1336 350 1382 reliqionis
375 1350 418 1373 a.
522 1338 556 1370 4.
584 1337 782 1382 epopediam
813 1341 898 1373 ab:
925 1335 1125 1380 eporediam
1150 1345 1192 1379 pr
1217 1333 1257 1377 G,
1285 1343 1364 1368 corr
1391 1331 1419 1367 G
1447 1331 1660 1379 Iporeyiam.

175 1385 208 1419 5.
237 1391 268 1419 et
293 1391 357 1422 ab
385 1390 420 1419 et
446 1384 492 1418 G:
529 1395 572 1418 ac
597 1390 677 1419 ante
718 1385 893 1419 Vercellas
917 1386 1027 1418 tacite
1051 1383 1257 1418 Rhenanus.
1355 1381 1387 1416 6.
1421 1391 1512 1427 pan
1536 1379 1662 1415 italiae

176 1432 228 1467 G:
255 1433 380 1467 Italiae
404 1445 487 1479 pars
514 1437 591 1470 ab.
690 1433 984 1477 lusitanorumque
1012 1437 1044 1466 et
1069 1432 1313 1466 britannorum
1341 1435 1429 1468 ab:
1469 1428 1662 1465 Lusitano-

174 1492 251 1514 rum
278 1482 524 1515 Britannorum
550 1493 612 1527 que
639 1482 676 1515 G.
774 1483 808 1516 8.
843 1482 904 1516 ala
931 1481 1076 1515 Petrina
1103 1479 1258 1515 Savilius
1286 1489 1331 1513 ex
1356 1478 1399 1513 H.
1427 1477 1450 1511 4
1476 1477 1545 1514 49:
1580 1476 1662 1523 alpe

175 1530 304 1562 triaria
331 1536 408 1573 ab,
436 1530 514 1576 alpe
542 1531 660 1564 tarina
683 1531 795 1563 Vatic.
822 1531 932 1574 Lipsii
960 1534 995 1564 et
1022 1529 1050 1564 G
1075 1530 1112 1563 in
1138 1538 1208 1574 quo
1235 1528 1352 1573 alpae.
1401 1526 1547 1572 paulum
1571 1531 1661 1563 ab:

175 1575 203 1610 G
225 1578 414 1621 paululum.
491 1584 551 1622 est,
577 1590 657 1612 num
684 1578 814 1612 editor:
842 1584 891 1612 est
915 1584 952 1612 ut
978 1584 1058 1620 ab,
1085 1578 1109 1611 ὅ
1129 1577 1179 1611 uri
1205 1576 1250 1620 G,
1274 1587 1358 1610 num
1382 1574 1599 1609 Puteolanus
1626 1577 1663 1608 et

172 1625 294 1671 vulgo.
369 1627 403 1661 9.
429 1625 590 1660 Urbicum
614 1627 906 1661 Freinshemius:
933 1627 1013 1660 urbi
1042 1625 1136 1660 ACR
1164 1630 1199 1660 et
1225 1630 1306 1668 ab,
1330 1623 1428 1658 urbis
1453 1622 1527 1658 BG.
1605 1623 1661 1658 12.

171 1673 271 1707 simul
294 1680 458 1722 reputans
476 1674 522 1708 C:
550 1675 842 1721 simulareputans
858 1680 939 1718 ab,
965 1675 1114 1709 simulac
1132 1679 1301 1720 reputans
1326 1671 1355 1707 G
1370 1677 1406 1707 et
1424 1670 1662 1708 oxonienses.

173 1804 251 1838 dem
290 1814 366 1836 cum
392 1804 590 1848 Bipontinis
627 1809 661 1837 et
697 1804 765 1837 hoc
796 1804 876 1839 loco

174 1851 253 1885 dedi
288 1850 460 1884 Silianam
497 1857 531 1885 et
561 1852 666 1895 paulo
704 1857 784 1895 post
818 1853 877 1886 Si-

175 1899 275 1933 liani.

249 1946 484 1981 Mediolanum
523 1958 566 1980 ac
600 1949 811 1991 Novariam,
850 1955 880 1982 et

176 1993 390 2039 Eporediam
414 2002 444 2028 et
465 1995 639 2029 Vercellas
665 1997 879 2030 adiunxere:

177 2042 272 2087 iugis
297 2041 462 2076 Poeninis
490 2043 627 2077 Italiam
659 2043 882 2078 descenden-

178 2089 272 2123 tibus
299 2100 340 2123 ex
368 2090 422 2124 his
457 2092 595 2134 oppidis
628 2093 775 2136 primum
816 2091 882 2125 ob-

178 2137 275 2171 vium
301 2142 376 2171 erat
400 2138 576 2183 Eporedia
611 2140 767 2186 (Ivrea),
810 2145 882 2173 tum

180 2185 368 2220 Vercellae
393 2187 592 2234 (Ver-calli),
624 2198 705 2221 mox
731 2188 884 2222 Novaria

181 2233 376 2280 (Novara),
429 2240 606 2279 postremo
645 2236 884 2270 Mediolanum

181 2281 360 2328 (Milano).
389 2282 456 2316 Sed
483 2283 574 2328 quod
596 2283 734 2318 Tacitus
760 2286 884 2318 inver-

180 2339 255 2363 sum
276 2330 433 2364 ordinem
460 2336 602 2366 secutus
624 2337 688 2375 est,
716 2332 799 2366 inde
826 2334 884 2366 in-

947 1802 1130 1849 Eporedia
1163 1801 1237 1835 und
1282 1799 1472 1835 Vercellae.
1529 1798 1664 1839 Eadem

948 1856 1124 1885 structura
1151 1850 1308 1894 cap.50:
1337 1846 1562 1883 Pharsaliam
1578 1847 1666 1882 Plu·-

949 1901 1070 1944 lippos,
1099 1905 1130 1932 et
1157 1902 1220 1945 (:
1246 1899 1365 1944 etiam)
1404 1896 1588 1932 Perusiam
1620 1907 1666 1931 ac

953 1947 1124 1981 Mutinam
1153 1968 1196 1974 —
1222 1946 1462 1990 loquebantur.

1037 1995 1208 2029 latissima
1241 2006 1327 2040 pars
1367 1994 1527 2030 Italiae:
1574 1991 1666 2028 haec

951 2042 1139 2076 verborum
1167 2044 1349 2078 successio
1386 2041 1530 2076 videtur
1558 2043 1666 2086 prae-

951 2095 1045 2124 stare
1071 2092 1173 2126 alteri
1203 2092 1374 2125 latissima
1402 2090 1530 2125 Italiae
1579 2099 1664 2125 an:

952 2149 1032 2172 nam
1060 2139 1148 2173 illud
1173 2145 1307 2184 partem
1339 2138 1529 2174 admodum
1573 2128 1666 2194 utt'am

952 2186 1078 2221 Italiae
1117 2189 1294 2234 significat
1331 2189 1404 2235 (ein
1429 2187 1512 2222 sehr
1538 2186 1668 2231 breue!-

957 2234 1052 2269 Theil
1078 2236 1252 2282 Italicas),
1279 2236 1347 2270 hoc
1375 2236 1586 2271 latissimam
1606 2238 1664 2270 to-

953 2286 1022 2318 tius
1049 2284 1173 2319 ltaliae
1207 2290 1342 2330 partem
1377 2283 1543 2331 (Italicus
1572 2282 1668 2317 brei-

954 2338 1057 2366 testaer
1080 2333 1200 2381 Thea),
1228 2333 1322 2378 quod
1349 2338 1493 2367 ceterae
1518 2335 1669 2366 senten·

180 2377 375 2422 telligimus
399 2380 596 2421 firmissima
612 2380 885 2426 Transpadanae

181 2426 333 2469 reyionis
359 2428 550 2473 municipia
588 2428 766 2474 designari
791 2439 884 2462 non-

182 2473 250 2506 nisi
266 2473 500 2508 Mediolanum
523 2487 566 2508 ac
578 2476 782 2519 Novariam,
804 2477 886 2511 dein

184 2520 399 2565 Eporediam
426 2528 456 2556 et
489 2523 663 2558 Vercellas
689 2526 725 2558 in
751 2525 841 2559 locis
868 2536 888 2558 a

187 2569 330 2603 Silianis
358 2568 399 2602 ad
427 2575 542 2614 partes
574 2572 783 2607 Vitellianas
818 2573 883 2606 ad-

183 2616 312 2650 iunctis
327 2622 364 2649 ut
378 2618 491 2652 minus
509 2619 640 2663 amplas
653 2621 770 2655 adiici.
789 2620 890 2655 Unde

185 2670 330 2708 apparet
362 2671 393 2698 et
424 2671 505 2700 ante
539 2667 752 2712 Eporediam
795 2668 889 2702 idem

184 2712 304 2746 valere
342 2713 436 2757 quod
474 2715 600 2758 etiam,
645 2721 680 2750 et
716 2721 891 2750 commate

187 2764 265 2802 post
326 2761 517 2796 Novariam
567 2763 890 2810 interpungendum

188 2806 308 2840 fuisse.
367 2808 563 2844 'l'heodisce
606 2816 800 2846 converte:
841 2813 892 2846 sie

188 2853 432 2898 uberliel'erten
446 2857 500 2890 die
518 2858 667 2892 uberans
686 2862 796 2903 festen
809 2860 891 2894 Mu-

190 2901 342 2945 nicipien
357 2902 414 2937 des
433 2904 780 2950 Transpadanischen
790 2906 891 2940 Lan·-

193 2946 250 2980 des
261 2947 494 2985 Mediolanum
517 2953 588 2987 und
606 2954 775 2997 Novaria,
802 2955 893 2989 auch

953 2382 1025 2414 tiae
1050 2382 1167 2415 minus
1193 2382 1375 2415 convenit.

1029 2428 1229 2464 Petronium
1271 2430 1456 2463 Urbicum:
1502 2427 1670 2467 ubicum-

956 2487 1025 2521 que
1057 2482 1323 2521 procuratorem
1355 2475 1567 2513 memoravit
1600 2473 1670 2508 Ta-

958 2525 1074 2568 citus,
1109 2527 1145 2559 in
1172 2531 1324 2571 utroque
1358 2534 1469 2570 opere
1502 2523 1573 2557 duo
1599 2531 1670 2556 no-

957 2573 1053 2606 mina
1078 2576 1210 2617 posuit,
1238 2580 1275 2608 ut
1302 2573 1351 2608 lv
1382 2573 1426 2608 15
1446 2571 1557 2606 Asiae
1583 2579 1670 2615 pro-,-

959 2626 1157 2655 curatorem
1189 2623 1331 2656 Lucium
1361 2620 1580 2667 Capitonem,
1595 2618 1670 2653 ΧΠ

959 2670 1003 2704 21
1030 2668 1132 2703 Ponti
1161 2670 1300 2704 Iunium
1328 2668 1506 2710 Cilonem,
1534 2666 1598 2701 ΧΠ
1623 2666 1672 2702 49

960 2715 1207 2761 Cappadociae
1236 2719 1364 2753 Iulium
1390 2715 1581 2760 Pcliqnurm
1609 2713 1672 2749 xll

961 2764 1006 2798 54
1031 2764 1183 2800 Iudaeae
1207 2766 1402 2800 Ventidium
1417 2763 1610 2798 Cumanum
1637 2767 1672 2797 et

960 2812 1103 2847 fratrem
1131 2813 1302 2848 Pallantis
1343 2817 1568 2857 cognomento
1596 2810 1672 2845 Fe-

960 2858 1072 2902 licem,
1100 2861 1139 2895 H.
1157 2861 1171 2895 1
1203 2864 1246 2898 12
1262 2866 1297 2894 et
1311 2860 1357 2895 58
1376 2858 1548 2905 Belgicae
1567 2858 1671 2894 Pom-

957 2909 1072 2953 peium
1101 2911 1353 2955 Propinquum‚
1381 2907 1423 2942 H.
1450 2906 1480 2941 11
1504 2907 1552 2944 86
1577 2907 1672 2942 Pan-

962 2957 1092 2991 noniae
1121 2955 1321 2992 Corneliam
1349 2955 1514 2999 Fuscum,
1553 2955 1594 2991 Η,
1622 2954 1672 2991 111
