1768 3216
149 294 155 301 ,
176 245 226 294 28.

724 228 1075 285 IIISTORIARVM
1143 231 1158 264 f
1166 228 1184 266 z‘·
1198 253 1231 271 ρ,
1246 259 1256 271 ,

1140 290 1161 307 ἰ’
1235 281 1281 325 (m
1286 312 1295 319 ·
1393 303 1422 325 c.
1476 297 1591 325 ss't
1599 291 1621 318 J

94 408 108 418 N
144 344 146 346 ¹
180 325 218 403 et
247 356 411 401 ambitu
424 348 472 398 ac
501 363 665 397 numero
697 361 930 393 onerosum.
991 311 1151 401 Ubique
1178 345 1292 387 hasta
1325 347 1368 386 et
1397 307 1585 395 sector,
1604 343 1648 384 et

19 423 75 473 fi„
107 419 152 476 12³5
175 434 355 487 inquieta
383 431 478 472 urbs
507 426 775 491 auctionibus.

0 526 57 573 a„
74 516 127 562 sa«.

835 424 899 466 Ac
929 428 1062 465 tamen
1093 420 1253 477 grande
1282 417 1503 476 gaudium,
1533 414 1646 473 quod

179 513 256 550 tam
285 516 479 561 pauperes
509 481 659 545 forent
673 502 817 556 quibus
848 503 1042 544 donasset
1070 498 1180 540 Nero
1212 507 1334 550 quam
1365 492 1515 549 quibus
1545 490 1651 535 abs·-

177 582 339 623 tulisset.

398 578 659 620 Exauctorati
694 589 768 631 per
798 588 870 618 eos
901 575 989 616 dics
1019 572 1193 625 tribuni,
1238 584 1261 613 e
1300 569 1514 627 praetorio
1552 567 1649 612 An-

145 655 306 696 stonius
336 654 489 695 Taurus
521 652 774 695 etAntonius
795 650 919 702 Naso,
953 662 1003 690 ex
1032 647 1200 690 urbanis
1232 634 1476 689 cohortibus
1499 642 1650 688 Aemi-

171 730 247 773 lius
277 729 480 781 Pacensis,
512 741 534 770 e
564 727 714 783 vigiliis
746 726 866 768 lulius
898 725 1062 766 Fronto.

1122 722 1210 765 Nec
1238 721 1470 765 remedium
1501 721 1543 764 in
1572 733 1650 764 ce-

173 809 282 846 teros
314 803 399 855 suit,
430 802 502 845 sed
533 808 659 844 metus
691 802 860 854 initium,
891 804 1092 853 tamquam
1118 811 1193 853 per
1222 802 1350 841 artem
1383 802 1425 840 et
1452 796 1651 841 formidi-

175 893 264 922 nem
297 879 446 934 singuli
473 878 719 932 pellerentur
748 877 932 918 omnibus
964 876 1179 930 suspectis.

306 954 463 996 Interea
483 953 695 1006 Othonem,
727 953 791 994 cui
823 951 1059 1005 compositis
1090 951 1215 993 rebus
1247 949 1358 992 nulla
1389 961 1502 1004 spes,
1526 960 1650 991 omne
1663 944 1719 984 21

129 1031 217 1073 ioin
248 1030 406 1073 turbido
438 1029 664 1082 consilium,
696 1029 816 1071 multa
847 1027 965 1070 simul
996 1026 1306 1080 extimulabant,
1338 1025 1501 1068 luxuria
1525 1025 1650 1068 etiam

176 1106 348 1161 principi
377 1118 566 1158 onerosa,
599 1106 733 1160 inopia
763 1106 831 1146 vix
861 1105 1020 1159 privato
1048 1103 1279 1156 toleranda,
1312 1102 1354 1144 in
1373 1101 1544 1145 Galbam
1572 1100 1650 1155 ira,

178 1180 218 1223 in
247 1180 429 1223 Pisonem
460 1180 623 1222 invidia.
674 1180 869 1248 Fingebat
900 1184 938 1222 et
969 1184 1134 1232 metum,
1168 1191 1248 1233 quo
1281 1178 1414 1234 magis
1445 1177 1654 1231 concupi-

176 1260 320 1299 sceret

378 1255 643 1311 Praegravcm
674 1266 760 1298 set
739 1240 900 1297 Neroni
933 1256 1076 1309 fuisse,
1110 1268 1188 1297 nec
1219 1254 1474 1297 Lusitaniam
1504 1264 1653 1296 rursus

178 1334 216 1372 ct
251 1330 413 1373 alterius
458 1332 567 1373 exilii
603 1332 798 1373 honorem
831 1332 1143 1386 expectandum.

130 1406 427 1461 nainvisumque
458 1407 753 1448 dominantibus
785 1408 853 1461 qui
872 1408 1083 1462 proximus
1106 1407 1400 1449 destinaretur.
1446 1404 1656 1447 Nocuisse

1207 1331 1450 1385 Suspectum
1491 1341 1657 1384 semper

178 1480 218 1523 id
249 1481 326 1523 sibi
357 1481 458 1535 apud
489 1493 626 1523 senem
656 1483 902 1537 principem3
935 1483 1066 1538 magis
1088 1482 1319 1524 nociturum
1341 1481 1446 1536 apud
1466 1481 1658 1523 iuvenem

178 1555 342 1611 ingenio
385 1561 536 1599 trucem
577 1563 615 1599 et
653 1558 775 1613 longo
815 1559 939 1601 exilio
972 1558 1199 1601 efferatum.

176 1645 310 1688 posse.

176 1708 272 1750 ritas
311 1708 440 1761 fluxa,
484 1709 640 1751 Pisonis

1261 1557 1410 1599 Occidi
1451 1556 1655 1599 Othonem

370 1634 542 1676 Proinde
573 1634 773 1689 agendum
805 1634 1140 1689 audendumque,
1186 1634 1281 1676 dum
1321 1632 1477 1675 Galbae
1508 1635 1659 1674 aucto-

685 1710 862 1751 nondum
895 1710 1133 1752 coaluisset.

1197 1709 1462 1763 Opportunos
1494 1706 1657 1763 magnis

311 1819 343 1853 2.
371 1818 562 1852 actionibus
587 1818 687 1852 Gala:
715 1820 929 1854 auctionibus
954 1831 1023 1865 mg.
1051 1820 1153 1854 Bodl.
1183 1823 1218 1853 et
1246 1818 1440 1853 Rhenanus
1475 1818 1512 1852 in
1539 1816 1659 1851 Casti-

183 1865 392 1912 gationibus.
474 1878 516 1900 ac
542 1873 654 1900 tamen
680 1867 773 1910 Gna,

182 1919 307 1948 nasset.
384 1916 414 1949 5.
443 1915 572 1948 emilius
598 1914 661 1957 Ma,
686 1916 858 1961 Aemylius
890 1917 927 1951 G.

183 1962 294 1997 lanus.
395 1963 447 1998 14.
477 1970 507 1997 et
533 1962 624 2006 GMa,
651 1970 709 1997 aut
734 1965 773 1998 B.

186 2123 290 2157 latius
312 2129 499 2168 patentem.
531 2126 598 2159 Sed
616 2137 794 2160 onerosum
815 2128 885 2173 (ld-

186 2173 250 2217 stiy
285 2173 431 2218 fallenti)
471 2173 559 2207 haud
596 2174 700 2209 dubie
736 2175 779 2209 ad
812 2187 884 2210 rem

188 2221 360 2265 publicam
385 2223 530 2267 eiusque
549 2228 705 2258 rectores
722 2226 885 2268 pertinet,

190 2274 224 2302 et
249 2270 389 2303 ambitus
411 2272 643 2315 importunum
661 2273 887 2307 ambientium

190 2318 337 2351 studium
365 2319 519 2362 denotat,
546 2325 583 2352 ut
616 2320 720 2364 paulo
747 2327 827 2356 ante
855 2334 884 2356 c.

195 2367 232 2400 17
262 2371 296 2399 et
325 2367 377 2401 19.
437 2368 577 2401 Ambitu
604 2379 787 2402 onerosum
815 2376 888 2404 erat

192 2425 319 2447 novum
346 2415 455 2449 officii
484 2427 616 2461 genuS,
654 2418 746 2462 quod
772 2419 888 2462 plures

193 2463 393 2497 ¹unbicbant
441 2476 542 2509 quam
583 2465 666 2510 eligi
706 2472 889 2510 poterant,

194 2522 358 2554 numero,
399 2513 490 2557 quod
520 2514 668 2557 singulis
697 2526 757 2558 pio
785 2526 890 2559 opera

193 2563 349 2605 impensa
376 2558 564 2604 praemium
583 2562 787 2596 solvendum
810 2570 892 2597 erat.

265 2616 296 2644 et
339 2611 491 2654 inquieta
536 2610 615 2643 uilis
655 2613 892 2646 auctionibus:

194 2659 290 2692 addit
327 2658 418 2703 quod
454 2659 705 2692 consectalium
743 2666 817 2694 erat
853 2673 895 2694 ex

194 2708 237 2741 iis
264 2716 354 2752 quae
381 2708 540 2750 proxime
569 2709 742 2750 narravit,
776 2709 895 2753 ubique

195 2757 298 2789 hasta
325 2761 356 2788 et
383 2760 506 2789 sector.
536 2754 634 2796 Quod
662 2757 698 2789 in
719 2757 899 2791 codicibus

196 2808 273 2846 est,
302 2803 515 2845 actionibus,
551 2803 647 2837 valet
674 2803 765 2838 idem
795 2810 900 2850 atque

195 2852 476 2887 accusationibus
503 2852 614 2898 (conf.
633 2851 708 2885 Xllt
735 2853 813 2899 26),
841 2855 902 2888 sed

195 2900 436 2935 accusantium
463 2900 497 2934 in
525 2900 591 2933 hoc
616 2902 762 2946 negotio
784 2902 904 2936 nullae

195 2953 314 2994 partes
341 2953 450 2982 erant.
493 2949 545 2982 De
574 2951 808 2994 couuptionis
834 2962 901 2996 ge-

196 3007 283 3032 nere
309 2996 441 3032 dictum
473 2995 516 3031 ad
545 3007 574 3033 c
608 2998 659 3032 12.

798 1879 867 1901 non
895 1875 1057 1902 (illamen-

875 1967 928 2000 15.
956 1966 1128 1999 nocuisset
1153 1965 1229 2000 Md:

186 2011 453 2056 audiendumque
480 2010 550 2045 Ma:
582 2018 775 2046 correctum
803 2014 837 2046 in
865 2013 903 2048 G.

1156 1869 1186 1902 3
1219 1868 1407 1901 donassent
1433 1865 1506 1901 Ma.
1533 1865 1562 1901 G
1594 1865 1660 1900 do-

1001 1919 1054 1951 11
1081 1917 1186 1961 yalba
1215 1915 1323 1950 Gna.
1353 1916 1502 1951 Galbam
1526 1915 1662 1950 Puteo-

1275 1965 1302 2000 G
1327 1966 1500 2000 nocuisse.
1605 1963 1661 1999 ¹8.

1006 2014 1059 2048 19.
1088 2021 1196 2060 oport.
1225 2013 1291 2049 Ma.

1025 2140 1041 2162 e
1065 2129 1243 2174 praetorio
1278 2149 1323 2156 —-
1359 2139 1403 2162 ex
1425 2126 1666 2162 urbanis-oo-

955 2177 1107 2211 hortibus
1134 2198 1178 2204 —
1205 2189 1222 2211 e
1248 2177 1401 2222 vigiliis:
1429 2187 1474 2210 ex
1500 2174 1667 2210 omnibus

956 2227 1134 2270 copiarum
1162 2227 1378 2271 generibus,
1417 2235 1508 2271 quae
1542 2223 1666 2258 urbem

957 2276 1051 2319 pacis
1081 2279 1239 2319 tempore
1266 2274 1495 2316 insidebant,
1529 2272 1666 2319 singuli

957 2325 1140 2357 mittuntur
1168 2324 1311 2359 tribuni.
1350 2324 1405 2358 Cf.
1434 2322 1479 2356 lv
1491 2322 1524 2358 5.
1552 2321 1594 2356 ll.
1620 2320 1669 2356 ΙΙΙ

957 2372 1014 2407 64.
1050 2372 1087 2406 ln
1115 2374 1231 2417 priore
1260 2385 1303 2407 ex
1331 2373 1386 2406 his
1412 2371 1552 2405 duobus
1578 2370 1670 2405 locis

960 2424 1105 2465 primum
1145 2427 1180 2456 et
1219 2421 1441 2463 secundum,
1483 2421 1518 2453 in
1554 2419 1671 2454 altero

960 2470 1150 2503 secundum
1186 2475 1221 2503 et
1260 2471 1403 2503 tertium
1432 2479 1546 2514 genus
1572 2467 1672 2502 miti-

962 2520 1030 2551 tiae
1051 2519 1205 2553 urbanae
1221 2523 1445 2552 memoratur.
1475 2517 1575 2551 Adde
1603 2516 1616 2551 Ι
1634 2516 1671 2551 8.

1033 2590 1104 2634 (lap
1135 2591 1190 2625 21.
1230 2591 1398 2623 Othonem
1425 2611 1469 2615 —
1488 2588 1599 2623 multa
1621 2588 1674 2624 εἰ·

963 2638 1032 2671 mul
1071 2638 1344 2673 extimulabant:
1398 2638 1444 2673 cf.
1480 2636 1674 2674 Suetonius

966 2685 1044 2720 Oth.
1074 2688 1108 2721 5.
1145 2686 1353 2721 Plutarchus
1382 2687 1491 2721 Galba
1518 2686 1674 2722 20—21.

1039 2757 1188 2801 lingebat
1222 2765 1253 2791 et
1289 2764 1434 2799 metum,
1474 2768 1540 2803 quo
1564 2757 1677 2803 mayis

969 2807 1245 2850 concupisceret.-
1284 2807 1366 2841 vide
1392 2806 1480 2840 mihi
1509 2806 1678 2841 eximium

971 2853 1076 2885 animi
1112 2853 1253 2888 humani
1299 2855 1574 2899 exploratorem.
1625 2853 1678 2889 Ne

973 2901 1154 2944 cupidines
1170 2903 1254 2936 illae
1273 2905 1405 2936 nimiae
1419 2902 1569 2937 Othonis
1589 2912 1680 2938 con-

972 2950 1144 2983 scientiae
1160 2960 1250 2985 voce
1264 2952 1586 2997 restinguerentur,
1609 2952 1680 2987 ho-

970 3006 1026 3030 mo
1056 2997 1229 3042 impotens
1268 3003 1394 3034 statum
1431 3009 1531 3035 suum
1565 3000 1682 3048 magis

1332 228 1468 268 wirla.
1493 233 1530 259 ιι.
1555 189 1768 320 822Ᾰῖἔῆ
