1768 3216
269 50 293 64 .
338 74 374 97 ’γ
422 81 432 84 1
471 70 514 103 Α,
541 67 562 70 Ὗ,

123 84 506 158 mm...

78 553 132 592 19
143 550 393 591 mitesceret.

69 1605 127 1646 20

147 215 170 240 a
194 203 234 240 G.
262 204 322 242 69.
625 202 763 239 LIBER
788 203 834 240 11.
887 202 975 238 Cn.
1007 203 1162 240 16-20.
1586 203 1660 238 117

144 324 243 379 quin
283 323 407 378 prodi
456 322 664 384 Othonem
704 326 744 364 et
783 322 961 364 accitum
994 321 1216 364 Caecinam
1254 320 1534 363 clamitabant.
1595 320 1659 362 Fit

144 382 587 442 temeritatis'alienae
620 410 761 440 comes
784 398 1007 452 Spurinna,
1038 398 1173 451 primo
1207 401 1396 450 coactus,
1427 409 1527 439 mox
1548 396 1658 438 velle

143 474 367 526 simulans,
412 485 493 527 quo
535 458 927 527 plus-auctoritatis
970 472 1128 513 inesset
1171 471 1386 524 consiliis,
1434 471 1471 513 si
1501 470 1655 513 seditio

458 548 678 601 Postquam
719 547 759 588 in
805 550 1034 600 conspectu
1064 546 1198 588 Padus
1230 551 1271 588 et
1302 558 1388 588 nox
1418 545 1655 600 adpetebat,

141 624 288 666 vallari
320 628 456 666 castra
484 622 653 689 placuit.
716 622 755 663 Is
796 621 916 663 labor
945 621 1107 662 urbano
1150 621 1268 662 militi
1309 621 1503 663 insolitus
1545 633 1687 666 con-⁵

141 699 276 742 tundit
308 699 484 741 animos.
543 698 643 740 Tum
674 697 980 740 vetustissimus
1013 697 1189 750 quisque
1221 697 1433 752 castigare
1466 695 1655 737 creduli-

140 779 265 816 tatem
293 787 434 827 suam,
468 777 617 815 metum
651 786 700 814 ac
733 772 959 814 discrimen
992 771 1240 824 ostendere,
1273 771 1310 813 si
1341 783 1434 812 cum
1466 771 1655 813 exercitu

140 850 320 892 Caecina
342 849 579 903 patentibus
613 847 770 900 campis
794 851 875 887 tam
902 858 1059 899 paucas
1080 846 1277 887 cohortes
1300 845 1652 887 circumfudisset.

139 925 307 978 lamque
349 923 447 965 totis
492 922 640 964 castris
692 921 872 963 modesti
912 932 1155 972 sermones,
1203 924 1243 962 et
1284 920 1566 962 inserentibus
1607 931 1654 961 se

141 998 456 1041 centurionibus
486 998 747 1051 tribunisque
778 996 941 1038 laudari
970 995 1236 1050 providentia
1269 994 1404 1047 ducis,
1439 994 1549 1048 quod
1573 1005 1707 1036 co-io

139 1075 295 1116 Ioniam
325 1074 474 1116 virium
508 1077 548 1115 et
579 1085 699 1127 opum
724 1071 903 1114 validam
929 1064 1059 1113 robur
1088 1084 1138 1112 ac
1167 1070 1313 1112 sedem
1328 1069 1439 1111 bello
1463 1069 1652 1124 legisset.

139 1150 232 1204 Ipse
261 1153 474 1204 postremo
507 1148 738 1202 Spurinna,
783 1159 867 1188 non
909 1150 990 1188 tam
1034 1146 1193 1199 culpam
1239 1144 1499 1198 exprobrans
1532 1156 1652 1198 quam

138 1225 303 1267 ratione
335 1224 587 1276 ostendens,
631 1223 790 1265 relictis
835 1221 1171 1276 exploratoribus
1204 1224 1371 1261 ceteros
1400 1218 1652 1260 Placentiam

139 1300 307 1342 reduxit
337 1296 477 1341 minus
503 1299 693 1341 turbidos
726 1302 767 1339 et
797 1297 972 1352 imperia
1004 1296 1277 1350 accipientes.
1324 1294 1500 1337 Solidati
1529 1293 1651 1346 muri,
1688 1311 1736 1350 *f

137 1374 451 1430 propugnacula
491 1374 658 1426 addita,
698 1378 845 1415 auctae
877 1377 1038 1424 turres,
1086 1371 1257 1425 provisa
1300 1373 1527 1424 parataque
1567 1353 1765 1433 nonis&

139 1462 254 1491 arma
284 1449 410 1491 modo
442 1448 517 1491 sed
543 1448 790 1502 obsequium
822 1451 862 1489 et
892 1446 1068 1501 parendi
1100 1457 1238 1496 a1n0r3
1270 1444 1381 1499 quod
1404 1443 1539 1486 solum
1570 1442 1651 1484 illis
1683 1480 1686 1485 ,
1714 1433 1730 1443 ”

137 1524 322 1580 partibus
354 1524 500 1576 defuit,
534 1521 1240 1593 cht.
1659 1548 1700 1565 ,
1729 1530 1736 1540 ¹

1676 1418 1711 1447 2«

1743 1439 1753 1456 1

1683 1480 1718 1503 7⁵.-
1746 1475 1767 1508 J

1684 1506 1727 1516 «ἡ
1752 1508 1768 1514 ..-

1721 1539 1759 1567 ll*

1700 1566 1709 1577 ,·
1720 1569 1760 1578 ⁶⁴.

273 1599 327 1641 At.
343 1599 539 1651 Caecina,
571 1598 683 1640 velut
712 1597 859 1639 relicta
889 1600 985 1650 post
1015 1595 1143 1649 Alpes
1173 1595 1348 1636 saevitia
1381 1606 1431 1635 ac
1462 1592 1649 1645 licentia,
1672 1600 1758 1638 ατ..

138 1674 329 1716 modesto
362 1674 528 1728 agmine
558 1686 634 1727 per
664 1673 823 1714 Italiam
855 1671 1042 1712 incessit.
1106 1670 1307 1711 Ornatum
1348 1668 1478 1723 ipsius
1509 1667 1651 1709 muni-

140 1749 248 1803 cipia
279 1752 320 1790 et
361 1748 554 1789 coloniae
595 1748 637 1788 in
675 1746 911 1801 superbiam
950 1736 1198 1796 trahebant,
1249 1743 1360 1797 quod
1398 1741 1705 1785 versicoloria»

140 1823 304 1879 sagulo,
336 1823 486 1865 bracas
517 1822 741 1864 barbarum
771 1824 939 1874 tegmen
972 1819 1163 1870 indutus,
1197 1821 1363 1872 togatos
1395 1817 1652 1870 adloquere-

141 1903 218 1941 tur.
280 1898 462 1940 Uxorem
504 1901 639 1939 autem
681 1896 770 1938 eius
813 1895 1081 1946 Saloninam,
1125 1904 1372 1949 quamquam
1417 1893 1460 1933 in
1500 1891 1650 1933 nullius

241 2027 272 2060 1.
300 2025 359 2070 qui
380 2036 445 2071 pro
473 2026 557 2069 (per
583 2026 720 2069 comp.)
753 2021 882 2056 othone·
909 2019 985 2055 Ma:
1014 2021 1172 2054 correxit
1190 2019 1403 2061 Bekkerns‚
1432 2022 1515 2051 ante
1545 2028 1651 2063 quem

140 2079 288 2110 auctore
314 2073 472 2107 Pichena
502 2073 584 2117 quin
607 2071 854 2117 proditionem.
956 2070 991 2104 4.
1019 2080 1099 2114 app.
1127 2067 1184 2102 Or.
1297 2069 1329 2102 5.
1362 2066 1544 2100 contundit
1573 2065 1649 2100 Ma.-

141 2123 296 2158 contudit
321 2122 394 2157 AG.
498 2121 556 2156 10.
578 2120 807 2167 providentia
831 2118 936 2154 Gna:
973 2119 1129 2152 correxit
1166 2117 1193 2151 1.
1222 2116 1280 2150 Fr.
1310 2115 1532 2158 Gronovius,
1568 2120 1651 2149 ante

141 2183 246 2219 quem
272 2172 447 2206 Rhenano
473 2171 584 2204 tacite
611 2173 809 2213 praeeunte
826 2168 992 2202 'laudare
1015 2166 1287 2212 providentiam.
1368 2166 1423 2200 15.
1456 2170 1558 2197 aucte
1584 2163 1650 2197 M‘d.

144 2222 200 2256 17.
228 2221 335 2266 penit.
363 2218 427 2254 Ma.
509 2218 564 2253 18.
588 2217 694 2251 uelud
719 2217 784 2251 Ma.
860 2217 958 2251 seuit.
989 2214 1053 2249 Ma.
1122 2216 1181 2251 20.
1211 2214 1436 2248 versicoloris
1463 2211 1539 2246 Ma:
1565 2224 1653 2246 uer-

141 2269 287 2304 sicolori
313 2267 352 2302 G.
453 2269 512 2301 21.
555 2267 682 2300 bracas
706 2266 782 2300 Ma:
810 2265 963 2299 brachas
1006 2263 1045 2298 G.
1147 2263 1338 2297 barbarum
1363 2269 1498 2307 tegmen
1524 2259 1597 2294 Ma:
1625 2260 1653 2294 G

144 2324 279 2362 teymen
305 2316 540 2357 barbaricum,
568 2325 647 2349 corr
674 2313 702 2348 G
728 2321 862 2359 teqmen
891 2313 1092 2347 barbarum.
1182 2310 1244 2345 all.
1272 2309 1338 2344 Ma.
1422 2311 1480 2345 22.
1506 2319 1653 2342 uxorem

143 2369 192 2400 aaz
218 2365 274 2410 (h.
303 2375 336 2399 e.
364 2366 496 2408 autem)
525 2361 601 2397 Ma:
630 2373 776 2397 uxorem
802 2374 934 2408 quoque
959 2360 998 2395 G.

143 2485 237 2518 viter
264 2482 466 2526 descripsit.
502 2481 671 2514 Poemata
696 2491 716 2514 a
742 2479 860 2514 Plinio

143 2532 285 2567 laudata
297 2530 574 2565 interciderunt:
589 2534 756 2575 quattuor
770 2529 861 2564 odae

145 2583 222 2615 eius
263 2581 409 2614 nomine
447 2590 468 2613 a
507 2578 612 2623 Casp.
640 2579 787 2612 Barthio
824 2580 860 2612 in

144 2629 369 2664 Adversariis
405 2627 485 2662 XIV
513 2629 534 2662 5
574 2632 775 2672 protractae
817 2628 860 2661 ab

145 2680 222 2722 ipso
249 2677 387 2711 editore
417 2675 584 2710 videntur
623 2677 860 2710 concinnatae

149 2737 241 2759 esse.

217 2771 310 2807 mille
336 2771 565 2806 vexillarios:
591 2783 626 2806 v.
645 2773 689 2806 ad
709 2773 749 2806 H.
764 2772 794 2806 Π
808 2774 862 2808 11.

220 2822 391 2866 correptis
402 2821 512 2866 signis
523 2819 725 2864 vexillisque
735 2832 747 2854 .·
755 2831 840 2866 prae
849 2844 860 2848 -

146 2870 276 2904 toi-iani
301 2879 366 2903 sna
389 2869 506 2915 signa,
533 2868 724 2914 legionarii
741 2869 862 2904 vexil-

147 2917 182 2954 la
207 2918 465 2963 corripuerant.
490 2917 545 2951 ef.
558 2921 678 2951 annot.
695 2916 738 2951 ad
751 2917 783 2952 11
806 2919 860 2953 17.

221 2965 307 3012 Cap.
339 2964 394 3003 19.
421 2966 668 3002 vetustissimus
694 2966 862 3012 quisque:

931 2478 1168 2514 vetustissimi
1194 2476 1300 2522 primi
1316 2475 1359 2509 ab
1375 2476 1502 2509 insano
1525 2474 1651 2509 ardore

932 2528 975 2562 ad
1001 2527 1151 2562 meliora
1178 2526 1295 2559 redire
1322 2529 1531 2569 coeperunt.

1004 2588 1108 2621 quam
1134 2576 1274 2609 ratione
1305 2574 1507 2608 ostendens:
1534 2572 1652 2617 pingit

931 2627 1046 2659 virum
1075 2624 1294 2658 moderatum
1311 2627 1346 2656 et
1359 2623 1570 2666 sapientem,
1591 2620 1651 2664 qui

931 2674 1058 2708 additis
1080 2674 1199 2707 causis
1222 2673 1391 2718 (ratione)
1412 2671 1551 2714 culpam
1580 2669 1651 2701 mi-

933 2723 1034 2757 litum
1074 2722 1293 2756 convincere
1335 2730 1438 2764 quam
1476 2717 1651 2750 conviciis

934 2771 1148 2805 militaribus
1180 2766 1448 2813 reprehendere
1484 2775 1547 2799 eos
1573 2775 1651 2798 ma-

936 2819 1044 2854 lebat.

1006 2866 1091 2910 Cap.
1121 2866 1179 2901 20.
1206 2869 1371 2898 ornatum
1397 2862 1526 2908 ipsius:
1555 2859 1651 2895 conf.

932 2915 1111 2950 Plutarch.
1140 2911 1222 2947 oth.
1250 2912 1285 2947 6.
1341 2910 1433 2945 illud
1462 2909 1653 2944 barbarum

933 2969 1067 3010 hymen
1114 2972 1157 2997 ex
1190 2958 1415 2995 sermonibus
1455 2957 1652 3005 indignan-
