1768 3216
744 183 832 220 Gn.
858 186 1016 222 32-33.
1567 189 1641 224 m

148 295 408 342 Academiae
438 299 583 353 spatiis
613 305 896 342 consecutum.
958 301 1059 343 Sunt
1097 300 1205 344 aliae
1246 314 1426 356 causae,
1466 315 1644 358 magnae

151 375 194 414 et
220 384 391 427 graves,
416 386 519 428 quas
550 388 572 416 a
604 375 724 417 vobis
753 375 906 429 aperiri
938 388 1115 429 aequum
1145 381 1220 429 est,
1252 377 1644 432 quoniamquidem

152 458 235 502 ego
266 447 350 490 iam
380 461 516 490 meum
546 462 692 492 munus
724 449 901 503 explevi,
935 454 975 491 et
1005 451 1115 504 quod
1146 451 1247 492 mihi
1277 452 1319 493 in
1343 452 1644 494 consuetudine

140 525 229 575 est,
257 523 360 566 satis
392 524 542 566 multos
574 524 745 577 offendi,
779 536 899 578 quos,
931 525 968 566 si
1002 525 1110 568 forte
1139 525 1244 568 haee
1266 527 1513 579 audiverint,
1546 539 1645 568 cer-

136 600 236 642 ium
264 597 400 641 habeo
432 599 620 641 dicturos
652 613 743 651 me,
785 599 879 642 dum
907 600 1010 642 iuris
1041 604 1081 641 et
1111 600 1399 655 philosophiae
1428 602 1676 650 scientiams

152 675 358 726 tamquam
388 674 548 716 oratori
576 675 861 716 necessariam
892 674 1032 726 laudo,
1066 675 1231 728 ineptiis
1263 676 1367 716 meis
1396 675 1614 729 plausisse.

81 753 143 792 33
190 768 193 771 ’
286 747 339 789 Et
368 747 593 801 Maternus,
627 749 727 789 Mihi
758 749 940 802 quidem,
973 750 1120 803 inquit,
1152 754 1389 804 susceptum
1419 764 1442 791 a
1474 755 1515 792 te
1552 763 1647 792 mu-

151 831 230 865 nus
258 821 367 863 adeo
396 823 617 877 peregisse
646 823 830 864 nondum
856 823 1041 875 videris,
1087 827 1131 864 ut
1167 824 1389 866 inchoasse
1423 829 1577 866 tantum
1608 828 1648 866 et

136 894 268 950 „utut
311 896 492 950 vestigia
546 909 595 937 ac
628 896 883 938 lineamenta
926 897 1129 950 quaedam
1170 898 1408 940 ostendisse
1450 899 1645 940 videaris.

149 968 255 1014 Nam
283 970 433 1024 quibus
463 970 612 1012 instrui
639 974 808 1012 veteres
840 975 1031 1012 oratores
1061 971 1174 1013 soliti
1204 972 1286 1012 sint
1316 972 1486 1024 dixisti,
1520 971 1702 1013 diffe-to

151 1043 411 1098 rentiamque
440 1049 611 1087 nostrae
641 1044 829 1087 desidiae
862 1050 902 1086 et.
926 1046 1174 1087 inscientiae
1209 1045 1412 1087 adversus
1446 1046 1651 1087 acerrima

152 1122 197 1160 et
224 1118 524 1169 secundissima
556 1131 700 1160 eorum
742 1120 878 1161 studia
925 1120 1241 1161 demonstrasti:
1283 1125 1422 1162 cetera
1461 1124 1650 1174 expecto,

153 1196 198 1234 ut
226 1192 575 1246 quemadmodum
606 1205 661 1234 ex
690 1197 731 1234 te
763 1193 893 1234 didici
934 1194 1032 1247 quid
1076 1198 1145 1235 aut
1188 1193 1246 1234 illi
1284 1195 1430 1235 scirint
1467 1198 1536 1235 aut
1575 1205 1653 1235 nos

154 1266 408 1316 nesciamus,
440 1267 495 1308 ita
528 1266 610 1307 hoe
630 1278 794 1320 quoque
814 1279 1083 1321 cognoscam,
1117 1268 1264 1320 quibus
1284 1267 1652 1309 exercitationibus

159 1340 332 1383 iuvenes
362 1340 442 1383 iam
475 1345 517 1382 et
547 1341 682 1382 forum
716 1340 951 1395 ingressuri
982 1340 1230 1382 confirmare
1257 1345 1297 1382 et
1328 1341 1442 1382 alere
1481 1341 1652 1395 ingenia
1670 1347 1707 1376 ¹⁵

235 1503 267 1535 1.
292 1500 523 1535 achademiae
548 1500 585 1534 P.
661 1502 696 1536 2.
724 1511 809 1544 quas
830 1500 928 1534 uobis
952 1510 1128 1544 superscr.
1155 1510 1178 1533 a
1203 1499 1240 1542 P,
1273 1509 1358 1544 quas
1382 1500 1479 1532 uobis
1503 1498 1542 1532 F.
1622 1509 1655 1533 v.

161 1549 450 1595 aperiri'nltima
475 1549 543 1583 litt.
569 1550 583 1582 ι’
606 1550 641 1582 in
667 1559 788 1582 rasura
816 1554 870 1582 est
894 1550 928 1581 in
946 1549 982 1582 P.
1042 1560 1163 1593 equum
1188 1547 1225 1581 P.
1291 1548 1326 1582 4.
1354 1559 1436 1592 quos
1461 1545 1655 1581 Pithoeus:

142 1596 208 1642 qd
230 1596 367 1632 lineola
396 1597 503 1632 ducta
529 1608 592 1642 per
620 1598 643 1630 d
683 1600 772 1642 (non
799 1609 877 1641 quo,
907 1601 944 1630 ut
970 1602 1087 1631 narrat
1113 1595 1286 1637 Orellius)
1320 1595 1363 1637 P,
1405 1595 1495 1639 quod
1532 1596 1655 1628 ceteri.

162 1645 364 1680 audiverint
392 1645 444 1679 P:
472 1647 649 1680 atadierint
674 1645 712 1679 F.
771 1645 804 1680 9.
833 1645 1040 1679 liniamenta
1065 1646 1101 1679 P.
1163 1645 1218 1680 10.
1245 1647 1313 1685 stit,
1340 1643 1408 1677 litt.
1436 1655 1460 1676 u
1485 1643 1520 1676 in
1539 1644 1657 1687 priore

164 1699 267 1740 purte
293 1700 425 1739 puncto
452 1695 643 1728 subnotato
669 1699 706 1727 ut
735 1693 794 1726 fiat
820 1695 900 1736 sint,
930 1693 969 1736 P,
995 1695 1063 1727 sint
1090 1693 1137 1726 F:
1163 1698 1241 1726 sunt
1269 1692 1446 1725 editiones
1475 1702 1589 1736 usque
1614 1689 1658 1724 ad

162 1742 387 1786 Rhenanam,
417 1745 477 1789 qui
505 1745 613 1777 tacite
640 1744 806 1777 correxit.
904 1745 957 1776 11.
983 1742 1150 1776 scientiae
1177 1740 1203 1774 F
1231 1745 1266 1774 et
1285 1741 1452 1784 antiquae
1482 1739 1659 1773 editiones

165 1801 279 1838 usque
306 1791 350 1826 ad
375 1791 597 1826 Rhenanum.
678 1793 732 1826 12.
758 1791 921 1835 soecund.
952 1790 987 1824 Ρ.
1068 1791 1122 1824 13.
1149 1789 1239 1833 quod
1263 1787 1302 1830 F,
1330 1798 1401 1821 non
1430 1788 1465 1821 P.
1535 1788 1660 1821 scii-ine

164 1839 394 1875 Heinrichius
434 1840 478 1874 ad
504 1839 666 1875 luvenal.
697 1838 755 1872 XV
795 1838 881 1873 166:
922 1838 975 1872 Fl‘
1002 1839 1153 1879 scirent,
1188 1836 1298 1882 vulgo
1334 1837 1477 1869 scierint
1514 1840 1659 1869 auctore

164 1887 479 1923 Schurzfleischio.
589 1890 642 1923 14.
669 1888 860 1921 resciamus
886 1887 924 1925 F,
952 1898 1021 1920 uon
1050 1886 1085 1920 P.
1193 1886 1247 1919 15.
1276 1891 1307 1919 et
1335 1887 1450 1929 [orum
1477 1885 1521 1918 P:
1546 1885 1661 1928 forum

164 1937 204 1972 F.
302 1938 498 1982 inyressuri
523 1937 566 1972 P:
595 1938 746 1982 ingressi
769 1935 807 1970 F.

166 2068 402 2104 Demostheni
441 2069 600 2103 subditas
633 2069 792 2112 dispersa
826 2068 885 2100 vi-

166 2116 291 2151 detur:
317 2116 446 2151 Cicero
460 2117 555 2152 Orat.
580 2118 603 2150 4
621 2129 630 2150 ε
651 2118 740 2150 idem
760 2117 800 2150 de
811 2116 884 2149 De-

166 2165 342 2199 mosthene
363 2167 558 2199 eaea‘sti’nmrt'
579 2171 703 2210 potest,
729 2166 825 2199 citius
843 2176 886 2196 ea:

954 2069 997 2102 3:
1030 2069 1148 2112 fateor
1179 2078 1233 2099 me
1266 2071 1464 2106 oratorem,
1506 2064 1538 2097 si
1565 2063 1663 2097 modo

954 2117 1018 2149 sim
1043 2121 1103 2148 aut
1129 2116 1232 2148 etiam
1258 2115 1458 2158 quicumque
1483 2113 1563 2153 sim,
1593 2122 1664 2144 ηωι

956 2176 999 2197 ει·
1022 2164 1200 2196 rhetorum
1233 2162 1382 2205 officinis
1415 2159 1476 2192 sed
1500 2171 1543 2191 ez·
1566 2159 1663 2192 Aca-

169 2213 322 2258 epistolt's
334 2213 487 2258 intelligi
504 2214 585 2247 licet
601 2225 705 2256 quam
721 2215 886 2256 frequens

168 2262 275 2306 [uerit
303 2260 458 2294 Platonis
483 2262 635 2294 auditor.
684 2260 779 2293 Haec
806 2270 884 2292 esse

171 2309 386 2343 coniecerim
420 2308 619 2343 ἀδέσποτα
650 2307 884 2355 ὑπομνήμα-

170 2371 229 2398 τα,
257 2367 349 2402 quae
376 2361 573 2390 antestatur
593 2355 804 2399 Hermippus
817 2353 885 2387 Pe-

172 2406 380 2450 ripateticus
417 2405 510 2449 apud
551 2403 775 2437 Plutarchum
810 2402 885 2436 De-

172 2453 302 2488 mosth.
337 2454 386 2488 5:
426 2454 648 2500 ‘'Efflunnor
687 2452 730 2486 δέ
766 2463 886 2499 φησιν

175 2501 410 2552 εἶδεσηότοις
452 2501 750 2555 ὑποιιινὴμασινἱ
777 2502 887 2534 &vrv-

171 2558 270 2598 χεῖν,
299 2553 340 2587 ἐν
367 2554 426 2589 οἷς
464 2553 681 2596 ἐγέγραπτο
714 2562 780 2583 τον
811 2550 887 2590 Δη-

173 2603 344 2647 μοσθένη
366 2600 687 2643 συνεσχολακέναι
704 2596 888 2630 Πλάτωνι

175 2652 239 2682 καὶ
256 2648 433 2682 uitiator
447 2649 500 2684 εἰς
519 2644 608 2684 τούς
629 2646 767 2690 λόγους
786 2643 892 2690 οἰφε-

177 2696 331 2738 bio-9111.
398 2693 565 2726 Eiusdem
607 2694 722 2726 famae.
758 2692 892 2725 mentio

177 2743 216 2777 fit
261 2754 280 2776 a
321 2741 512 2776 Polemone
559 2740 652 2785 apud
692 2739 892 2785 Diogenem

179 2791 294 2825 Laert.
322 2789 371 2824 ΠΙ
404 2791 440 2831 §.
479 2789 549 2830 46,
591 2788 766 2822 Cicerone
793 2787 890 2821 Brut.

179 2841 238 2883 31,
268 2838 490 2881 Quintiliano
517 2837 580 2871 xtl
606 2838 629 2872 2
654 2838 712 2871 22.

256 2910 381 2944 Cicero
408 2909 461 2943 his
500 2929 545 2935 -
576 2907 715 2945 urbis.-
754 2907 836 2942 Orat
863 2916 893 2938 c.

289 2994 414 3024 Tacitus
438 2993 490 3023 IV.

955 2212 1089 2244 demicte
1114 2212 1237 2255 spatiis
1266 2210 1429 2241 extitisse.
1472 2206 1664 2248 Quintilia-

955 2269 1019 2291 nus
1037 2258 1097 2291 xu
1123 2260 1145 2291 2
1171 2258 1237 2291 23:
1269 2256 1413 2288 Marcus
1443 2253 1570 2287 Tullius
1594 2264 1665 2286 non

956 2312 1087 2339 tantum
1125 2317 1160 2338 se
1186 2304 1309 2336 debere
1336 2301 1464 2336 scholis
1488 2301 1666 2334 rhetorum

955 2359 1118 2397 quantum
1134 2351 1346 2386 Academiae
1365 2351 1487 2394 spatiis
1498 2351 1667 2394 frequen-

955 2408 1009 2434 ter
1043 2402 1115 2445 ipse
1149 2406 1306 2434 testatur.
1378 2398 1431 2432 De
1466 2397 1668 2442 frequentia

956 2449 1151 2483 testimonii
1194 2446 1450 2490 Quintilianum
1498 2446 1668 2479 memoria

956 2496 1100 2531 fefellit.

1028 2557 1051 2578 a
1075 2545 1196 2579 vobis.-
1233 2545 1358 2578 vitium
1401 2543 1495 2576 robis
1529 2546 1588 2574 aut
1624 2550 1667 2573 ex

959 2595 1133 2638 scriptura
1162 2592 1282 2626 anobis
1309 2596 1367 2625 aut
1397 2601 1440 2623 ex
1468 2589 1668 2632 antiquiore

963 2642 1113 2676 AEOBIS
1140 2642 1315 2685 originem
1344 2638 1455 2671 duxit.

1034 2711 1118 2755 Cap.
1135 2711 1192 2745 33.
1220 2709 1365 2753 vestigia
1392 2706 1669 2740 etlineamento:

963 2761 1117 2804 vestigia
1136 2759 1276 2802 proprie
1302 2755 1452 2800 pedibus
1465 2754 1672 2797 exprimun-

963 2813 1031 2848 tur,
1059 2807 1274 2840 lineamenta
1300 2803 1342 2837 ad
1369 2813 1409 2837 os
1434 2803 1511 2835 sive
1536 2799 1672 2834 vultum

963 2856 1154 2899 pertinent.

1047 2905 1163 2948 forum
1195 2901 1414 2947 inyressuri:
1452 2898 1511 2943 qui
1550 2904 1674 2930 causas

1422 2975 1471 3015 15
