1768 3216
138 211 161 237 a
185 199 227 239 ὓ.
254 200 315 238 60.
612 200 749 236 LIBER
772 199 800 236 1.
852 201 940 237 Cn.
968 200 1126 236 ἸΙ-73.
1603 203 1654 237 ’n

138 318 296 362 fiunem
334 329 519 372 pavens,
566 317 771 360 adversus
809 318 1019 372 publicum
1063 318 1204 360 odium
1234 319 1440 372 privatam
1470 319 1650 374 gratiam

135 397 359 448 praeparat
369 407 382 444 ;
411 393 525 436 unde
553 392 667 435 nulla
697 393 967 436 innocentiae
998 405 1114 447 cura,
1146 393 1222 435 sed
1239 394 1357 436 vices
1379 394 1649 449 impunitatis.

138 467 203 511 Eo
234 467 443 510 infensior
470 467 663 522 populus,
695 468 837 510 addita
869 468 922 510 ad
953 472 1072 510 vetus
1090 467 1284 523 Tigellini
1316 469 1459 512 odium
1487 470 1653 513 recenti

138 542 222 586 Titi
241 542 352 585 Vinii
373 542 549 595 invidia,
582 554 840 585 concurrere
873 556 896 584 e
926 546 1012 584 tota
1043 543 1148 585 urbe
1178 543 1221 585 in
1245 544 1443 586 Palatium
1465 557 1516 587 ac
1543 544 1651 598 fora,

139 621 184 660 et
208 617 282 660 ubi
309 617 487 672 plurima
515 617 635 672 vulgi
664 617 849 670 licentia,
881 617 924 658 in
956 618 1115 659 circum
1146 631 1196 660 ac
1228 619 1390 661 theatra
1422 618 1546 661 effusi
1578 631 1686 662 se-s

140 692 311 735 ditiosis
353 692 531 735 vocibus
570 692 841 746 obstrepere,
886 692 1023 735 donec
1059 693 1290 748 Tigellinus
1329 699 1503 749 accepto
1544 694 1653 749 apud

139 766 419 810 Sinuessanas
450 778 581 821 aquas
611 779 832 821 supremae
863 768 1131 810 necessitatis
1161 769 1331 822 nuntio,
1373 770 1483 811 inter
1512 773 1654 824 stupra

141 841 470 885 concubinarum
501 845 544 884 et
572 841 716 884 oscula
748 846 790 884 et
818 842 1035 884 deformes
1064 854 1231 895 moras,
1278 844 1406 885 sectis
1447 844 1654 886 novacula

136 911 355 969 faucibus,
400 916 597 959 infamem
636 917 763 958 vitam
794 916 981 959 foedavit
1012 917 1137 959 etiam
1167 918 1282 959 exitu
1313 929 1411 959 sero
1444 921 1484 958 et
1524 918 1652 960 inho-

66 995 276 1037 mneato.
335 991 415 1034 Per
451 991 565 1034 idem
604 995 766 1046 tempus
809 992 1070 1046 expostulata
1112 992 1166 1035 ad
1214 992 1461 1047 supplicium
1509 993 1709 1040 Galviaw

138 1065 376 1120 Crispinilla
404 1065 536 1109 variis
566 1065 908 1110 frustrationibus
939 1070 980 1108 et
1002 1066 1181 1126 adversa
1206 1067 1506 1129 dissimulantis
1525 1068 1650 1123 prin-
1687 1076 1712 1094 >³
1730 1042 1753 1089 ‘l‘

139 1140 245 1195 cipis
277 1140 389 1183 fama
418 1140 610 1194 periculo
641 1145 833 1195 exempta
863 1145 941 1183 est.
986 1128 1188 1196 magistra
1219 1141 1437 1183 libidinum
1455 1141 1651 1195 Neronis,
1670 1110 1763 1192 (ζῆ

137 1206 408 1270 ῐῐῖῐεξῖθῖεει
437 1215 480 1257 in
509 1215 701 1258 Africam
733 1216 786 1258 ad
818 1216 1101 1272 instigandum
1131 1216 1175 1257 in
1205 1229 1320 1259 arma
1352 1216 1542 1259 Clodium
1558 1188 1768 1279 Ma-'ssl'z

140 1301 285 1343 eruin,
321 1289 473 1333 famem
511 1290 680 1352 ρρῃῃξζς)Α
704 1290 894 1333 Romano
933 1291 1042 1334 haud
1085 1291 1267 1334 obscure
1310 1292 1479 1344 molita,
1525 1293 1652 1334 totius
1676 1276 1768 1347 {rw

136 1368 286 1418 postea
315 1350 508 1407 civitati}
511 1365 690 1421 gratiam
714 1365 906 1418 obtinuit,
939 1366 1154 1408 consulari
1178 1367 1442 1409 matrimonio
1472 1367 1650 1409 subnixa
1666 1371 1756 1446 iss

138 1442 181 1480 et
208 1437 319 1493 apud
347 1438 520 1483 Galbam
552 1438 758 1483 Othonem
786 1439 999 1483 Vitellium
1029 1441 1217 1494 inlaesa,
1258 1453 1358 1483 mox
1389 1446 1540 1496 potens
1571 1453 1651 1496 pe-

138 1513 261 1557 cnnia
303 1517 347 1560 et
393 1514 601 1568 orbitate,
649 1527 757 1570 quae
804 1515 928 1558 bonis
979 1515 1184 1570 malisque
1233 1517 1490 1571 temporibus
1536 1517 1650 1559 iuxta

138 1586 296 1633 valent.

262 1715 298 1750 2.
322 1714 417 1748 vices
441 1720 538 1752 ab:
560 1715 658 1748 uitae
684 1713 724 1748 G.

793 1715 828 1750 4.
846 1715 920 1761 pal.
950 1727 995 1750 ac
1018 1717 1102 1761 sora
1128 1716 1176 1751 G:
1198 1717 1273 1762 pal.
1302 1722 1335 1751 et
1358 1722 1432 1751 tota
1456 1717 1542 1751 urbe
1567 1722 1648 1755 ab.

140 1761 175 1797 5.
189 1772 237 1796 ae
251 1759 300 1796 G:
327 1768 360 1796 et
382 1767 431 1799 b.
479 1764 514 1798 5.
528 1763 714 1797 seditionis
732 1758 773 1804 Β,
787 1763 1013 1798 sedicionibus
1037 1770 1129 1802 ab:
1153 1766 1326 1799 seditiosis
1343 1765 1382 1800 G.
1434 1766 1467 1801 6.
1494 1772 1650 1812 strepere

139 1815 233 1848 ab:
259 1811 458 1858 obstrepere
485 1811 526 1847 G.

139 1860 177 1894 in
203 1859 330 1898 titulis·

140 1987 211 2033 ipsi
235 1985 330 2023 nihil
367 1986 512 2023 honesti
546 1988 664 2022 inerat
699 1993 735 2023 et
759 1990 859 2024 vitiis

141 2036 313 2071 virtutum
343 2034 503 2082 praemia
529 2037 695 2072 velocius
728 2037 861 2072 tulerat

142 2095 247 2133 quam
278 2085 309 2118 si
338 2084 531 2119 virtutibus
555 2085 739 2130 praeditus
765 2086 861 2121 fuis-

142 2138 210 2168 set.
270 2132 364 2168 Vitta
390 2133 476 2168 dicit
506 2134 679 2179 impudici
703 2134 860 2170 hominis

141 2182 300 2228 flagitia.
333 2182 458 2216 vidua
492 2183 654 2225 seelera,
689 2183 734 2218 ad
767 2195 861 2230 quae

142 2229 314 2275 patranda
358 2232 428 2265 viri
468 2232 587 2266 animo
629 2236 665 2266 et
712 2232 861 2267 audacia

11 2291 14 2293 ·
78 2298 93 2324 α,
143 2289 236 2323 opus
262 2283 351 2313 erat.
378 2278 635 2314 Doederlinins
649 2281 761 2315 verba
778 2283 862 2326 quia

142 2327 298 2361 velocius
325 2333 404 2361 erae
433 2338 455 2361 a
488 2328 724 2373 sequentibus
758 2339 861 2363 co·-

143 2379 239 2410 mate
271 2372 478 2420 separavit,
526 2378 628 2422 qnasi
661 2376 862 2423 Tigellinus

81 2467 83 2469 ,
145 2425 252 2458 otiam
286 2423 482 2458 virtutibus
514 2424 632 2470 ampla
661 2425 726 2459 illa
753 2437 862 2471 prae-

143 2474 215 2507 mia
233 2472 330 2508 forre
351 2473 542 2518 potuisset,
569 2473 633 2508 sed
656 2473 860 2509 breviorem

90 2522 110 2566 -J
145 2531 211 2566 per
235 2522 326 2556 vitia
350 2523 447 2556 viam
474 2522 699 2566 praetulerit.

220 2569 373 2604 eiusdem
405 2570 564 2605 desertor
595 2583 641 2605 ac
672 2571 835 2618 proditor
850 2583 861 2605 τ

143 2618 218 2653 vid.
246 2623 369 2653 annot.
398 2618 442 2652 ad
467 2619 511 2653 Η.
536 2620 552 2652 l
581 2620 615 2654 5.
678 2620 790 2654 Taciti
817 2620 863 2654 de

78 2694 82 2696 .
143 2665 325 2722 Tigellino
339 2666 441 2700 locos
453 2666 566 2701 Index
583 2667 743 2702 exhibet.
770 2668 862 2703 Pro-

144 2714 239 2749 duor
264 2714 479 2759 appellatur,
505 2717 588 2761 qnia
607 2717 761 2750 militum
781 2719 862 2751 ani-

144 2772 223 2809 mos
265 2774 285 2797 a
318 2764 462 2798 Nerone
502 2765 634 2798 avertit
671 2766 862 2811 ipsumque

131 2811 241 2844 ‘tueri
267 2812 399 2846 omisit.

226 2860 291 2893 ud
327 2861 491 2906 effugium
528 2861 569 2894 in
599 2863 779 2905 futurum.-
823 2866 862 2895 ut

148 2911 245 2941 esset
269 2908 339 2952 ipsi
362 2909 536 2956 effugium
572 2918 713 2953 poenae
738 2911 775 2943 in
800 2909 863 2944 fu-

147 2959 285 3001 tamnu
325 2956 375 2993 cf.
398 2963 520 2994 annot.
546 2957 592 2993 ad
614 2958 631 2993 l
654 2959 715 2995 27.
778 2957 863 2994 sine

602 1812 658 1847 10.
688 1809 817 1846 Galvia
842 1818 910 1849 ab
938 1818 974 1846 et
1004 1813 1051 1847 G:
1083 1813 1210 1848 Calvia
1223 1814 1293 1848 Dio
1319 1814 1366 1849 63
1396 1816 1440 1849 12
1467 1820 1503 1849 et
1534 1815 1652 1850 Calvit'

415 1861 472 1897 15.
501 1861 655 1895 sabaim
677 1860 804 1898 Aah:
831 1862 960 1896 &anisa
984 1861 1056 1896 BG.

931 1999 1038 2023 causa
1071 1989 1199 2024 dubius
1238 1989 1357 2025 haesit
1392 1990 1648 2026 Doederlinius

931 2042 968 2072 et
1014 2040 1305 2084 transpositionis
1346 2039 1545 2074 remedium
1582 2041 1648 2075 ad-

930 2085 1059 2121 hibuit.

1001 2136 1097 2181 apud
1120 2136 1359 2172 Sinuessanas
1384 2148 1515 2181 aquas.-
1550 2138 1646 2173 conf.

930 2182 1111 2219 Plutarch.
1139 2184 1223 2219 Oth.
1251 2187 1285 2228 2,
1314 2186 1375 2231 qui
1400 2187 1437 2219 in
1464 2187 1648 2221 nonnullis

930 2231 974 2265 ab
1002 2232 1071 2266 hoc
1097 2239 1219 2267 nostro
1247 2233 1411 2268 discedit.
1467 2235 1521 2269 De
1547 2235 1649 2270 salu-

928 2280 1064 2314 taribus
1099 2281 1292 2316 Sinuessae
1331 2284 1433 2327 aquis
1468 2294 1502 2317 v.
1536 2283 1647 2318 Tacit.

930 2328 993 2362 xit
1018 2329 1078 2364 66.
1111 2329 1203 2364 Plin.
1231 2330 1271 2364 N.
1288 2331 1330 2365 H.
1357 2330 1468 2364 xxxl
1490 2333 1525 2366 4.
1553 2332 1649 2366 Mar..

930 2377 1007 2411 tial.
1035 2377 1081 2411 Xl
1107 2377 1143 2412 8.

1017 2425 1104 2470 Cap.
1132 2427 1191 2461 73.
1243 2427 1373 2461 Galm‘a
1414 2428 1649 2475 Crispinilla:

932 2485 965 2508 v.
980 2473 1050 2508 nio
1074 2475 1168 2519 apud
1182 2475 1356 2519 xiphilin.
1378 2476 1486 2511 Lxm
1507 2480 1563 2519 12,
1590 2478 1650 2512 cui

932 2528 990 2557 est
1012 2523 1188 2559 Καλουΐα
1216 2528 1490 2571 Κρισπινίλλα.
1543 2526 1649 2561 Taci-

931 2576 987 2605 tus
1014 2571 1058 2605 de
1082 2572 1191 2606 foeda
1216 2573 1370 2608 muliere
1399 2575 1435 2607 in
1462 2574 1649 2619 deperdita

930 2619 1124 2654 Annalium
1148 2626 1250 2665 parte
1282 2622 1441 2663 rettulit,
1483 2623 1543 2656 ubi
1580 2624 1649 2656 iter

930 2668 1128 2703 Achaicum
1168 2670 1320 2704 Neronis
1366 2670 1509 2704 tradidit
1556 2670 1648 2704 libro

932 2717 1011 2752 XVI
1027 2723 1201 2752 extremo.
1278 2722 1410 2764 samem
1433 2731 1467 2763 p.
1483 2719 1527 2751 R.
1553 2718 1650 2752 haud

931 2765 1078 2799 obscure
1110 2767 1261 2800 molita.-
1312 2777 1423 2800 naves
1468 2766 1648 2801 frumento

931 2819 1077 2848 onustas
1100 2819 1136 2848 et
1162 2816 1198 2848 in
1226 2814 1348 2848 urbem
1375 2814 1570 2848 destinatas
1587 2826 1649 2850 re-

931 2864 1048 2896 tinere
1079 2863 1115 2894 in
1140 2863 1263 2896 Africa
1289 2867 1419 2896 conata
1447 2868 1535 2897 erat.

1003 2921 1086 2943 moa:
1106 2916 1231 2954 potens
1250 2912 1405 2954 pecunia
1429 2912 1647 2947 acerbitate:

933 2958 980 2993 cf.
1008 2963 1131 2993 annot.
1157 2958 1202 2993 ad
1225 2957 1273 2993 111
1296 2960 1355 2995 25.
