1768 3216
111 1058 150 1087 10

162 260 213 293 ³2

777 255 1044 293 GERMANIAE

161 373 374 416 Sarmatae
406 385 454 414 ac
481 371 635 424 Parthi,
667 371 742 413 sed
774 372 916 414 stricta
947 376 987 414 et
1013 371 1202 427 singulos
1234 376 1345 414 artus
1384 349 1652 427 exprimente.

163 449 319 490 Gerunt
349 450 390 489 et
420 446 599 488 serarum
631 446 775 500 pelles,
809 447 987 500 proximi
1018 447 1134 501 ripae
1166 447 1451 502 negligenter,
1481 447 1658 490 ulterio-

159 535 228 565 res
263 522 529 576 exquisitius,
559 525 603 562 ut
636 521 784 574 quibus
815 521 949 562 nullus
980 533 1055 575 per
1080 522 1332 564 commercia
1364 521 1510 564 cultus.

1569 521 1658 563 Eli-

160 602 263 653 gunt
293 597 420 650 seraS,
453 600 493 639 et
522 596 706 638 detracta
737 595 942 638 velamina
974 600 1174 651 spargunt
1199 596 1371 653 maculis
1399 595 1657 650 pellibusque

131 672 375 715 sbeluarum
407 683 509 725 quas
540 670 723 713 exterior
754 671 947 713 Oceanus
983 674 1106 724 atque
1137 671 1323 725 ignotum
1354 682 1470 712 mare
1507 670 1655 726 gignit.

161 748 249 790 Nec
277 746 381 789 alius
406 746 573 788 feminis
605 745 727 799 quam
758 745 859 786 viris
891 745 1066 798 habitus,
1095 746 1176 787 nisi
1208 746 1318 800 quod
1349 745 1530 788 feminae
1560 757 1660 788 sae-

161 822 255 876 pius
286 821 409 863 lineis
440 820 658 863 amictibus
688 819 907 872 velantur,
950 832 1107 874 eosque
1137 832 1316 874 purpura
1347 821 1532 874 variant,
1560 833 1662 874 par-

162 900 327 950 temque
367 895 541 938 vestitus
572 894 801 948 superioris
833 894 880 945 in*
907 894 1090 936 manicas
1122 907 1207 936 non
1238 895 1493 948 extendunt,
1523 894 1662 937 nudae

162 971 336 1014 brachia
365 984 414 1013 ac
444 970 654 1021 lacertos3
685 969 760 1010 sed
793 972 833 1010 et
862 969 1051 1022 proxima
1082 982 1177 1023 pars
1208 970 1393 1023 pectoris
1423 973 1544 1024 patet.

303 1047 559 1100 Quamquam
591 1057 741 1086 severa
772 1043 856 1084 illic
886 1045 1175 1097 matrimonia,
1215 1057 1295 1086 nec
1324 1044 1449 1086 ullam
1499 1056 1660 1086 morum
1679 1045 1733 1085 18

830 1117 933 1162 Nam
965 1130 1095 1172 prope
1136 1118 1216 1160 soli
1258 1119 1530 1161 barbarorum
1571 1118 1664 1160 sin-

162 1125 321 1175 partem
354 1120 488 1176 magis
518 1120 770 1163 laudaveris.

164 1195 273 1251 gulis
303 1195 504 1237 uxoribus
536 1195 722 1237 contenti
753 1199 876 1247 sunt,
917 1194 1104 1248 exceptis
1138 1193 1361 1235 admodum
1393 1193 1562 1247 paucis,
1595 1193 1664 1246 qui
1694 1186 1699 1190 '

164 1282 249 1312 non
278 1269 451 1312 libidine
481 1269 557 1312 sed
599 1270 651 1311 ob
693 1269 950 1311 nobilitatem
990 1268 1175 1322 plurimis
1216 1268 1368 1322 nuptiis
1416 1267 1662 1310 ambiuntur.

303 1442 337 1476 2.
365 1442 484 1485 ferunt
512 1450 690 1484 superscr.
719 1439 762 1474 ab
790 1440 834 1474 al.
862 1451 906 1473 m.
935 1452 956 1486 9
986 1437 1022 1473 P.

166 1489 284 1524 minae
309 1488 346 1533 P,
374 1489 434 1534 qui
461 1490 510 1522 ita
537 1488 641 1523 solet.

170 1666 251 1700 (lum
281 1667 395 1701 vestis
432 1667 618 1712 habitum,
657 1679 748 1714 quae
779 1668 884 1702 lucu-

170 1715 269 1749 lente
297 1715 511 1759 ostendunt,
549 1716 639 1751 haec
675 1716 885 1761 accipienda

171 1775 251 1798 esse
279 1764 322 1799 de
351 1766 523 1798 interiore
550 1771 654 1800 veste
683 1765 883 1814 (Leibrock,

170 1814 302 1856 tunica,
326 1814 476 1860 χιτών).

245 1884 376 1930 eligunt
400 1886 521 1930 feras.-
549 1886 583 1919 h.
601 1896 632 1919 e.
663 1895 733 1918 non
762 1886 886 1919 cuius-

171 1933 225 1966 vis
255 1934 399 1978 generis
441 1933 594 1967 terarum
634 1934 747 1977 pelles
781 1934 887 1968 adhi-

172 1980 270 2024 bent,
302 1981 364 2014 sed
391 1981 547 2015 electas:
583 1982 632 2015 sie
659 1984 783 2027 treffen
810 1983 887 2016 eine

173 2029 342 2063 Auswahl
374 2036 478 2063 tenter
511 2030 587 2063 dem
628 2030 727 2064 Wild.
786 2031 887 2064 Doe-

174 2075 347 2111 derlinius
374 2083 509 2111 mutata
539 2078 770 2112 distinctione
798 2089 888 2112 con-

147 2125 290 2159 'iunxit
327 2126 529 2169 exquisitius
570 2147 614 2152 —-
642 2128 790 2172 eliqunt,
826 2126 890 2161 sed

174 2178 278 2208 vetus
316 2174 401 2207 ordo
436 2174 693 2218 praeferendus
727 2175 771 2208 oh
800 2186 889 2209 con-

175 2223 283 2256 traria
314 2225 478 2268 (gerunt)
506 2223 724 2268 neyliyenter
752 2245 797 2250 —
826 2236 890 2257 ex-

177 2271 345 2315 quisitius.
373 2270 569 2305 Ulteriores
591 2273 806 2316 exquisitius
833 2272 891 2306 fe-

176 2329 292 2353 rarum
315 2318 430 2363 pelles
458 2324 599 2365 gerunt,
626 2321 721 2365 quod
737 2321 791 2354 his
812 2321 892 2353 unis

177 2370 228 2402 uti
263 2372 424 2412 possunt.
488 2369 644 2402 Proximi
679 2371 780 2414 ripae
812 2374 893 2403 sunt

179 2417 238 2498 {11¹¹
267 2415 309 2450 ad
337 2415 499 2450 Rhenum
539 2422 573 2450 et
599 2417 800 2452 Danubium
829 2427 893 2452 co-

195 2469 267 2498 unt.

252 2540 426 2580 spargunt
468 2536 615 2570 maculis
658 2535 893 2581 pellibusque:

179 2582 392 2630 pellibusque
433 2583 530 2617 dedit
575 2594 636 2628 pro
667 2584 811 2629 pellium
850 2593 896 2616 ne

182 2633 333 2677 genitivi
372 2637 610 2675 concurrant3
648 2643 817 2677 sparyere
844 2635 897 2665 est

181 2682 401 2718 ποικίλλειν.

260 2752 414 2797 feminae
449 2753 587 2798 saepius
626 2750 728 2785 lineis
755 2751 897 2784 amicti-

186 2800 245 2833 bus
269 2800 453 2835 velantur.-
485 2811 576 2846 quae
603 2801 638 2833 in
665 2799 771 2843 plebe
798 2810 896 2844 saga,

186 2848 279 2882 idem
324 2850 360 2882 in
400 2849 542 2882 feminis
591 2850 740 2882 amictus
788 2847 897 2889 linei;

187 2896 276 2938 hos,
316 2907 386 2930 non
427 2902 544 2931 tamen
583 2907 705 2930 omnes
742 2896 899 2929 feminae

187 2945 222 2977 in
251 2945 439 2979 Germania
465 2946 526 2979 sed
555 2955 724 2989 proceres
751 2949 898 2986 tantum,

187 2992 293 3038 idque
305 2993 443 3029 Tacitus
470 2994 678 3040 legentibus
706 3004 750 3027 ex
775 2997 901 3028 natura

1132 1438 1164 1474 6.
1192 1439 1355 1484 foeminis
1380 1443 1415 1474 et
1440 1439 1560 1474 statim
1587 1440 1668 1485 foe-

745 1489 799 1524 10.
827 1488 963 1532 ulldru,
993 1488 1056 1522 sed
1081 1490 1269 1532 expunctis
1294 1488 1363 1522 litt.
1391 1499 1446 1532 ra,
1471 1486 1507 1521 P.

953 1668 1005 1701 rei
1024 1667 1261 1712 supplendum
1280 1667 1438 1713 reliquit,
1456 1667 1560 1702 clavo
1580 1676 1668 1712 pur-

954 1726 1065 1760 pureo
1103 1718 1310 1763 (purpura)
1353 1717 1492 1750 variare
1536 1715 1666 1750 solent.

953 1764 1089 1798 Plinius
1131 1764 1210 1798 xlx
1259 1766 1311 1800 2:
1338 1765 1411 1799 iam
1452 1765 1587 1810 quidem
1637 1768 1669 1798 et

955 1813 1211 1847 transrhenani
1253 1813 1367 1848 hostes
1406 1813 1508 1858 (vela
1543 1817 1670 1847 texunt

954 1862 1048 1908 lino)
1064 1873 1072 1894 ε
1088 1873 1153 1895 nec
1169 1861 1407 1907 pulchriorem
1419 1861 1529 1896 aliam
1544 1867 1670 1896 vestem

956 1922 1076 1944 eorum
1132 1911 1286 1955 feminae
1339 1922 1480 1944 novere.
1532 1931 1579 1937 -
1627 1910 1671 1944 ln

958 1959 1151 1993 Germania
1177 1964 1291 1993 autem
1323 1959 1452 2004 defossi
1475 1964 1577 2004 atque
1610 1957 1670 1993 sub

957 2013 1056 2041 terra
1080 2008 1118 2040 id
1144 2019 1228 2053 opus
1253 2013 1373 2052 ayunt.

1030 2079 1068 2110 in
1092 2079 1272 2111 manicas:
1316 2077 1385 2111 hoc
1421 2082 1475 2111 est
1513 2082 1551 2111 ut
1589 2076 1674 2111 flant

958 2127 1122 2165 manicae
1150 2125 1337 2172 (Aermel).
1369 2125 1489 2159 Vestis
1514 2126 1675 2171 superior

959 2185 1051 2218 quae
1077 2175 1298 2219 superiorem
1342 2175 1501 2218 corporis
1537 2178 1672 2218 partem

959 2224 1061 2268 tegit.

1034 2293 1118 2337 Cap.
1149 2294 1202 2328 18.
1244 2304 1450 2339 quamquam
1476 2304 1600 2328 severa
1627 2292 1676 2327 il-

962 2340 1008 2374 lic
1039 2342 1291 2375 matrimonia:
1339 2341 1516 2387 particula
1552 2352 1677 2387 quam-

963 2400 1065 2434 quam
1090 2390 1194 2424 modo
1221 2391 1257 2423 in
1283 2391 1463 2434 pendente
1491 2391 1675 2424 enuntiato

964 2440 1044 2485 (καί
1071 2441 1160 2485 περ)
1177 2464 1187 2481 ,
1214 2438 1318 2472 modo
1346 2441 1381 2473 in
1410 2439 1526 2474 libero
1553 2443 1589 2473 et
1614 2448 1679 2483 per

968 2497 1006 2519 se
1034 2492 1221 2520 constante
1248 2491 1330 2533 (καί
1352 2494 1441 2528 τοι).
1469 2487 1594 2521 Altera
1618 2497 1679 2521 ra-

965 2535 1015 2568 tio
1045 2540 1081 2568 et
1108 2534 1176 2568 hoc
1203 2534 1285 2568 loco
1311 2535 1452 2569 obtinet
1488 2540 1523 2569 et
1550 2534 1591 2569 Ο.
1618 2535 1678 2578 28,

965 2583 1026 2616 ubi
1057 2583 1102 2617 cf.
1135 2588 1272 2626 annot.‚
1299 2594 1341 2617 ac
1367 2588 1528 2617 narrator
1552 2582 1678 2617 falsam

966 2632 1173 2675 opinionem
1209 2632 1245 2664 in
1277 2631 1436 2666 Romano
1471 2632 1608 2666 lectore
1635 2641 1679 2665 ex

967 2681 1138 2723 proximis
1188 2679 1297 2714 facile
1353 2685 1597 2727 emergentem
1638 2689 1680 2713 ea

971 2738 1062 2762 voce
1090 2728 1270 2772 repellere
1299 2728 1426 2763 voluit.

1042 2800 1082 2832 ob
1107 2799 1322 2833 nobilitatem
1354 2799 1516 2845 plurimis
1551 2798 1682 2844 nuptiis

970 2847 1169 2881 ambiuntur
1185 2860 1196 2880 .·
1225 2853 1329 2881 caute.
1355 2849 1498 2891 scripsit
1519 2847 1682 2892 plurimis

969 2897 1098 2940 nuptiis
1134 2896 1359 2938 ambiuntur,
1398 2906 1470 2929 non
1510 2894 1682 2941 plurimas

969 2945 1109 2989 nuptias
1135 2945 1267 2978 ineunt.
1295 2944 1382 2978 Nam
1404 2943 1527 2989 plures
1539 2943 1681 2987 nuptias

969 2992 999 3026 si
1034 2992 1215 3028 nobilibus
1243 2991 1497 3027 Germanorum
1532 2992 1572 3026 in
1611 2990 1682 3026 hoc
