1768 3216
170 247 245 282 208
760 239 1070 276 HISTORIARVM
1445 251 1477 276 a.
1504 247 1540 275 u·
1564 236 1650 278 822.

164 363 352 404 fraudem
381 359 555 401 consilio
585 361 629 406 et
656 356 867 409 dispersas
900 355 1095 397 cohortes
1127 354 1293 396 facilius
1329 355 1528 409 opprimi,
1573 365 1654 399 nec

162 437 412 478 Brinnonem
444 433 591 475 ducem
622 431 710 472 eius
741 429 838 471 belli
869 430 943 471 sed
973 429 1146 471 Civilem
1178 441 1273 470 esse
1307 429 1468 483 patuit,
1513 438 1657 472 orm-

159 509 347 564 pentibus
376 507 571 560 paulatim
602 505 770 547 indiciis
789 536 800 557 ,
846 516 952 558 quae
980 504 1202 555 Germani,
1250 503 1358 545 laeta
1389 503 1500 546 bello
1531 513 1654 560 gens,

96 602 110 610 ν
159 594 242 624 non
273 581 344 623 diu
373 581 699 622 occultaverant.
760 579 838 620 Ubi
869 579 1049 622 insidiae
1075 590 1219 632 parum
1251 590 1453 631 cessere,
1483 578 1536 621 ad
1572 578 1656 621 vim

7 685 12 692 ι
37 662 445 716 ..,,»ερῐι·3ηεςι·θ55ιιε
498 654 794 696 Canninefates
842 654 1001 695 Frisios
1044 653 1223 695 Batavos
1276 653 1456 713 propriis
1508 652 1656 718 engeis
1677 617 1763 680 ὦ

5 695 138 734 ,κιρ

130 730 380 784 “componit
440 729 609 770 Directa
641 741 693 769 ex
720 726 893 769 *diverso
925 728 1040 770 acies
1084 727 1191 769 haud
1230 727 1377 781 procul
1421 740 1446 771 a
1487 727 1657 771 flumine

153 806 314 857 Rheno,
348 809 388 845 et
421 803 612 845 obversis
653 803 695 843 in
730 803 892 844 hostem
924 803 1116 854 navibus,
1150 814 1250 856 quas
1282 801 1468 844 incensis
1498 802 1657 845 castel-

152 880 204 923 lis
234 879 329 922 illuc
361 879 617 932 adpulerant.
663 878 753 919 Nec
780 877 850 918 diu
881 882 1040 919 certato
1070 877 1332 932 Tungrorum
1360 877 1515 919 cohors
1534 877 1656 932 signa

155 955 205 996 ad
239 953 410 995 Civilem
441 952 672 1002 transtulit3
701 952 968 1007 perculsique
999 952 1147 994 milites
1186 952 1400 1006 inprovisa
1417 951 1657 1006 proditione

104 1040 178 1071 ica
210 1028 338 1070 sociis
370 1027 641 1080 hostibusque
674 1026 972 1068 caedebantur.
1013 1026 1171 1068 Eadem
1203 1027 1327 1068 etiam
1358 1026 1534 1068 navibus
1554 1026 1672 1080 per·-¹

155 1103 266 1146 fidia.
326 1102 424 1145 Pars
462 1101 665 1156 remigum
695 1113 718 1142 e
748 1100 938 1153 Batavis,
989 1105 1195 1155 tamquam
1238 1101 1470 1155 imperitia,
1517 1099 1658 1145 officia

155 1181 369 1219 nautarum
387 1180 824 1230 propugnatorumque
844 1176 1138 1230 impediebant.
1180 1175 1657 1241 Mox—cgnungpgera

156 1257 196 1294 et
226 1263 381 1308 puppes
412 1251 552 1293 hostili
579 1252 696 1306 ripae
729 1251 914 1292 obicere.
967 1250 1033 1291 Ad
1064 1255 1320 1304 postremum
1350 1234 1658 1305 gubernatores

157 1326 524 1379 centurionesque,
558 1325 639 1366 nisi
671 1325 817 1367 eadem
848 1325 1044 1376 volentis,
1074 1324 1284 1366 trucidant
1303 1324 1441 1366 donee
1459 1323 1658 1366 universa

104 1408 142 1438 15
157 1405 349 1455 quattuor
381 1404 421 1440 et
450 1399 600 1454 viginti
631 1399 796 1440 navium
829 1398 977 1440 classis
1008 1399 1293 1453 transfugeret
1324 1403 1394 1440 aut
1423 1402 1655 1453 caperetur.

157 1475 279 1517 Clara
310 1487 358 1515 ea
389 1474 565 1515 victoria
598 1473 639 1513 in
669 1485 886 1527 praesens,
917 1473 959 1513 in
990 1477 1201 1527 posterum
1230 1474 1324 1515 usui
1335 1486 1347 1524 3
1387 1484 1586 1527 armaque
1617 1478 1657 1515 et
1675 1478 1728 1530 11

155 1561 300 1600 naves,
340 1549 486 1602 quibus
519 1547 786 1601 indigebant,
820 1547 957 1601 adepti
988 1559 1143 1602 magna
1169 1559 1247 1601 per
1279 1546 1528 1590 Germanias
1557 1546 1660 1589 Gal-

155 1623 316 1676 liasque
368 1622 476 1663 fama
523 1622 726 1662 libertatis
766 1626 959 1663 auctores
1006 1610 1342 1663 celebrabantur.
1406 1621 1657 1664 Germaniae

158 1696 294 1737 statim
321 1696 476 1737 misere
498 1695 660 1750 legatos
694 1696 846 1737 auxilia
874 1695 1117 1738 offerentes.
1170 1695 1394 1738 Galliarum
1414 1696 1660 1739 societatem

102 1777 141 1806 2⁰
155 1770 297 1812 Civilis
331 1775 419 1812 arte
448 1770 655 1824 donisque
682 1769 943 1823 adfectabat,
977 1775 1120 1825 captos
1154 1771 1387 1814 cohortium
1421 1770 1659 1826 praefectos

156 1857 265 1887 suas¹
298 1845 341 1886 in
386 1845 578 1887 civitates
607 1845 874 1897 remittendo,
923 1845 1180 1897 cohortibus,
1227 1845 1348 1886 abire
1393 1857 1446 1887 an
1489 1856 1660 1887 manere

290 1994 324 2027 2.
364 2004 436 2026 esse
470 1991 517 2027 G:
556 1992 611 2027 Ma
645 1995 678 2036 ej
716 2005 795 2028 cum
834 1994 901 2027 lin.
933 1998 1136 2027 transversa
1174 1994 1213 2026 in
1240 1992 1280 2036 j,
1312 1993 1349 2027 id
1374 1996 1429 2028 est
1455 1993 1540 2028 eiua.
1619 1993 1657 2028 5.

155 2041 308 2075 Cannin.
336 2040 413 2074 Ma:
441 2040 468 2075 G
495 2042 613 2075 canin.
698 2043 733 2077 6.
765 2042 907 2076 derecta
934 2040 1011 2076 Ma:
1041 2040 1068 2076 G
1092 2042 1238 2075 directa.
1340 2042 1374 2077 7.
1403 2040 1507 2086 quasi
1528 2040 1607 2076 ¹⁸³
1632 2041 1660 2076 G

153 2100 250 2134 quas.
350 2089 384 2123 8.
416 2090 495 2135 adp.
524 2088 602 2123 Ma:
630 2101 709 2135 app.
739 2090 778 2124 G.
883 2091 938 2126 10.
968 2090 1041 2124 ced.
1069 2089 1134 2123 Ma.
1238 2091 1291 2124 11.
1322 2091 1505 2135 remigium
1530 2089 1605 2124 Ma:
1632 2089 1660 2123 G

152 2138 332 2183 remiqum.
397 2138 470 2183 inp.
498 2137 562 2172 Ma.
643 2140 695 2173 12.
723 2145 912 2172 naulorum
938 2137 1018 2172 Ma:
1050 2138 1077 2171 G
1103 2144 1305 2172 nautarum.
1385 2138 1440 2173 16.
1464 2149 1561 2183 pres.
1593 2136 1658 2172 Ma.

156 2185 209 2220 18.
239 2186 470 2233 Germaniae]
500 2186 642 2221 videtur
668 2187 780 2221 fuisse
812 2188 993 2222 Germani.

153 2323 216 2348 suo
246 2324 308 2348 ore
325 2313 452 2349 Civilis
478 2317 635 2349 sermoni
660 2315 757 2349 addit
777 2317 870 2350 scri-

153 2367 243 2407 ptor.
363 2374 452 2408 quae
479 2365 668 2398 Germani:
706 2363 870 2398 Germani

153 2416 236 2445 sunt
254 2411 447 2446 auxiliares
473 2410 578 2446 Frisii
605 2423 625 2446 a
648 2412 870 2447 Canninefa-

154 2459 248 2493 tibus
277 2461 395 2494 acciti.

228 2507 482 2552 Canninefates
525 2508 655 2541 Frisios
697 2508 870 2541 Batavos.-

155 2555 410 2590 Canninefates
441 2561 476 2589 et
492 2555 598 2589 Frisii
624 2556 676 2589 illi
700 2561 782 2588 sunt
809 2557 867 2601 qui

155 2604 246 2638 duce
265 2604 447 2639 Brinnoue
472 2604 660 2637 tumultum
686 2605 873 2638 excitave-

157 2657 256 2694 rant,
299 2653 423 2688 Batavi
452 2652 579 2687 Civilis
617 2652 745 2686 cohors
781 2658 816 2686 et
843 2654 871 2686 si

157 2701 215 2746 qui
243 2700 303 2735 alii
331 2712 370 2736 se
395 2706 695 2748 aggregaverant.
817 2702 873 2734 di-

155 2755 253 2783 recta
280 2762 322 2783 em
348 2751 482 2784 diverso
508 2750 624 2783 acies.-
655 2749 742 2783 dicit
758 2748 873 2783 aciem

157 2798 349 2833 Romanam
370 2826 379 2842 ,
420 2801 455 2832 in
499 2799 685 2843 superiore
734 2797 874 2831 insulae

156 2848 260 2889 parte
292 2847 479 2880 collectam
521 2851 556 2880 et
600 2846 691 2880 duce
728 2846 872 2891 Aquilio

158 2893 200 2926 ad
226 2894 389 2929 Rhenum
417 2899 646 2940 pugnantem.

231 2949 262 2976 et
283 2955 411 2988 puppes
439 2943 556 2977 hostili
583 2944 684 2988 ripae
710 2942 871 2977 obicere.-

161 2993 242 3024 ante
262 3000 373 3026 naves
395 2992 434 3025 in
453 2990 594 3026 hostem
612 2991 778 3026 obversae
795 2995 871 3026 sta-

941 2315 1038 2358 bant,
1066 2314 1266 2359 proditores
1289 2324 1421 2361 puppes
1443 2313 1591 2349 nuvium
1617 2324 1661 2350 eo

941 2369 1084 2398 vertere
1102 2373 1172 2408 que
1197 2367 1280 2396 ame
1296 2372 1423 2407 prorae
1439 2360 1661 2399 visebantur.

1014 2412 1100 2456 Gap.
1131 2412 1186 2446 17.
1239 2422 1304 2456 per
1334 2411 1546 2446 Germanum
1572 2410 1662 2446 uat-

940 2461 1094 2504 liasque:
1136 2460 1281 2492 nomine
1317 2459 1531 2494 Germanias
1559 2469 1662 2494 eom-

940 2508 1067 2552 plexus
1097 2512 1151 2540 est
1177 2508 1399 2550 superiorem
1435 2513 1471 2541 et
1505 2507 1661 2542 inferi-o-

944 2567 1017 2590 rem
1045 2557 1080 2589 in
1108 2557 1183 2600 ripa
1209 2555 1354 2589 sinistra
1372 2554 1489 2590 Rheni
1516 2561 1552 2590 et
1570 2556 1660 2590 Ger-

944 2606 1095 2638 maniam
1121 2605 1265 2648 proprie
1292 2604 1433 2638 dictam.

1018 2653 1230 2687 Germaniae
1264 2653 1381 2687 statim
1405 2653 1532 2687 misere
1559 2652 1661 2700 loya-

945 2707 1014 2735 tos:
1043 2701 1130 2736 dicit
1144 2701 1354 2736 Germaniae
1379 2700 1661 2737 transrhenano

945 2755 1099 2795 genteS‚
1140 2760 1211 2784 non
1244 2751 1466 2794 superiorein
1505 2748 1660 2785 inimin-

943 2809 1090 2843 remque
1113 2801 1148 2832 in
1171 2798 1276 2832 laeva
1299 2798 1415 2832 Rheni
1441 2799 1540 2843 ripa,
1567 2807 1660 2845 qua-

942 2857 1017 2879 rum
1044 2847 1132 2880 fides
1158 2846 1312 2880 nondum
1341 2856 1528 2880 concussa.
1590 2846 1661 2883 Sed

943 2894 1130 2929 Germania
1168 2894 1427 2929 transrhenana
1454 2894 1543 2929 aliu·
1567 2895 1661 2940 apud

941 2942 1097 2977 'tacitum
1126 2948 1334 2977 constanter
1358 2953 1506 2978 numero
1528 2944 1660 2991 vingu-

942 2991 1014 3026 lari
1035 2991 1184 3027 effertur
1209 2992 1249 3027 ee
1263 2991 1356 3026 atter
1379 3000 1551 3027 numus
1570 3000 1659 3037 pro-
