1768 3216
740 219 977 257 HISTORIAR
983 218 1045 252 VM
1435 221 1468 246 a.
1494 221 1530 246 u.
1555 210 1642 259 822.

160 232 209 265 84

160 348 264 399 ciae,
293 357 398 387 nova
416 343 595 392 Africae,
629 341 787 388 ostenta
819 336 953 391 magis
984 347 1103 389 quam
1136 343 1342 374 mansura.
1394 329 1506 372 Inter
1536 339 1643 383 quae

158 420 401 463 necessitate
430 415 703 470 praesentium
735 425 871 454 rerum
912 415 952 452 et
989 407 1234 450 instantibus
1269 405 1379 447 curis
1425 407 1641 455 excusata,

157 507 208 535 ne
237 498 316 533 tum
347 490 509 544 quidem
540 490 755 529 immemor
785 498 982 536 amorum,
1016 487 1168 525 statuas
1206 481 1420 534 Poppaeae
1461 491 1538 533 per
1567 490 1643 521 se-

154 572 269 608 natus
301 565 527 606 consultum
558 563 757 617 reposuit.
818 560 1006 602 Creditus
1038 562 1099 600 est
1131 557 1251 598 etiam
1295 555 1347 596 de
1389 552 1643 596 celebranda
1698 565 1702 569 ⁴

120 631 555 684 sNeronis'memoria
589 637 826 692 agitavisse,
860 647 932 688 spe
964 633 1129 687 vulgum
1161 629 1399 673 adliciendi.
1443 628 1494 670 Et
1524 629 1644 671 fuere

151 716 218 770 qui
248 715 447 769 imagines
477 712 654 754 Neronis
684 712 990 764 proponerent3
1032 712 1153 760 atque
1196 706 1318 748 etiam
1361 703 1515 746 Othoni
1546 703 1644 758 qui-

149 789 319 831 busdam
367 788 511 829 diebus
551 785 723 840 populus
765 789 804 826 et
843 784 981 834 miles,
1035 786 1237 835 tamquam
1290 779 1549 822 nobilitatem
1593 790 1642 820 ac

150 864 276 905 decus
308 862 581 912 adstruerent,
608 859 777 901 ‘Neroni
810 856 973 899 Othoni’
1006 855 1265 898 acclamavit.
1328 854 1421 909 lpse
1469 853 1514 895 in
1543 865 1644 896 sus-

150 949 276 992 penso
306 936 446 987 tenuit,
478 935 643 976 vetandi
674 938 780 975 metu
812 932 874 973 vel
907 931 1166 986 agnoscendi
1199 930 1374 984 pudore.

286 1010 505 1052 Conversis
547 1009 596 1050 ad
639 1007 759 1048 civile
804 1006 953 1048 bellum
997 1005 1145 1047 animis
1188 1009 1358 1047 externa
1407 1003 1500 1046 sine
1541 1009 1712 1048 curavi)

150 1085 414 1126 habebantur.
474 1083 532 1124 Eo
565 1082 777 1123 audentius
809 1080 1056 1133 Rhoxolani,
1088 1079 1314 1122 Sarmatica
1347 1090 1469 1135 gens,
1500 1077 1642 1133 priore

149 1159 282 1200 hieme
314 1158 445 1199 caesis
478 1157 632 1198 duabus
666 1156 927 1207 cohortibus,
968 1167 1118 1210 magna
1150 1167 1223 1208 spe
1256 1153 1308 1196 ad
1338 1153 1542 1196 Moesiam
1573 1153 1644 1195 in-

147 1237 353 1287 ruperant,
386 1244 532 1273 novem
556 1231 664 1272 milia
686 1231 878 1284 equitum,
913 1243 964 1273 ex
995 1230 1155 1272 ferocia
1179 1234 1219 1272 et
1241 1241 1445 1272 successu
1460 1228 1644 1284 praedae

147 1307 277 1362 magis
309 1318 427 1360 quam
455 1318 617 1361 pugnae
647 1306 815 1347 intenta.
869 1306 998 1361 Igitur
1028 1317 1162 1360 vagos
1194 1309 1236 1347 et
1264 1305 1500 1347 incuriosos
1521 1304 1642 1347 tertia

98 1381 256 1436 islegio
288 1381 490 1422 adiunctis
521 1380 681 1423 auxiliis
712 1384 883 1435 repente
910 1381 1076 1422 invasit.
1126 1380 1246 1434 Apud
1269 1380 1480 1421 Romanos
1503 1379 1643 1420 omnia

146 1454 305 1509 proelio
339 1459 455 1509 apta:
497 1455 706 1497 Sarmatae
740 1455 918 1508 dispersi
951 1459 1019 1496 aut
1051 1453 1247 1507 cupidine
1277 1453 1461 1508 praedae
1490 1465 1644 1508 graves

148 1541 274 1571 onere
305 1530 573 1582 sarcinarum,
607 1534 646 1571 et
675 1529 837 1571 lubrico
868 1529 1060 1571 itinerum
1093 1528 1283 1583 adempta
1315 1540 1514 1582 equorum
1540 1539 1643 1582 per-

145 1603 332 1656 nicitate,
386 1603 494 1646 velut
529 1604 655 1645 vincti
695 1603 991 1645 caedebantur.
1050 1603 1235 1657 Namque
1276 1603 1424 1644 mirum
1457 1602 1569 1644 dictu
1599 1606 1643 1643 ut

143 1678 196 1719 sit
226 1678 357 1720 omnis
390 1678 665 1721 Sarmatarum
698 1678 826 1720 virtus
856 1678 967 1720 velut
999 1682 1115 1720 extra
1147 1678 1275 1731 ipsos.
1336 1676 1447 1719 Nihil
1478 1677 1529 1719 ad
1563 1689 1643 1731 pe-

100 1022 140 1051 10

281 1822 313 1855 1.
342 1827 475 1856 ostenta
501 1820 577 1856 Ma:
606 1823 752 1857 ostentui
779 1821 850 1856 BG.
951 1823 985 1857 3.
1010 1833 1168 1868 poppeae
1195 1819 1259 1856 Ma.
1352 1821 1386 1856 5.
1413 1819 1552 1867 volqum
1577 1818 1641 1855 alt.

152 1868 210 1903 Or.
286 1869 319 1903 9.
344 1870 479 1915 pudore
503 1869 568 1913 Ma,
596 1870 688 1904 unde
717 1871 744 1905 G
769 1877 893 1905 metum
926 1889 960 1895 ——
990 1871 1159 1916 pudorem
1259 1872 1311 1904 ll.
1342 1868 1543 1904 rhosolam’ae
1574 1867 1640 1912 Ma,

148 1917 330 1951 rhosolam·
368 1917 407 1952 G.
435 1919 471 1951 in
496 1919 610 1952 titulis
636 1920 838 1953 Rhea-olant
873 1924 908 1953 et
943 1920 1144 1962 Romolanss
1175 1919 1221 1953 cf.
1255 1918 1381 1953 Orellii
1414 1918 1525 1952 Inscr.
1565 1917 1640 1952 Lat.

149 1966 218 2001 750
246 1970 280 1999 et
305 1965 389 2000 833.
493 1969 547 2002 12.
595 1968 680 2001 cesis
710 1967 774 2002 Ma.
856 1969 910 2003 13.
953 1980 995 2001 ex
1020 1970 1159 2013 ferocia
1186 1966 1281 2011 GMfl,
1311 1974 1342 2002 et
1367 1969 1506 2013 ferocia
1527 1966 1569 2011 R,
1610 1972 1642 2000 et

147 2014 325 2058 ferociora
350 2014 392 2047 A.
466 2015 520 2049 16.
549 2022 705 2050 sarmata
730 2015 803 2050 Ma:
833 2016 859 2051 G
886 2023 1076 2051 sarmatae.
1169 2018 1317 2062 dispersi
1341 2016 1504 2063 cupidine
1528 2026 1641 2062 prae-

149 2062 214 2094 dae
241 2067 300 2095 aut
328 2073 451 2107 yraves
478 2064 671 2098 Acidalius.
754 2066 808 2100 17.
842 2066 1022 2112 ademptae
1049 2078 1193 2112 quorum
1219 2065 1284 2100 Ma.
1345 2065 1547 2111 perticitate
1573 2063 1640 2100 Ma.

149 2108 209 2144 hic
237 2115 271 2143 et
296 2111 411 2144 statim
437 2111 540 2168 uelud
564 2111 628 2146 Ma.
716 2113 771 2147 18.
797 2125 935 2159 nanque
963 2115 1027 2149 Ma.
1109 2115 1163 2150 19.
1192 2114 1303 2149 nichil
1331 2114 1397 2149 Ma.

150 2237 386 2272 adiuverunt:
415 2239 455 2272 H.
484 2239 495 2273 l
521 2239 568 2274 54
597 2245 632 2274 et
659 2241 701 2276 57
733 2247 767 2276 et
792 2242 851 2277 64.

150 2285 260 2329 Otho,
300 2289 358 2331 qui
384 2285 473 2321 haec
501 2293 560 2321 aut
582 2290 769 2335 ignorabat
794 2296 855 2324 aut

149 2344 219 2367 non
244 2335 412 2369 adversus
437 2347 497 2379 se,
525 2337 587 2370 sed
614 2338 745 2372 Galbae
772 2339 853 2372 odio

151 2382 243 2415 facta
271 2394 348 2416 esse
374 2385 538 2427 putabat,
567 2386 686 2430 aliquo
714 2387 855 2421 deleui-

151 2434 270 2463 mento
284 2431 462 2476 Lingonas
484 2433 549 2466 sibi
577 2434 767 2469 conciliare
788 2446 856 2469 vo-

155 2476 232 2511 luit.
265 2478 333 2512 Sed
360 2479 571 2524 Linyonibus
597 2493 658 2514 cur
686 2485 856 2518 universis

154 2525 308 2558 additum
334 2526 485 2571 legimus
502 2528 520 2562 ἱ)
550 2529 693 2563 Scilicet
720 2537 754 2564 et
771 2532 856 2564 Lin-

154 2583 285 2618 gonum
319 2579 354 2607 et
385 2577 493 2608 totius
528 2576 663 2611 Galliae
690 2577 856 2614 Comatae

148 2623 319 2666 primores
345 2622 489 2657 foedera
515 2629 549 2657 et
578 2626 755 2660 civitatem
784 2629 857 2662 Ro-

151 2680 288 2704 manam
316 2670 451 2715 pridem
480 2675 634 2707 assecuti
662 2681 771 2709 eraut.
801 2676 853 2710 Cf.

151 2723 271 2752 annot.
300 2719 344 2752 ad
369 2719 416 2753 XI
442 2721 499 2755 23.

223 2772 357 2801 ostenta
392 2769 503 2813 maqis
537 2780 638 2813 quam
667 2783 854 2806 mansura:

150 2814 179 2846 si
218 2825 295 2848 cum
338 2815 446 2861 vulgo
494 2817 662 2852 librorum
713 2823 860 2855 ostentui

150 2861 324 2906 leg-amm,
353 2862 443 2897 Otho
460 2864 687 2910 Cappadoces
709 2874 743 2902 et
758 2870 858 2903 Afri-

151 2920 226 2943 cam
252 2912 471 2954 provinciam
491 2913 675 2959 deceptum
704 2918 774 2951 isse
801 2918 857 2952 di-

151 2957 260 3002 citur,
299 2959 394 3005 quod
419 2971 539 3005 parum
568 2964 763 3000 verisimile
790 2971 855 3001 est.

925 2243 992 2277 Sed
1020 2249 1166 2286 ostenta,
1195 2249 1232 2277 ut
1260 2248 1314 2278 est
1339 2244 1375 2277 in
1400 2240 1466 2286 Ma,
1492 2241 1640 2287 indicat,

925 2291 1014 2326 haec
1029 2293 1105 2326 iura
1125 2304 1144 2326 a
1159 2302 1370 2327 successore
1391 2290 1533 2326 sublata
1546 2301 1640 2327 esse.

995 2352 1039 2374 ne
1067 2347 1136 2375 tum
1163 2342 1298 2386 quidem
1327 2343 1507 2375 immemor
1540 2351 1642 2375 amo-

925 2400 1025 2422 rum.-
1065 2389 1098 2424 h.
1129 2401 1160 2424 e.
1190 2401 1311 2424 earum
1345 2400 1433 2435 quas
1458 2395 1642 2424 amaverat

926 2438 1157 2486 (Geliebten),·
1190 2439 1236 2473 ct'.
1264 2438 1294 2473 ll
1321 2439 1367 2473 41
1407 2448 1487 2472 cum
1513 2443 1638 2473 annot.

926 2485 1111 2530 Poppaeae
1125 2492 1264 2522 statuae
1285 2498 1435 2521 eversae
1458 2490 1560 2520 erant
1581 2487 1641 2522 vel

926 2535 1090 2569 revulsae
1121 2541 1202 2580 post
1229 2535 1374 2570 caedem
1402 2535 1568 2569 Neronis.

998 2583 1132 2617 Neroni
1160 2585 1289 2619 Othoni
1313 2583 1551 2618 acclamavit.-
1589 2582 1637 2616 cf.

927 2630 1071 2665 Sueton.
1102 2632 1182 2666 Oth.
1215 2634 1248 2667 7.
1287 2631 1466 2667 Plutarch.
1495 2629 1576 2666 oth.
1603 2632 1638 2667 3.

926 2679 992 2713 Dio
1020 2691 1075 2724 ap.
1103 2681 1324 2725 Xiphilinum
1351 2680 1461 2714 Lxlv
1483 2678 1519 2714 8.

998 2727 1082 2772 Cap.
1112 2730 1169 2764 79.
1198 2729 1453 2764 Rhoxolani—
1471 2728 1519 2761 ad
1537 2728 1640 2763 Moe-

926 2776 1012 2809 siam
1044 2779 1275 2823 inruperant.-
1316 2776 1520 2812 Rhoxolani
1547 2778 1641 2825 inter

926 2824 1068 2858 Tanaim
1084 2826 1214 2860 flumen
1233 2831 1269 2860 et
1281 2825 1543 2870 Borysthenem
1573 2825 1639 2860 ha-

927 2872 1080 2908 bitantes
1117 2874 1262 2919 (Strabo
1291 2874 1354 2908 Vll
1381 2876 1404 2910 3
1432 2875 1493 2917 17)
1532 2879 1639 2908 ante-

927 2931 1030 2965 quam
1057 2924 1090 2956 in
1104 2924 1272 2958 Moesiam
1286 2924 1533 2967 pervenirent,
1559 2933 1639 2957 cum

926 2969 1084 3013 pluribus
1102 2972 1282 3018 gentibus,
1310 2972 1425 3007 veluti
1443 2971 1639 3016 Bastarnis,
