1768 3216
151 227 222 262 168
714 219 776 254 DE
803 217 1031 254 ORATORIB
1039 219 1092 254 VS

148 342 222 386 sed
250 342 382 396 ipsum
414 339 547 381 solum
580 336 687 391 apud
718 349 794 379 vos
824 349 1021 392 arguam,
1067 336 1175 391 quod
1210 341 1330 378 natus
1363 337 1415 378 ad
1445 336 1649 392 eloquen-

147 419 245 459 tiam
275 415 435 456 virilem
465 417 505 454 et
539 413 789 465 oratoriam,
838 425 916 466 qua
958 424 1108 466 parere
1139 411 1261 453 simul
1292 415 1331 453 et
1362 412 1468 453 tueri
1497 412 1649 455 amici-

147 493 249 543 tIas,
293 490 504 531 asciscere
542 488 901 540 necessitudines,
948 487 1169 541 complecti
1208 488 1448 541 provincias
1492 488 1647 542 possit,

149 565 298 606 omittit
330 564 508 605 studium
541 576 621 617 quo
653 575 738 604 non
768 562 877 604 aliud
910 563 953 603 in
979 563 1147 604 civitate
1172 567 1313 604 nostra
1337 563 1404 604 vel
1421 561 1473 605 ad
1492 562 1650 604 utilita-

117 644 230 681 5tem
262 639 515 680 fructuosius
545 638 611 679 vel
642 638 693 680 ad
727 638 972 692 dignitatem
1004 637 1176 691 amplius
1208 637 1274 679 vel
1291 637 1343 679 ad
1362 637 1476 679 urbis
1495 637 1645 680 famam

146 714 356 768 pulchrius
386 713 453 754 vel
485 713 535 754 ad
567 713 692 753 totius
726 712 888 766 imperii
914 717 1036 766 atque
1061 712 1240 753 omnium
1260 713 1444 767 gentium
1461 711 1649 754 notitiam

147 789 356 830 inlustrius
390 787 623 842 excogitari
653 791 802 841 potest.
849 787 950 829 Nam
982 787 1018 828 si
1047 786 1098 828 ad
1129 787 1345 828 utilitatem
1374 787 1486 828 vitae
1509 786 1647 828 omnia

148 863 323 906 consilia
356 863 548 916 factaque
582 866 724 903 nostra
757 861 977 916 dirigenda
1008 866 1116 914 sunt,
1150 861 1246 915 quid
1278 865 1342 903 est
1371 861 1495 903 tut-ius
1525 873 1647 915 quam

148 951 237 980 eam
268 950 470 980 exercere
501 941 632 978 artem
663 948 742 990 qua
773 948 939 989 semper
969 941 1149 978 armatus
1189 936 1445 990 praesidium
1483 937 1643 990 amicis,

94 1021 266 1066 1oopem
299 1012 459 1063 alieniS,
490 1011 663 1053 salutem
693 1010 1036 1064 periclitantibus,
1072 1011 1226 1052 invidis
1260 1022 1362 1052 vero
1396 1015 1435 1052 et
1465 1011 1644 1053 inimicis

147 1091 299 1128 metum
331 1090 370 1127 et
402 1090 606 1128 ter-rorem
635 1084 743 1126 ultro
777 1085 903 1137 feras,
934 1085 1023 1138 ipse
1061 1097 1234 1127 securus
1267 1089 1307 1126 et
1338 1085 1515 1138 quadam
1533 1086 1645 1127 velut

270 1213 300 1244 1.
327 1212 437 1256 ipsum
464 1210 507 1244 ab
538 1210 584 1244 al.
613 1220 658 1243 m.
686 1219 864 1253 superscr.
893 1215 924 1243 et
950 1210 986 1242 Ρ.
1078 1221 1138 1243 vos
1166 1210 1328 1254 Lipsius:
1359 1209 1383 1243 P
1410 1220 1488 1243 cum
1515 1211 1646 1246 ceteris

147 1271 214 1294 eos.
291 1261 325 1294 2.
351 1270 481 1304 parere
506 1257 571 1300 FP,
600 1268 672 1291 non
695 1268 831 1302 parare
857 1262 894 1290 ut
920 1258 954 1290 in
983 1257 1087 1291 editis
1114 1259 1282 1304 antiquis.
1390 1258 1425 1292 3.
1454 1260 1645 1294 assciscere

144 1308 181 1341 P.
234 1308 456 1341 necessitates
473 1316 650 1351 superscr.
679 1306 721 1339 ab
748 1306 793 1340 al.
816 1316 861 1338 m.
889 1307 1050 1339 nationes
1078 1311 1113 1340 et
1139 1306 1274 1341 lineola
1300 1307 1555 1350 superinducta
1577 1307 1641 1342 lit-

146 1357 232 1389 teris
259 1357 319 1389 ion
345 1355 390 1388 P:
418 1354 690 1388 necessitudines
717 1354 789 1389 AF.
865 1356 898 1388 4.
928 1355 1040 1387 antini
1065 1354 1142 1388 FP:
1171 1356 1295 1389 omittit
1321 1355 1526 1390 Rhenanus.
1607 1356 1642 1391 6.

140 1404 299 1449 pulcrius
326 1404 361 1437 l'.
440 1405 472 1438 7.
502 1403 672 1437 illustrius
698 1402 735 1444 P,
764 1407 801 1435 ut
828 1402 933 1437 solet.
1033 1403 1067 1439 8.
1092 1405 1236 1449 fataque
1259 1416 1325 1450 per
1354 1410 1477 1438 nostra
1504 1403 1542 1447 F,
1571 1415 1642 1438 non

144 1453 179 1486 P.
285 1454 336 1485 11.
365 1455 463 1497 feras
490 1452 597 1485 tacite
622 1451 788 1495 Lipsius:
819 1451 961 1485 codices
987 1453 1095 1496 serat.

144 1502 293 1546 quadam
320 1501 488 1546 antiquae
520 1500 710 1534 editiones.

142 1650 242 1680 cutus
270 1651 345 1688 est,
382 1645 476 1690 quod
508 1646 543 1678 in
575 1645 761 1678 Hortensio
791 1643 854 1677 Ci-

140 1705 222 1728 cero
241 1695 454 1739 praeiverat.
482 1694 569 1727 Nam
591 1694 639 1727 ibi
668 1705 746 1726 cum
762 1693 854 1726 llor-

139 1744 275 1776 tensius
310 1742 571 1786 philosophiam
609 1743 855 1788 impugnasset

139 1797 245 1836 atque
281 1791 523 1836 eloquentiam
555 1796 732 1824 oratorum
774 1791 853 1823 lau-

140 1840 268 1882 dasset,
297 1838 422 1873 Cicero
458 1839 708 1883 philosophiae
737 1844 853 1883 partes

139 1889 297 1932 suscepit
338 1889 486 1932 eiusque
524 1888 733 1933 dignitatem
769 1898 852 1932 prae

140 1941 215 1970 arte
243 1937 393 1970 oratoris
430 1935 647 1978 vindicavit,
684 1935 719 1968 id
760 1936 854 1981 quod

142 1995 185 2016 ex
222 1984 431 2029 fragmentis
475 1983 571 2016 illius
612 1984 692 2018 libri
729 1984 853 2029 colligi

140 2036 269 2075 potest.
321 2032 547 2066 Hortensium
576 2031 759 2066 Ciceronis
786 2032 854 2065 Ta-

141 2081 231 2112 citus
259 2080 334 2123 ipse
361 2081 571 2113 memoravit
598 2092 628 2113 c.
663 2081 714 2113 16.

200 2129 323 2161 omittit
336 2128 484 2161 studium
498 2139 509 2159 .·
530 2128 720 2161 lectionem
748 2129 853 2162 amit-

140 2178 178 2210 tit
206 2181 404 2220 corruptam
444 2186 523 2209 esse
555 2187 598 2208 ex
632 2177 675 2209 iis
714 2175 852 2221 liquere

139 2229 224 2269 puto
250 2235 341 2268 quae
368 2224 463 2257 dicta
489 2229 569 2256 sunt
596 2224 638 2257 ad
667 2224 744 2257 Xlll
769 2225 826 2259 26.

212 2295 258 2327 ad
283 2294 467 2328 utilitatem
492 2296 704 2338 fructuosius
726 2296 779 2329 vel
807 2296 853 2328 acl

139 2342 342 2387 diqnitatem
381 2343 527 2388 amplius
568 2343 621 2376 vel
667 2344 714 2376 ad
756 2345 852 2377 urbis

137 2392 269 2434 famam
290 2391 494 2436 pulchrius:
521 2396 574 2425 est
589 2390 773 2426 Ciceronis
794 2393 851 2425 di-

139 2439 242 2472 cendi
270 2450 403 2483 genus,
432 2450 500 2484 quo
529 2442 753 2474 accusativus
782 2452 850 2474 no-

137 2488 243 2520 minis
286 2487 499 2520 substantivi
545 2499 623 2520 cum
670 2489 849 2523 adiectivo

139 2540 313 2580 cognatae
329 2536 602 2581 significationis
623 2547 686 2579 per
700 2538 746 2570 acl
766 2539 849 2570 iun..

138 2583 244 2627 gitur.
274 2582 327 2616 Cf.
357 2583 483 2616 Handii
511 2583 606 2617 Turs.
635 2584 646 2616 1
676 2596 708 2628 p.
743 2586 819 2620 106.

211 2666 278 2700 qua
303 2666 438 2700 semper
473 2660 628 2687 armatus
660 2676 704 2680 —
737 2658 845 2699 feras,

135 2703 206 2747 ipse
247 2715 417 2738 securus:
460 2703 629 2736 librorum
671 2705 845 2748 scriptura

136 2752 259 2796 (ferat)
288 2756 371 2785 tune
399 2753 513 2785 teneri
541 2757 673 2796 posset,
699 2753 727 2784 si
761 2764 843 2786 ver-

134 2798 177 2831 ba
209 2811 275 2843 qua
310 2812 442 2845 semper
483 2806 638 2834 armatus
673 2822 717 2827 ——
750 2803 843 2845 serat

134 2846 297 2880 valerent
323 2859 390 2892 qua
423 2849 496 2892 quis
530 2860 663 2894 semper
687 2856 844 2883 armatus

134 2914 176 2920 -
205 2897 318 2939 serat,
350 2897 384 2930 id
410 2897 503 2941 quod
529 2907 632 2931 secus
659 2903 732 2932 est:
774 2899 844 2931 im-

133 2951 189 2974 mo
215 2955 349 2990 semper
383 2951 538 2980 armatus
579 2957 658 2980 cum
697 2946 842 2982 denotat

1180 1453 1330 1497 quadam
1353 1451 1447 1486 uelut
1475 1452 1522 1486 P:
1550 1453 1641 1488 velut

926 1644 983 1688 qni
1020 1655 1155 1689 semper
1196 1650 1352 1678 armatus
1392 1650 1471 1687 est,
1514 1650 1550 1679 et
1589 1648 1642 1681 sic

925 1705 1059 1738 semper
1092 1693 1288 1726 redundat:
1330 1693 1501 1727 auxilium
1547 1695 1640 1729 onim

926 1746 960 1774 et
995 1741 1063 1774 sibi
1105 1747 1139 1775 et
1176 1741 1256 1775 aliis
1296 1741 1390 1776 ferre
1430 1747 1548 1786 potest
1580 1745 1639 1789 qui

924 1796 1080 1823 arnzatus
1107 1796 1155 1823 est
1182 1790 1390 1834 eloquentia,
1417 1801 1486 1824 non
1505 1793 1534 1825 is
1558 1796 1639 1826 tan-

925 1844 996 1871 tum
1029 1840 1088 1883 qui
1115 1850 1250 1884 semper
1286 1845 1443 1872 armatus
1481 1846 1528 1874 est
1564 1840 1639 1874 elo-

924 1889 1076 1931 quentia.
1125 1887 1377 1932 Eloquentiam
1416 1899 1496 1922 esse
1538 1890 1639 1934 quasi

923 1941 1131 1979 perpetuam
1161 1940 1392 1978 armaturam,
1429 1937 1464 1970 id
1492 1938 1545 1971 sic
1574 1937 1640 1972 de-

924 1994 1016 2016 mum
1054 1985 1283 2028 exprimitur,
1324 1995 1402 2018 cum
1440 1985 1639 2020 subiectum

924 2036 985 2064 aut
1012 2032 1202 2074 adiicitur,
1231 2032 1343 2066 veluti
1372 2034 1468 2077 quis,
1496 2039 1556 2068 aut
1583 2034 1640 2068 di·-

924 2079 1043 2113 lucide
1077 2080 1255 2114 indicatur
1270 2107 1279 2123 ,
1329 2086 1366 2114 ut
1402 2081 1440 2114 fit
1476 2084 1640 2116 restituta

923 2138 1075 2171 pelsona
1100 2128 1200 2162 verbi
1217 2129 1375 2162 secunda
1392 2131 1535 2177 (feras).
1564 2130 1640 2165 Hoc

922 2181 1039 2210 autem
1067 2176 1204 2210 duobus
1231 2177 1311 2211 aliis
1335 2180 1553 2223 argumentis
1572 2190 1639 2214 vc-

922 2235 998 2258 rum
1026 2235 1106 2259 esse
1134 2226 1362 2269 approbatur
1390 2226 1503 2260 Nam
1494 2239 1530 2261 in
1553 2239 1638 2272 pro-

922 2274 1017 2307 ximo
1050 2275 1233 2307 enuntiato
1274 2279 1308 2308 et
1349 2274 1432 2309 huic
1465 2277 1638 2320 persimili

922 2321 1093 2355 habemus
1138 2334 1202 2367 quo
1238 2335 1466 2368 propugnare
1500 2327 1638 2371 pariter

922 2376 952 2403 et
979 2370 1154 2404 incessere
1183 2394 1227 2398 —-
1257 2372 1388 2416 possis,
1422 2383 1492 2406 non
1516 2376 1635 2419 possit,

920 2423 993 2451 tum
1021 2420 1055 2452 in
1082 2419 1201 2453 verbis
1231 2419 1427 2463 Ciceronis,
1456 2432 1548 2466 quae
1569 2422 1636 2456 Ta-

921 2468 1011 2500 citus
1046 2468 1215 2501 imitando
1256 2470 1436 2512 respexit,
1487 2470 1635 2514 perinde

919 2515 1031 2548 altera
1058 2526 1210 2558 persona
1234 2518 1387 2562 (possis),
1418 2527 1489 2550 non
1516 2520 1634 2562 tertia,

919 2563 998 2596 dico
1026 2563 1069 2597 de
1097 2563 1155 2597 Or.
1187 2565 1266 2599 18:
1305 2565 1386 2609 quid
1421 2571 1492 2599 tam
1525 2578 1633 2612 porro

918 2611 1068 2656 regium,
1097 2618 1168 2646 tam
1196 2612 1361 2654 litam-‚ate
1397 2619 1468 2648 tam
1492 2617 1633 2659 inartifi-

918 2671 993 2692 cum
1023 2672 1126 2704 quam
1152 2673 1248 2706 opem
1279 2663 1376 2706 ferre
1409 2663 1630 2708 supplicibus,

916 2709 1071 2743 circitare
1096 2711 1258 2755 afflictos,
1287 2710 1372 2743 (lare
1398 2711 1556 2754 salutem,
1584 2712 1631 2746 li-

916 2756 1040 2790 berare
1063 2758 1247 2802 periculis,
1286 2759 1439 2792 retinere
1475 2759 1631 2794 homines

913 2805 949 2837 in
982 2806 1148 2839 civitate?
1210 2807 1300 2849 Quid
1330 2812 1444 2840 autem
1470 2813 1541 2842 tam
1563 2820 1630 2843 ne-

915 2854 1104 2887 cessarium
1131 2866 1233 2899 quam
1259 2861 1378 2889 tenere
1403 2867 1538 2902 semper
1564 2868 1629 2891 ar-

913 2912 981 2944 ma,
1012 2903 1130 2946 quibus
1157 2903 1210 2937 vel
1235 2909 1343 2938 tectus
1357 2904 1429 2949 ipse
1455 2916 1528 2939 esse
1543 2917 1628 2951 pos-

913 2951 959 2984 sis
987 2951 1041 2985 vel
1067 2963 1266 2998 provocare
1299 2952 1471 2998 improbos
1506 2953 1561 2990 vel
1596 2959 1627 2989 te
