1768 3216
126 202 155 244 ⁸1ss
166 200 215 245 Ἐξ
241 209 304 246 69.

549 204 553 205 ⁷
627 205 762 241 LIBER
788 203 850 240 111.
902 203 990 239 Gn.
1019 201 1176 239 58-59.

1550 196 1624 234 eal

129 323 294 367 Samnis
328 323 605 378 Pelignnsque
645 325 685 363 et
727 319 855 365 Marsi
895 317 1199 368 aemulatione,
1246 314 1358 370 quod
1400 311 1627 366 Campania

129 398 450 454 praevenisset,
491 401 538 438 ut
567 397 609 437 in
642 407 752 437 novo
784 392 1012 447 obsequio,
1055 391 1107 432 ad
1144 393 1294 432 cuncta
1341 387 1441 430 belli
1489 386 1657 447 munia,

129 483 252 515 aeres
282 461 414 513 erant.
474 470 557 514 Sed
589 469 713 511 foeda
745 468 882 510 hieme
912 479 988 520 per
1016 466 1240 507 transitum
1269 462 1482 517 Apennini
1521 473 1630 503 con-

127 542 305 588 flictatus
334 544 566 594 exercitum
609 547 652 584 et
680 543 752 583 vix
798 541 938 595 quieto
973 540 1177 604 313qu
1188 538 1307 579 nives
1355 536 1630 579 eluctantibus

71 617 78 663 T
129 620 260 675 patuit
289 622 483 673 quantum
511 613 765 665 discriminis
796 615 1033 657 adeundum
1064 614 1189 665 foret,
1221 612 1264 653 ni
1284 611 1494 653 Vitellium
1516 614 1629 653 retro

73 722 79 738 ι
130 695 297 736 tortam
324 693 551 743 vertisset,
606 703 713 745 quae
742 690 950 732 Flavianis
983 688 1158 731 duchus
1200 699 1285 729 non
1324 686 1459 728 minus
1505 698 1631 740 saepe

642 764 819 806 Obvium
860 763 946 804 illic
977 762 1163 804 Petilium
1197 760 1402 803 Cerialem
1430 759 1630 811 habuere,

129 775 249 823 quau}
280 766 401 808 :intio
433 766 579 808 adfuit.

1634 437 1688 707 l

129 838 299 896 agresti.
321 840 434 882 cultu
474 844 515 881 et
553 839 701 881 notitia
749 838 940 880 locorum
987 835 1201 878 custodias
1229 834 1383 877 Vitellii
1431 833 1630 887 elapsum.
1667 842 1669 844 ·

127 914 363 968 Propinqua
393 912 584 955 adfinitas
615 911 769 954 Ceriali
801 923 893 953 cum
919 909 1180 963 Vespasiano
1201 939 1213 961 ,
1256 920 1336 950 nec
1367 908 1459 961 ipse
1489 906 1631 961 inglo-

125 989 213 1032 rius
267 987 468 1038 militiae3
518 999 653 1041 eoque
703 987 813 1028 inter
859 985 989 1027 duces
1052 983 1292 1036 adsumptus
1349 986 1425 1024 est.

127 1072 292 1121 quoque
322 1062 479 1105 Sabino
511 1073 560 1103 ac
592 1060 830 1102 Domitiano
868 1059 1054 1113 patuisse
1090 1057 1294 1115 >‚effligium
1339 1056 1453 1098 multi
1498 1055 1633 1106 tradif-

960 1110 1087 1124 f

127 1285 308 1328 habilem
329 1284 464 1326 labori
484 1288 525 1325 et
544 1283 747 1325 audaciae
775 1282 1055 1325 valetudinem
1088 1281 1358 1323 causabatur:
1394 1278 1631 1320 Domitiano

127 1359 274 1402 aderat
303 1359 488 1408 animus3
531 1358 607 1400 sed
638 1357 835 1399 custodes
866 1370 890 1399 a
922 1356 1088 1398 Vitellio
1121 1355 1275 1406 additi,
1309 1365 1553 1408 quamquam
1584 1365 1686 1399 se15

138 1435 282 1479 socios
324 1434 451 1488 fugae
493 1432 808 1486 promitterent,
850 1437 1056 1485 tamquam
1090 1430 1336 1472 insidiantes
1369 1428 1630 1469 timebantur.

133 1508 270 1562 Atque
301 1509 390 1562 ipse
421 1507 636 1559 Vitellius,
677 1511 870 1560 respectu
899 1518 1067 1548 suarum
1109 1503 1487 1556 necessitudinum,
1530 1501 1631 1543 nihil

127 1583 168 1623 in
197 1582 477 1624 Domitianum
506 1585 627 1624 atrox
656 1581 842 1638 parabat.

267 1715 297 1752 1.
325 1713 524 1759 dignusque
550 1711 615 1748 Ma.

715 1714 749 1748 3.
775 1712 886 1758 faeda
914 1711 979 1746 Ma.

1082 1722 1232 1757 appenn.
1265 1708 1331 1744 Ma.
1427 1708 1461 1743 4.
1487 1708 1568 1742 nive
1593 1717 1632 1740 se

129 1762 340 1796 luctantibus
364 1760 440 1796 Ma:
467 1762 623 1796 correxit
652 1761 867 1804 Rhenanus,
894 1765 977 1794 ante
1004 1770 1109 1806 quem
1135 1761 1216 1793 nive
1242 1770 1278 1793 se
1304 1758 1396 1792 eluet
1418 1783 1426 1800 ,
1463 1761 1501 1789 ut
1526 1757 1563 1790 in
1590 1755 1631 1789 G.

131 1811 186 1846 10.
212 1811 370 1855 muciano
396 1809 473 1844 Ma:
502 1810 531 1845 G
558 1810 697 1844 Flauio.

127 1870 217 1893 rum.
317 1858 430 1893 nichil
458 1857 524 1893 Ma.

129 1989 226 2024 Idem
251 1989 320 2026 uio
359 1994 537 2035 pauperes
569 1991 754 2026 denotavit
785 1992 845 2026 Lx

129 2039 175 2074 25
201 2039 238 2072 in
263 2038 371 2073 rebus
384 2038 551 2074 Claudii:
578 2042 629 2088 τῷ
656 2039 764 2088 δήμῳ
794 2044 841 2087 τῷ

129 2086 434 2135 σιτοδοτουμένῳ
495 2092 606 2124 πέντε
655 2090 727 2137 μὲν
781 2093 845 2124 καὶ

131 2135 390 2183 ἑβδομήκοντα
415 2134 594 2184 δραχμὰς
611 2135 740 2173 ἅπασι
767 2138 844 2174 διέ-

131 2183 264 2219 δωκεν.
315 2184 358 2225 Hi
386 2184 613 2230 intelligendi
641 2191 734 2226 sunt,
765 2197 844 2220 cum

126 2230 220 2276 plebi
249 2242 314 2264 con
341 2233 470 2266 iar-ium
511 2233 628 2266 datum
669 2246 688 2268 a
723 2233 844 2268 Tacito

128 2278 284 2314 refertur
325 2278 353 2313 lt
379 2279 443 2323 29,
483 2281 545 2315 ΧΠ
571 2282 640 2323 41,
680 2281 843 2320 xl113t.

129 2325 204 2361 xiv
222 2327 277 2360 tt.
305 2326 415 2362 0.17.
444 2329 479 2361 Si
508 2328 649 2373 quando
672 2330 716 2364 de
736 2340 845 2373 parvo

129 2374 312 2409 tribulium
352 2386 463 2409 censu
499 2378 634 2411 mentio
671 2379 844 2420 iniicitur,

131 2427 171 2456 ut
196 2424 288 2468 apud
318 2423 513 2459 Martialem
542 2425 590 2459 lx
615 2426 661 2461 50
688 2427 707 2461 7
738 2431 774 2460 et
799 2427 846 2462 58

127 2470 163 2514 8,
192 2482 211 2505 e
231 2473 411 2506 contrario
437 2474 630 2517 respicitur
659 2474 845 2519 opulentia

128 2519 290 2553 ordinum
306 2522 483 2566 equestris
498 2526 533 2555 et
550 2525 734 2557 senatorii.
762 2522 846 2557 Post

128 2567 273 2612 ordines
303 2568 367 2602 sed
402 2570 446 2603 iis
491 2573 675 2613 proximae
710 2572 843 2615 trihus,

128 2619 201 2648 turn
217 2615 378 2650 libertini
405 2622 440 2650 et
454 2617 557 2660 plebs
579 2619 734 2654 sordida.
763 2621 844 2655 Sta-

129 2661 200 2696 tius'
226 2662 318 2697 silv.
346 2663 390 2697 IV
422 2667 438 2698 1
470 2666 539 2700 25:
563 2667 718 2701 moribus
742 2675 844 2713 atque

131 2711 199 2744 tuis
233 2711 388 2759 gaudent
426 2718 629 2757 turmaeque
671 2716 846 2761 tribusque

127 2759 362 2804 purpureique
373 2765 505 2805 patres.
550 2759 621 2796 Has
639 2767 711 2798 tres
724 2770 843 2809 partes

133 2807 238 2840 etiam
254 2807 422 2841 Horatius
438 2814 606 2843 recenset
621 2811 663 2845 A.
689 2811 727 2846 P.
749 2813 842 2848 248:

132 2854 356 2901 offenduntur
387 2857 479 2891 enim
515 2858 633 2901 quibus
666 2866 715 2893 est
739 2872 844 2905 equus

132 2908 164 2936 et
198 2908 301 2948 pater
339 2906 563 2952 (senatores)
602 2912 634 2940 et
663 2919 721 2941 res
757 2911 843 2954 (tri-

129 2950 228 2999 bua).
257 2950 324 2987 Hic
346 2958 464 2989 rerum
490 2957 603 2990 status
627 2958 714 2990 tunc
738 2956 843 2995 vide-

778 1811 832 1845 17.
860 1815 1037 1857 respectus
1061 1809 1172 1845 naras
1197 1806 1278 1844 Max
1309 1807 1338 1841 G
1363 1811 1522 1853 respectu
1547 1815 1634 1839 sua-

915 1997 972 2026 tur
1006 1997 1162 2029 mntatus
1197 2002 1303 2035 esse,
1349 2001 1429 2026 cum
1467 1990 1635 2035 princeps

916 2040 1100 2078 Caracalla
1113 2041 1296 2075 civitatem
1307 2039 1502 2074 Romanam
1517 2040 1636 2073 omni-

915 2090 981 2124 bus
1011 2090 1207 2134 provinciis
1234 2089 1424 2134 dilargitus
1452 2093 1518 2122 est.

987 2144 1198 2184 aspernatus
1229 2143 1363 2172 antea:
1401 2147 1434 2170 v.
1463 2136 1505 2172 H.
1535 2135 1548 2169 l
1574 2136 1633 2171 62.

988 2198 1069 2219 moa:
1096 2186 1316 2231 contemptim
1346 2191 1376 2218 et
1403 2186 1478 2218 sine
1505 2185 1635 2218 discri-

916 2235 1035 2268 mine:
1079 2235 1299 2279 contemptim
1326 2238 1380 2267 est
1407 2234 1636 2266 cunctatione

916 2282 1015 2316 nulla
1034 2282 1206 2323 adhibita,
1224 2283 1300 2315 sine
1316 2282 1531 2323 discrimine,
1557 2281 1636 2314 sive

917 2331 1039 2364 aderat
1068 2331 1237 2365 Vitellius
1264 2331 1343 2363 sive
1371 2339 1440 2362 non
1469 2329 1602 2363 aderat.

992 2401 1078 2445 Cap.
1096 2401 1153 2437 59.
1181 2412 1343 2447 possessa
1370 2401 1560 2435 Mevam‘a:
1587 2401 1634 2435 cf.

917 2450 959 2484 ad
987 2461 1018 2484 c.
1043 2450 1066 2484 8
1099 2461 1261 2496 possessa
1286 2450 1360 2496 ipso
1387 2450 1539 2484 transitu
1573 2448 1636 2484 Vi-

916 2499 1019 2532 cetia.
1141 2510 1207 2544 per
1243 2499 1429 2533 transitum
1455 2498 1635 2543 Apennini

915 2547 1133 2591 conflictatus
1157 2547 1354 2581 exercitus.-
1383 2547 1441 2580 via
1459 2546 1632 2580 Flaminia

914 2606 934 2629 a
965 2595 1062 2629 Fano
1087 2595 1266 2629 Fortunae
1293 2595 1447 2639 profecti
1469 2593 1631 2627 Flaviani

913 2644 1142 2688 Apenninum
1169 2643 1474 2678 transcenderant.

985 2715 1046 2748 vix
1080 2715 1193 2760 quieto
1232 2715 1371 2759 agmine
1414 2714 1511 2747 nives
1554 2710 1631 2746 elu-

914 2763 1109 2797 ctantibus.-
1138 2764 1288 2807 quietum
1313 2771 1442 2808 agmen
1463 2762 1631 2805 opposuit

915 2811 947 2843 ei
974 2811 1068 2854 quod
1094 2810 1137 2844 ab
1166 2811 1329 2844 hostibus
1356 2810 1546 2844 lacessitur
1562 2820 1629 2854 pe-

913 2859 1059 2892 titurve.
1098 2858 1266 2892 Eluctari
1292 2863 1346 2892 est
1371 2857 1539 2892 luctando
1565 2869 1628 2892 su-

912 2916 1038 2949 pet-are
1064 2916 1106 2939 ac
1133 2905 1263 2940 dicitur
1288 2906 1332 2941 de
1347 2906 1391 2940 iis
1404 2917 1498 2952 quae
1516 2906 1628 2942 multo

912 2954 1035 2990 labore
1059 2959 1283 3003 superantur.
1321 2954 1375 2990 Cf.
1402 2955 1489 3002 Agr.
1521 2955 1576 2994 17.

1489 981 1631 1023 Flavio
1649 996 1705 1042 ιο,
1750 1034 1758 1038 .

1688 1039 1766 1099 mi

128 1138 253 1188 dere;
294 1140 336 1178 et
372 1135 491 1178 missi
530 1136 582 1177 ab
620 1135 804 1176 Antonio
844 1133 977 1176 nuntii
1017 1144 1093 1186 per
1130 1131 1269 1174 varias
1311 1130 1482 1175 fallendi
1521 1133 1631 1172 artes
1657 1092 1768 1195 Ῐῗ]

127 1209 428 1266 penetrabant,
460 1209 600 1251 locum
630 1222 680 1250 ac
711 1207 966 1262 praesidium
997 1209 1292 1247 monstrantes.
1353 1204 1530 1246 Sabinus
1564 1203 1635 1244 in-
1665 1196 1768 1262 Μ,
