1768 3216
742 233 1048 273 HISTORIARVM
1439 238 1472 263 a.
1499 238 1535 263 u.
1561 227 1649 266 822.

159 255 231 289 120

163 379 302 423 sparsa
335 364 574 407 auxiliorum
605 368 771 407 manus,
815 354 962 396 altiora
992 362 1199 392 murorum
1232 346 1396 401 sagittis
1438 350 1508 388 aut
1537 345 1650 388 saxis

162 446 386 490 incessere,
419 435 605 489 neglecta
637 435 704 473 aut
735 441 839 471 aevo
871 428 978 469 ssuxa
1011 424 1238 467 comminus
1271 420 1488 486 adgredi9
1523 420 1653 476 Inge-

162 520 254 560 runt
284 515 456 565 desuper
487 506 708 550 Othoniani
738 505 835 559 pila,
868 503 1016 543 librato
1050 499 1181 553 magis
1215 501 1256 539 et
1286 499 1402 537 certo
1435 495 1542 547 ictu,
1574 494 1655 536 ad-

162 599 304 632 versus
344 591 497 628 temere
537 583 760 625 subeuntes
803 578 999 620 cohortes
1041 574 1340 616 Germanorum
1382 573 1505 612 cantu
1545 569 1654 611 truci

132 669 203 706 set
231 673 347 703 more
373 659 506 714 patrio
537 656 659 697 nudis
692 653 935 707 corporibus
967 661 1091 703 super
1108 647 1303 688 humeros
1325 649 1441 687 scuta
1462 643 1658 699 quatien-

163 737 273 778 tium.
333 731 605 787 Legionarius
643 727 789 782 pluteis
832 730 871 767 et
911 724 1092 765 cratibus
1135 725 1267 763 tectus
1309 719 1658 787 suhrffluroffi

164 809 327 852 instruit
357 818 567 862 aggerem,
600 802 764 845 molitur
792 804 946 854 portas.
982 798 1133 839 Contra
1156 794 1412 850 praetoriani
1430 793 1659 848 dispositos

167 885 218 927 ad
249 883 290 924 id
321 883 451 935 ipsum
482 879 660 920 molares
692 875 849 930 ingenti
879 872 1065 927 pondere
1098 882 1147 912 ac
1192 870 1363 924 fragore
1393 867 1658 923 provolvunt.

167 958 264 999 Pars
294 954 551 998 subeuntium
582 950 715 993 obruti
725 965 736 1001 ;
767 960 862 1003 pars
895 946 1046 988 confixi
1078 948 1118 986 et
1149 955 1388 998 exsangues
1419 946 1489 984 aut
1515 941 1660 993 laceri,

119 1043 260 1073 iocum
307 1032 477 1083 augeret
519 1031 699 1079 stragem
741 1022 960 1076 trepidatio
1016 1031 1149 1073 coque
1197 1018 1337 1060 acrius
1378 1030 1402 1059 e
1443 1015 1663 1059 moenibus

169 1105 501 1154 vulnerarentur,
552 1100 716 1141 rediere
765 1097 940 1138 infracta
985 1094 1161 1149 partium
1204 1093 1327 1135 sama.
1387 1091 1440 1133 Et
1483 1090 1664 1133 Caecina

170 1179 327 1233 pudore
368 1181 538 1229 coeptae
578 1179 732 1216 temere
779 1169 1126 1226 oppugnationis,
1169 1181 1223 1210 ne
1266 1167 1421 1208 inrisus
1452 1178 1503 1208 ac
1531 1177 1665 1208 vanus

172 1253 302 1295 isdem
334 1251 480 1292 castris
512 1249 743 1299 adsideret,
785 1247 961 1288 traiecto
994 1256 1138 1286 rursus
1167 1242 1278 1284 Pado
1312 1242 1558 1284 Cremonam
1586 1251 1668 1294 pe-

171 1331 258 1368 tere
288 1324 473 1365 intendit.
533 1323 761 1364 Tradidere
793 1334 888 1363 sese
919 1319 1086 1362 abeunti
1117 1317 1308 1359 Turulius
1354 1315 1531 1358 Cerialis
1574 1326 1667 1357 cum

122 1411 158 1439 15
174 1399 447 1453 compluribus
480 1398 667 1440 classicis
700 1401 740 1439 et
770 1396 895 1437 Iulius
924 1394 1208 1456 Breganticus
1243 1405 1336 1434 cum
1366 1391 1513 1446 paucis
1545 1390 1668 1445 equi-

306 1524 338 1557 5.
368 1534 503 1557 umeros
528 1521 592 1556 Ma.
693 1521 727 1556 6.
755 1520 959 1566 legionarii?
983 1518 1049 1553 Ma.

172 1572 348 1617 yradibus.
426 1572 455 1605 7.
475 1571 713 1616 praetorianis
741 1569 815 1604 Ma:
844 1569 871 1604 G
894 1569 1128 1614 praetoriani.

172 1620 263 1654 voln.
294 1619 351 1654 Or.
428 1620 542 1653 redire
569 1618 646 1654 Ma:
677 1618 703 1653 G
730 1619 879 1652 rediere.
970 1617 1129 1651 Caecina
1157 1618 1257 1660 fama
1282 1615 1417 1660 pudore
1443 1612 1516 1648 Ma:
1545 1624 1670 1648 corre-

173 1674 264 1702 ctum
301 1669 336 1702 in
374 1668 430 1701 GR
465 1673 499 1702 et
533 1667 808 1702 oxoniensibus.
863 1678 896 1700 v.
929 1668 1027 1711 sama
1054 1677 1074 1699 e
1109 1664 1275 1709 praeced.
1302 1664 1507 1708 repetitum.
1613 1664 1669 1701 12.

173 1723 294 1762 caepta
321 1722 352 1750 et
383 1728 492 1750 emere
518 1715 581 1750 Ma.
683 1716 958 1762 obpuqnationes
991 1723 1169 1758 supet-scr.
1198 1714 1212 1747 i
1237 1713 1380 1748 litterae
1408 1724 1426 1746 e
1450 1710 1525 1755 Ma,
1560 1722 1672 1758 oppu-

172 1766 346 1811 9nationis
373 1764 410 1798 G.
506 1767 560 1799 14.
592 1764 762 1799 Turullius
791 1764 885 1798 Gala.
920 1759 926 1763 ’
961 1764 1013 1798 15.
1036 1762 1150 1808 conpl.
1186 1760 1251 1797 Ma.
1310 1761 1546 1807 Breqan'ticus
1568 1759 1672 1796 GMaz

174 1814 396 1859 Briqanticus
422 1813 461 1846 B.

1153 1517 1311 1564 qratibus
1337 1515 1415 1558 Ma,
1442 1526 1513 1550 non
1539 1516 1669 1551 Furiae

1213 1566 1247 1601 8.
1278 1565 1433 1600 molaris
1458 1563 1524 1600 ΜΕ.
1613 1567 1667 1600 11.

178 1912 450 1957 legionariorum
468 1923 603 1957 agmen.
631 1912 717 1946 Nam
744 1913 778 1946 in
789 1912 883 1946 Cae-

956 1911 1067 1945 rulius
1093 1922 1197 1957 quam
1221 1909 1406 1954 Turullius,
1423 1914 1458 1944 et
1471 1919 1558 1944 sane
1580 1909 1675 1954 apud

181 1962 282 1994 cinae
309 1961 466 1993 exercitu
496 1971 566 1993 non
593 1962 659 1994 nisi
691 1972 759 1994 una
786 1961 883 2007 legio

957 1960 1143 1994 Gruterum
1178 1970 1212 2004 p.
1247 1960 1317 1995 735
1355 1960 1378 1995 2
1415 1964 1470 1992 est
1515 1957 1675 1993 Turulius

180 2009 272 2041 iusto
312 2007 510 2041 cohortium
554 2009 774 2054 militumque
816 2021 885 2043 nu-

181 2066 277 2090 mero
308 2056 373 2089 fuit
404 2057 702 2102 (unetvicesima)‚·
740 2069 775 2093 v.
803 2059 845 2093 ll.
872 2058 886 2091 l

183 2104 241 2138 6¹.
279 2104 346 2137 Sed
371 2106 429 2149 qui
457 2105 563 2138 additi
592 2112 689 2139 erant
715 2118 757 2140 ex
786 2112 887 2140 cete-

183 2153 230 2185 ris
255 2151 461 2186 Germaniae
491 2155 682 2197 superioris
711 2157 888 2189 exercitus

185 2199 386 2246 legionibus
417 2203 574 2244 numeri,
604 2204 625 2235 ii
663 2203 753 2236 haud
781 2204 888 2237 dubie

185 2248 367 2293 legionum
402 2260 542 2283 suarum
579 2253 718 2285 nomina
757 2257 885 2286 tenne-

185 2302 276 2339 runt,
303 2297 414 2331 veluti
447 2301 630 2342 quartani,
661 2300 889 2334 duoetvicesi-

184 2346 300 2388 mani3
325 2345 389 2378 hos
418 2347 527 2392 igitur
553 2352 587 2380 et
612 2348 750 2392 plenam
770 2349 890 2394 legio-

186 2403 265 2426 nem
307 2395 597 2429 unetvicesimam
637 2408 730 2430 nunc
767 2409 890 2442 aymen

188 2441 358 2485 leqionum
382 2444 535 2476 vocavit.

261 2489 360 2522 nudis
386 2491 608 2535 corporibus:
648 2492 683 2525 h.
713 2504 744 2526 e.
783 2493 890 2527 nullis

189 2537 319 2570 tunicis
340 2541 374 2570 et
391 2538 532 2571 loricis:
560 2540 714 2573 verenda
738 2542 891 2575 intectos

188 2584 263 2618 noli
290 2586 474 2628 cogitare;
502 2587 547 2620 cf.
579 2593 696 2621 annot.
726 2589 768 2622 ad
789 2590 827 2623 G.
855 2590 889 2624 6.

261 2635 400 2667 iustruit
427 2646 607 2679 uwel-em..-
634 2647 676 2670 eo
703 2636 738 2668 in
759 2648 892 2683 aggere

189 2685 301 2714 turres
349 2681 589 2717 aedificandae
632 2690 666 2717 et
719 2689 891 2719 tormenta

188 2728 408 2772 disponenda
435 2736 553 2772 erant,
593 2738 630 2765 ut
671 2733 742 2766 tela
766 2733 892 2767 librato

188 2778 299 2821 magis
346 2777 419 2812 ictu
461 2779 614 2824 desuper
654 2781 689 2814 in
729 2781 894 2815 obsessos

188 2825 398 2859 iacerentur.
560 2827 738 2863 Turulius:
764 2840 892 2864 nomen

189 2871 317 2906 dictum
345 2885 364 2908 a
391 2874 501 2909 torulo
541 2881 576 2910 et
611 2878 812 2922 impositum
850 2878 893 2912 ab

190 2927 395 2955 ornamento
422 2923 570 2969 quodam
602 2925 829 2971 capillorum,
857 2932 895 2960 ut

190 2966 340 3003 videtur.
368 2969 457 3005 Hinc
482 2973 613 3007 rectius
639 2974 814 3010 scribetur
827 2974 894 3009 Tu-

957 2010 1105 2043 Faustus
1142 2014 1178 2043 et
1217 2007 1360 2043 Turulia
1401 2006 1534 2050 Flora,
1581 2005 1675 2052 apud

958 2058 1170 2092 Ciceronem
1198 2058 1242 2092 ad
1271 2057 1368 2091 Fam.
1395 2055 1458 2091 Xll
1487 2057 1532 2092 13
1562 2055 1675 2090 Turu-

957 2107 1024 2141 lius
1051 2111 1220 2152 quaestor
1233 2105 1428 2150 Bithyniae
1450 2103 1589 2139 duobus
1614 2103 1674 2139 lo-

959 2156 1032 2189 cis:
1059 2160 1179 2189 contra
1196 2157 1230 2189 in
1243 2154 1427 2189 Muratorii
1441 2153 1546 2188 titulo
1560 2152 1673 2198 (1757

957 2203 999 2250 8)
1029 2209 1082 2237 est
1110 2202 1191 2238 Cn(
1209 2203 1394 2238 Turullius.

1033 2251 1118 2296 Cap.
1146 2253 1202 2287 23.
1244 2253 1377 2298 diffisus
1401 2251 1577 2297 paucitati
1613 2261 1676 2285 co-

959 2300 1139 2334 hortium.-
1176 2301 1271 2346 quod
1306 2302 1342 2334 in
1375 2299 1430 2335 Ma
1467 2299 1511 2334 ab
1551 2298 1675 2334 eadem

961 2360 1065 2382 manu
1093 2350 1268 2395 paucitati
1299 2359 1363 2394 pro
1386 2349 1566 2396 paucitate
1592 2357 1676 2392 cot·-

960 2403 1095 2432 rectum
1133 2403 1216 2441 est,
1256 2398 1292 2432 id
1331 2409 1375 2432 ex
1411 2399 1489 2442 ipso
1526 2397 1675 2442 antiquo

962 2447 1156 2491 exemplari
1178 2446 1310 2480 factum
1332 2457 1412 2480 esse
1427 2445 1562 2480 iudico.
1588 2444 1675 2479 Nam

960 2493 1070 2528 'l'aciti
1099 2496 1159 2541 qui
1187 2495 1234 2528 sit
1260 2505 1345 2529 usus
1378 2496 1413 2529 in
1442 2493 1552 2528 verbo
1580 2493 1676 2538 diffi-

962 2543 1042 2577 dere
1070 2544 1201 2578 clarum
1241 2555 1287 2578 ex
1314 2543 1376 2576 XV
1402 2543 1448 2578 35
1481 2542 1679 2587 defensioni

961 2594 1081 2626 merito
1108 2593 1271 2638 diffisum,
1297 2593 1383 2626 item
1399 2591 1445 2626 55
1472 2592 1555 2636 quia
1582 2591 1679 2625 tenui

961 2640 1031 2673 iam
1052 2653 1089 2674 re
1111 2640 1288 2686 familiari
1314 2646 1346 2674 ee
1363 2639 1573 2674 instantibus
1596 2650 1677 2673 ore-

963 2689 1129 2723 ditoribus
1155 2695 1360 2724 testamento
1380 2688 1578 2734 diffideret.-
1596 2697 1676 2721 nam

964 2737 998 2769 in
1037 2737 1092 2771 his
1128 2748 1260 2772 nomen
1297 2742 1500 2772 testamento
1534 2737 1677 2770 tertium

966 2795 1042 2818 esse
1084 2797 1220 2829 casum,
1256 2796 1327 2820 non
1362 2791 1524 2828 sextum,
1565 2784 1677 2819 ceteri

965 2832 1109 2867 ablativi
1146 2835 1304 2878 docent3
1355 2834 1447 2868 idem
1487 2832 1675 2868 dicendum

965 2880 1007 2914 de
1034 2882 1152 2916 verbis
1177 2883 1239 2917 XV
1266 2885 1291 2919 4
1317 2893 1386 2928 qua
1408 2883 1511 2927 fluvio
1537 2881 1676 2927 diffide-

965 2927 1077 2964 batur.
1105 2930 1256 2966 Omnino
1279 2935 1377 2966 certa
1403 2929 1676 2975 exemplaiun-

965 2977 1011 3011 cti
1039 2988 1117 3013 cum
1134 2978 1245 3015 verbo
1272 2978 1429 3025 diffidere
1449 2977 1597 3014 ablativi
1608 2976 1675 3013 de-
