1768 3216
126 256 152 285 ι
166 220 216 286 e.
242 249 324 287 70:
626 245 763 282 usna
787 246 848 282 ιν.
900 245 990 280 cn.
1016 244 1174 282 ‹xo-62.
1553 243 1627 279 345

127 376 210 420 quo
230 363 459 419 plerasque
490 363 738 406 feminarum
770 361 964 403 fatidicas
995 365 1037 402 et
1058 363 1317 416 augescente
1331 359 1629 414 superstitione

53 494 61 497 .
126 439 381 483 arbitrantur
411 438 527 480 deas.
586 438 782 491 Tuncque
811 436 997 477 Veledae
1027 436 1253 477 auctoritas
1285 434 1490 476 adolevit:
1530 445 1626 476 nam

126 525 353 571 prosperas
382 513 603 555 Germanis
639 524 710 554 res
753 515 795 553 et
840 511 1050 553 excidium
1093 510 1308 565 legionum
1348 509 1628 563 praedixerat.

129 589 215 632 Sed
242 590 455 644 Lupercus
484 589 529 630 in
558 587 710 629 itinere
741 586 1000 628 interfectus.
1061 585 1185 626 Pauci
1227 585 1516 626 centurionum
1553 583 1633 625 tri-

128 665 416 719 bunorumque
463 664 508 704 in
551 662 686 704 Gallia
736 662 868 717 geniti
914 664 1184 703 reservantur
1226 660 1376 714 pignus
1423 659 1663 701 societatis

129 739 373 783 cohortium
403 739 563 781 alarum
590 737 807 793 legionum
838 736 1011 778 hiberna
1043 735 1245 778 subversa
1268 738 1548 788 cremataque,
1579 735 1631 776 iis
1724 787 1736 792 -

130 818 287 857 tantum
325 813 486 856 relictis
527 824 636 866 quae
675 811 936 866 Mogontiaci
981 822 1031 853 ac
1074 809 1356 868 Vininissae
1399 810 1477 851 sita
1521 779 1768 851 sunnam

59 889 263 945 62Legio
292 893 411 931 sexta
441 888 619 930 decuma
650 872 745 929 cum
775 886 939 929 auxiliis
969 885 1091 928 simul
1117 885 1274 927 deditis
1305 867 1327 926 a
1350 884 1560 926 Novaesio
1587 874 1691 950 inh]
1709 858 1768 940 Μ,

130 964 341 1008 coloniam
368 963 636 1005 Trevirorum
671 961 912 1017 transgredi
943 961 1134 1013 iubetur,
1175 959 1392 1014 praefinita
1424 958 1493 999 die
1524 955 1677 1000 intra'r'
1730 947 1768 962 ψ

15 1026 20 1030 .
54 1096 58 1099 ι
129 1053 254 1096 qnam
283 1039 435 1083 castris
477 1038 718 1081 excederet.
777 1037 960 1080 Medium
1004 1048 1127 1078 omne
1169 1040 1330 1090 tempus
1374 1046 1451 1088 per
1493 1034 1632 1075 varias
1649 1046 1688 1076 ω

131 1126 255 1159 curas
299 1127 429 1170 egere
446 1146 459 1167 ‚
503 1113 800 1168 ignavissimus
846 1112 1022 1166 quisque
1061 1122 1282 1153 caesorum
1330 1108 1438 1163 apud
1483 1109 1633 1151 Vetera

133 1190 325 1245 exemplo
353 1192 571 1244 paventes,
601 1188 753 1230 melior
779 1200 876 1242 pars
903 1187 1058 1228 rubore
1090 1190 1132 1228 et
1151 1185 1334 1227 infamia.
1385 1183 1515 1233 Quale
1535 1182 1634 1224 illud

133 1265 244 1308 iter?
270 1265 363 1319 quis
389 1264 474 1306 dux
499 1263 632 1305 viae?
675 1263 727 1304 Et
756 1263 896 1304 omnia
928 1262 971 1302 in
1002 1261 1175 1303 arbitrio
1207 1272 1352 1302 eorum
1384 1270 1489 1312 quos
1522 1258 1635 1300 vitae

131 1340 334 1394 necisque
361 1328 555 1381 dominos
583 1338 794 1380 fecissent.
828 1337 927 1389 Alii,
958 1335 1071 1379 nulla
1100 1335 1325 1378 dedecoris
1352 1346 1475 1386 cura‚·
1498 1346 1635 1388 pecu-

131 1415 245 1457 niam
275 1418 348 1458 aut
376 1414 594 1456 carissima
622 1406 791 1454 sibimet
809 1412 888 1466 ipsi
912 1411 1188 1470 cimsumd-are.
1236 1409 1414 1459 Quidam
1435 1408 1635 1462 expedire
1654 1373 1768 1456 ,ἐξα

131 1501 263 1542 arma,
282 1488 471 1547 'telisque
499 1492 707 1541 tamquam
739 1487 781 1527 in
813 1486 948 1528 aciem
978 1467 1160 1540 accingi.
1210 1484 1322 1526 Haec
1340 1483 1636 1525 meditantibus
1681 1465 1768 1558 λ’,

132 1564 302 1608 advenit
328 1563 626 1618 proficiscendi
660 1562 780 1614 hora,
807 1561 1102 1615 expectatione
1129 1560 1303 1601 tristior.
1348 1559 1507 1612 Quippe
1527 1558 1635 1600 intra

131 1639 284 1682 vallum
313 1638 558 1681 deformitas
587 1637 696 1679 haud
722 1636 899 1691 perinde
927 1635 1147 1677 notabilis:
1178 1634 1336 1676 detexit
1361 1633 1635 1688 ignominiam

133 1725 302 1768 campus
331 1717 374 1756 et
402 1713 508 1755 dies.
567 1711 775 1753 Revulsae
814 1711 1110 1765 imperatorum
1150 1709 1356 1764 imagines
1374 1739 1386 1761 ,
1429 1707 1635 1778 ἰηὲρῃοῐε

132 1789 280 1870 signa,
312 1787 565 1843 fulgentibus
595 1786 695 1828 hinc
724 1785 823 1828 inde
851 1785 1062 1828 Gallorum
1090 1783 1255 1826 vexillis
1264 1797 1277 1834 3
1308 1782 1437 1825 silens
1469 1779 1688 1837 agmen‚2o

278 1967 314 2001 2.
356 1965 576 1999 arbitrentur
601 1962 704 1998 Gala:
740 1967 940 1998 correctum
969 1973 1013 1996 ex
1039 1962 1131 2006 Spir.
1158 1961 1202 1995 ab
1229 1960 1410 1995 Ernestio.
1514 1960 1548 1994 5.
1575 1970 1635 1993 so-

134 2014 255 2049 cietati
278 2023 359 2049 corr
384 2012 450 2056 ³1¹¹,
476 2014 644 2048 societate
669 2023 709 2058 pr
735 2011 808 2046 Ma:
848 2011 1025 2045 societatis
1051 2010 1080 2045 G
1107 2015 1144 2044 et
1167 2010 1244 2044 alii.
1356 2009 1391 2043 7.
1431 2008 1526 2054 Moy.
1554 2006 1635 2042 Ma:

132 2063 350 2109 moquntino-i
375 2061 415 2097 G.
510 2062 546 2097 8.
572 2061 663 2107 legio
690 2060 789 2095 XVI.
817 2059 895 2103 Ma,
934 2059 1024 2105 legio
1052 2059 1133 2093 Xm.
1161 2058 1200 2094 G.
1305 2058 1473 2091 uouaesio
1501 2055 1577 2091 Ma:
1609 2055 1637 2090 G

133 2112 290 2147 anesio.
368 2110 426 2146 19.
454 2110 614 2144 revulsae
639 2110 712 2153 0r.‚
739 2119 822 2143 mox
845 2108 988 2153 volgata
1014 2112 1049 2142 et
1073 2107 1180 2153 volyi.
1251 2106 1383 2141 {ahora
1409 2104 1475 2153 Ma,
1502 2107 1637 2140 innexa

136 2160 165 2199 G
190 2165 227 2195 et
251 2159 340 2196 alii:
369 2164 604 2194 correxerunt
631 2159 813 2194 Victorius
840 2162 874 2191 et
901 2157 1053 2205 Lipsius,

1000 2334 1149 2368 Veledae
1175 2333 1371 2366 auctoritas
1391 2344 1402 2364 .-
1438 2331 1533 2366 conf:
1561 2330 1636 2366 Ind.

920 2382 1002 2415 hist.
1031 2387 1066 2416 et
1094 2386 1215 2416 annot.
1244 2380 1287 2414 ad
1313 2381 1356 2414 H.
1386 2380 1417 2413 V
1444 2382 1502 2415 24.

136 2333 265 2369 similis
291 2333 485 2368 maioribus
511 2336 586 2368 suis
618 2334 740 2379 aliquo
769 2345 849 2368 me-

137 2383 315 2417 dicamine
342 2382 502 2417 colorem
529 2384 678 2417 crinium
701 2382 744 2416 ad
759 2382 850 2417 Ger..

137 2432 316 2466 manicum
345 2433 399 2476 (v.
415 2431 584 2476 Germ.4)
616 2431 758 2465 videtur
782 2431 851 2465 fle-

138 2481 247 2515 xisse.
287 2479 380 2514 Galli
406 2479 495 2513 sebo
522 2485 559 2514 et
584 2481 706 2514 cinere
804 2480 851 2513 ‘l-

137 2529 193 2563 los
233 2527 383 2562 rutilare
427 2522 621 2572 solebant,
669 2533 708 2561 ut
744 2528 850 2562 tradit

136 2577 274 2612 Plinius
301 2576 446 2610 xxvut
470 2578 529 2611 51.

205 2630 355 2672 patrata
378 2625 513 2658 demum
538 2625 646 2658 caede
675 2625 850 2671 legionum

138 2673 317 2718 depomies
352 2678 497 2706 secutus
534 2678 590 2706 est
615 2673 850 2707 consuetudi-

139 2731 220 2755 nem
246 2720 468 2763 Chattorum,
495 2720 590 2754 unde
612 2721 756 2755 Batavis
774 2723 851 2755 ori-

141 2778 212 2815 ξος
243 2768 289 2802 cf.
307 2767 422 2802 Germ.
451 2769 508 2803 31.
536 2767 634 2802 ldem
663 2774 782 2804 narrat
808 2769 852 2803 de

139 2816 339 2851 saxonibus
385 2826 477 2850 aevo
516 2816 687 2851 inferiore
722 2817 850 2852 Paulus

138 2865 320 2899 Diaconus
349 2865 390 2898 de
417 2865 529 2898 Gestis
559 2864 715 2910 Lanqob.
742 2865 789 2899 111
814 2867 847 2900 7.

207 2913 395 2958 plerasque
427 2913 641 2957 feminarum
659 2926 670 2948 :
714 2914 848 2948 Graece

138 2961 375 3006 interpretare
390 2958 530 2998 πολλὰς
548 2964 760 3007 γυναικῶν,
778 2972 848 2996 non

137 3005 207 3050 τὰς
234 3005 374 3051 πολλὰς
398 3010 611 3058 γυναικῶν.

995 2430 1082 2475 Cap.
1107 2430 1166 2466 62.
1194 2429 1295 2463 nulla
1321 2429 1501 2463 dedecoris
1528 2440 1635 2462 citra.-

921 2481 955 2512 in
984 2478 1039 2512 his
1067 2490 1152 2513 cura
1178 2488 1295 2512 rerum
1322 2488 1466 2512 suarum
1491 2482 1528 2512 et
1547 2489 1637 2511 ava-

922 2529 1001 2561 ritia
1029 2528 1199 2562 infamiae
1220 2527 1476 2573 cogitationem
1503 2528 1636 2561 restin-

921 2582 1033 2610 xerat.
1153 2576 1319 2622 expedire
1344 2587 1470 2609 arma:
1498 2581 1637 2609 scutum

921 2630 957 2659 et
984 2625 1155 2658 loricam:
1195 2624 1266 2658 tela
1301 2625 1419 2657 statim
1458 2625 1637 2656 nominata

919 2678 1001 2706 sunt
1030 2673 1102 2717 pila
1131 2678 1166 2706 et
1197 2672 1321 2718 gladii.

993 2722 1082 2755 haec
1104 2720 1349 2755 meditantibus
1389 2740 1431 2745 --
1478 2720 1634 2752 tristior.-

922 2770 1142 2813 comparavit
1169 2769 1309 2812 Lipsius
1335 2767 1423 2800 Livii
1452 2767 1561 2800 verba
1592 2767 1636 2800 dc

921 2818 1044 2851 militis
1056 2818 1205 2851 Romani
1233 2815 1451 2849 contumelia
1478 2815 1521 2848 ad
1538 2814 1635 2848 cau-

920 2865 1015 2898 dium
1037 2865 1082 2898 lx
1109 2866 1151 2898 5:
1181 2865 1271 2897 haec
1294 2863 1519 2908 frementibus
1545 2864 1636 2897 hora

917 2913 1039 2957 fatalis
1065 2913 1279 2957 iynominine
1304 2911 1474 2953 advenit,
1515 2913 1636 2946 omnia

919 2962 1077 2995 tristiora
1103 2960 1318 3005 experiundo
1344 2961 1499 3004 [actura.

990 3009 1166 3043 inhonora
1189 3010 1321 3054 siqua:
1357 3009 1461 3054 signa
1487 3007 1632 3044 decori-
