1768 3216
210 120 219 154 t

110 243 200 284 8‘0-
226 245 286 283 70.
619 247 757 285 LIBER
781 249 823 285 V.
876 248 965 286 Gn.
990 248 1012 285 7
1027 251 1110 286 -9.
1539 250 1616 286 887

109 372 254 406 eorum
290 364 394 407 dare
425 365 610 419 adnisus,
643 378 724 421 quo
756 367 892 409 minus
923 367 1179 409 teterrimam
1207 370 1378 422 gentem
1404 367 1447 409 in
1463 367 1614 410 melius

109 442 300 492 mutaret,
330 438 572 483 Parthorum
600 441 711 484 bello
742 441 974 496 prohibitus
1015 447 1079 484 est
1124 447 1238 495 [nam
1282 455 1331 486 ea
1369 445 1616 497 tempestate

109 511 298 557 Arsaces
339 514 611 568 desciverat}
679 515 780 558 Tum
835 516 1005 570 ludaei,
1056 517 1357 560 Macedonibus
1402 517 1615 570 invalidis,

109 587 271 631 Parthis
315 589 499 632 nondum
538 590 689 632 adultis
737 596 802 644 (et
844 593 1019 635 Romani
1061 593 1208 647 procul
1240 597 1381 646 erant)
1426 593 1616 648 sibiipsi

106 670 237 718 reges
266 664 530 719 imposuere3
563 667 632 720 qui
663 667 892 709 mobilitate
921 668 1037 723 vulgi
1071 668 1257 723 expulsi,
1300 672 1511 723 resumpta
1541 680 1651 723 pers

111 749 241 780 arma
258 737 546 782 dominatione
577 741 698 795 fugas
730 741 912 795 civium,
943 743 1108 784 urbium
1139 743 1411 796 eversiones,
1444 743 1616 785 fratrum

111 813 336 868 coniugum
363 819 580 868 parentum
611 828 739 858 neces
774 816 937 871 aliaque
967 817 1090 859 solita
1130 818 1303 872 regibus
1345 818 1435 859 ausi
1465 830 1618 873 super-
1649 785 1768 901 ἵηξ

110 887 323 930 stitionem
353 889 564 943 fovebant,
599 891 694 944 quia
726 891 862 933 honor
889 892 1118 934 sacerdotii
1137 892 1439 953 firmamentum
1459 897 1612 947 poten·
1636 871 1768 959 ’,γῆ

70 961 196 1006 stine
222 963 528 1006 adsumebatur.
587 965 869 1008 Romanorum
899 967 1056 1021 primus
1087 968 1253 1009 Gnaeus
1295 967 1514 1022 Pompeius
1544 968 1617 1009 Iu-

114 1037 247 1081 daeos
275 1039 449 1093 domuit,
481 1040 759 1095 templumque
791 1041 881 1083 iure
903 1042 1108 1084 victoriae
1140 1042 1359 1097 ingressus
1392 1046 1467 1084 est.
1515 1042 1617 1084 Inde
1633 1054 1668 1085 m

112 1113 324 1169 vulgatum
354 1115 465 1156 nulla
508 1115 619 1157 intus
658 1116 781 1158 deum
822 1116 964 1171 effigie
994 1128 1170 1159 vacuam
1201 1117 1346 1159 sedem
1398 1121 1439 1159 et
1478 1117 1617 1159 inania

247 1265 284 1298 4.
311 1263 344 1296 si
372 1262 491 1297 addita
515 1262 597 1307 syll.
625 1264 661 1298 bi
685 1274 731 1297 ex
757 1274 848 1298 corr.
877 1262 943 1298 Ma.
1042 1266 1076 1299 5.
1104 1265 1176 1309 inp.
1205 1262 1270 1298 Ma.
1369 1264 1480 1309 volqis
1505 1265 1616 1310 epulst‘

115 1309 195 1344 Ma:
225 1309 254 1344 G
278 1310 377 1357 uulgi
402 1311 548 1357 expulsi.
648 1312 683 1347 8.
707 1313 862 1358 potentie
887 1311 953 1346 Ma.
1053 1313 1086 1347 9.
1117 1313 1182 1347 Gn.
1210 1311 1275 1346 Ma.
1373 1312 1523 1347 Iudaeos
1548 1311 1616 1355 Ma,

115 1358 238 1394 indens
264 1358 312 1393 G:
340 1359 403 1394 alii
432 1361 619 1403 omittunt,
648 1362 684 1394 in
712 1362 791 1406 quis
819 1360 926 1395 Corb.
1052 1363 1106 1395 11.
1139 1360 1230 1407 colq.
1260 1360 1319 1395 Or.
1442 1361 1542 1396 nulla
1570 1382 1617 1389 —

115 1407 231 1454 effigie
252 1407 333 1442 Ma·
323 1433 334 1442 .
361 1408 481 1443 nullas
508 1430 552 1438 —
579 1410 710 1455 effigies
737 1409 765 1444 G
790 1415 825 1444 et
852 1409 1090 1445 Oxonieuses.

115 1537 218 1583 tique
232 1536 405 1582 Iosephus
431 1537 524 1572 Bell.
552 1537 627 1572 Iud.
651 1538 679 1572 V
706 1539 729 1574 9
758 1540 774 1572 1
796 1544 832 1572 et

115 1584 412 1620 Maccahaeorum
437 1586 532 1621 liber
561 1588 659 1631 prior
686 1598 716 1620 c.
745 1586 767 1620 6
794 1597 829 1621 v.

119 1635 152 1676 1,
179 1633 272 1669 alter
296 1645 328 1668 c.
343 1634 368 1670 9
392 1645 427 1668 v.
447 1637 550 1670 1-2.
587 1635 642 1669 cf.
661 1640 832 1679 excerpta

118 1681 258 1727 Polybii
296 1682 409 1717 XXXI
448 1684 488 1717 11
533 1683 608 1730 (4).
683 1683 831 1718 Temere

116 1732 324 1775 pronuntiat
357 1730 544 1766 Broterius
580 1731 717 1766 nullum
751 1744 831 1766 cum

116 1779 256 1814 Parthis
269 1779 404 1815 bellum
414 1780 499 1815 huic
506 1780 687 1815 Antiocho
704 1780 830 1815 fuisse.

186 1839 271 1863 nam
297 1840 341 1863 ea
365 1832 565 1875 tempestate
586 1829 741 1864 Arsaces
767 1830 831 1863 de-

116 1878 296 1915 sciverat.-
340 1876 461 1911 Parthi
509 1878 644 1912 Arsace
684 1883 831 1912 auctore

116 1925 350 1960 desciverunt
394 1937 466 1960 non
518 1938 561 1961 ea
605 1932 832 1971 tempestate,

116 1984 186 2020 qua
220 1974 345 2019 Syriae
386 1976 574 2020 imperium
616 1976 685 2010 suit
719 1987 832 2020 penes

115 2023 334 2058 Antiochum
348 2022 585 2068 Epiphauem,
617 2024 756 2058 hostem
771 2024 833 2058 Iu..

117 2071 287 2106 dacorum
307 2098 318 2115 ,
355 2072 419 2107 sed
449 2076 591 2106 centum
623 2083 739 2117 paene
765 2084 833 2107 an-

117 2122 172 2154 nis
205 2126 289 2155 unte
309 2145 320 2162 ‚
355 2122 555 2165 imperante
594 2121 776 2156 Antiocho
801 2121 831 2155 II

119 2173 220 2215 (ante
245 2169 329 2203 Chr.
357 2169 594 2213 262-247),
637 2172 694 2204 cui
736 2172 833 2206 Θεοῦ

120 2222 410 2263 cognomentum.
465 2217 569 2259 Quod
595 2230 674 2252 cum
702 2229 832 2253 monu-

119 2271 239 2299 menta
263 2265 437 2300 historiae
464 2271 500 2299 et
522 2268 655 2300 nostris
689 2272 832 2311 tempo-

121 2313 220 2347 ribus
245 2319 300 2346 sat
325 2314 436 2347 multa
463 2318 641 2348 testentur
667 2320 702 2348 et
730 2315 832 2359 plura

121 2360 280 2396 Cornelii
314 2361 425 2396 Taciti
461 2367 579 2396 aetate
616 2363 832 2407 profiteren-

122 2414 190 2452 tur,
217 2419 374 2444 errorem
401 2410 578 2455 puerilem
605 2416 731 2445 auctor
754 2413 832 2455 ipse

121 2458 344 2493 commisisse
369 2459 514 2504 nequit,
542 2459 605 2493 sed
623 2486 633 2502 ,
670 2465 709 2494 ut
734 2465 832 2494 recte

120 2507 190 2540 iam
214 2506 402 2541 Ernestius
431 2509 632 2552 suspicatus
660 2514 738 2551 est,
767 2508 833 2542 ad-

120 2554 354 2590 ditamentnm
391 2555 604 2602 glossatoris
637 2557 832 2591 mediocri-

120 2608 176 2637 ter
199 2603 295 2638 docti
314 2604 350 2637 h.
368 2604 392 2638 l.
421 2604 734 2648 deprehendimus.
763 2605 831 2647 Qui

119 2651 240 2686 Tacito
277 2651 423 2686 foedum
463 2663 619 2687 errorem
655 2654 832 2698 imputare

120 2699 271 2742 volunt,
306 2701 342 2733 in
371 2710 520 2744 quorum
559 2711 704 2735 numero
731 2702 833 2736 Doe-

121 2748 312 2782 derlinium
343 2747 478 2781 invitus
515 2749 646 2792 video,
683 2759 746 2783 eos
772 2761 833 2784 re..

123 2801 247 2840 putare
262 2795 371 2830 velim
390 2806 493 2841 quam
521 2802 700 2840 accurate,
727 2809 832 2843 quam

122 2844 287 2889 apposite
312 2844 356 2878 ad
381 2855 497 2878 rerum
522 2844 626 2879 fidem
642 2850 718 2880 tota
743 2846 834 2880 haec

122 2893 301 2938 digressio
335 2893 414 2926 sive
452 2894 636 2927 succincta
676 2896 833 2928 narratio

123 2941 206 2975 inde
232 2952 253 2975 a
280 2940 399 2975 verbis
437 2942 518 2975 dum
541 2942 705 2986 Assyrios
726 2953 835 2988 penes

122 3000 200 3036 sqq.
227 2990 425 3035 composita
460 2991 527 3024 sit:
567 3000 688 3026 rursus
724 2990 833 3026 iidem

900 1538 1130 1573 considerent
1174 1549 1280 1584 quani
1327 1539 1425 1572 inani
1465 1542 1501 1572 et
1538 1538 1616 1573 fere

899 1587 999 1621 nullo
1028 1587 1182 1621 consilio
1214 1586 1303 1620 haec
1337 1587 1449 1621 verba
1481 1588 1616 1621 inserta

899 1637 971 1669 sint
1008 1637 1044 1669 in
1080 1646 1159 1669 eum
1195 1634 1338 1677 locum,
1381 1637 1441 1680 qui
1477 1635 1615 1681 alioqui

901 1685 1054 1718 eximiae
1089 1684 1276 1718 brevitatis
1312 1683 1418 1717 laude
1446 1690 1615 1728 praestat.

901 1733 978 1766 Hoc
1005 1737 1224 1777 postremum
1250 1737 1500 1778 argumentum
1522 1733 1617 1778 apud

900 1783 1036 1826 peritos
1062 1792 1148 1826 prae
1175 1783 1305 1815 ceteris
1331 1780 1467 1815 valebit
1490 1781 1535 1815 ad
1555 1783 1615 1816 in-

900 1830 1002 1863 utilia
1027 1841 1093 1864 suo
1120 1831 1257 1864 auctori
1284 1829 1476 1864 reddenda.

910 1878 914 1880 ’
975 1879 1228 1913 Macedonibus
1266 1878 1455 1912 invatidis:
1492 1879 1616 1913 Mace-

901 1927 1011 1961 donas
1037 1927 1194 1972 appellat
1209 1928 1334 1971 Syriae
1358 1938 1465 1973 reges
1480 1939 1524 1962 ex
1545 1929 1615 1961 im-

900 1978 1000 2020 perio
1028 1976 1260 2010 Macedonico
1289 1981 1324 2009 et
1350 1977 1461 2020 stirpe
1491 1977 1614 2010 Mace-

901 2024 1029 2059 donica
1056 2030 1165 2059 ortos.

984 2074 1052 2107 siba·
1080 2075 1148 2119 ipsi
1175 2085 1274 2118 reyes
1298 2074 1518 2119 imposuere:
1553 2074 1613 2118 qui

900 2123 1036 2167 primus
1069 2133 1114 2157 ex
1150 2121 1382 2166 pontificibus
1420 2123 1517 2167 regis
1544 2132 1614 2154 no-

901 2181 982 2204 men
1010 2176 1046 2205 et
1072 2170 1234 2204 diadema
1269 2170 1336 2204 sibi
1364 2171 1534 2214 imposuit
1561 2172 1614 2214 (a.

902 2218 985 2253 chr.
1018 2221 1105 2265 107)
1139 2218 1358 2252 Aristobulus
1395 2218 1482 2259 suit,
1518 2218 1615 2261 Hyr-

902 2268 981 2301 cani
1018 2267 1198 2312 pontificis
1237 2267 1330 2300 filius
1376 2270 1460 2299 natu
1497 2267 1614 2299 maxi-

901 2326 998 2348 mus:
1034 2315 1190 2359 Iosephi‘
1215 2315 1298 2348 Ant.
1329 2313 1407 2347 xm
1436 2315 1477 2347 11
1513 2314 1550 2354 §.
1580 2315 1612 2356 1,

900 2363 941 2396 Β.
970 2363 1044 2397 Iud.
1074 2363 1089 2397 I
1116 2364 1139 2397 3
1166 2365 1196 2396 1.
1342 2362 1483 2405 aliaque
1507 2361 1615 2394 solita

900 2412 1064 2456 regibus.-
1091 2410 1186 2444 conf.
1214 2415 1335 2444 annot.
1364 2410 1407 2444 ad
1426 2410 1471 2443 VI
1501 2411 1530 2443 l.
1558 2409 1613 2443 De

901 2460 1008 2493 rebus
1040 2470 1062 2492 a
1088 2459 1209 2493 Tacito
1242 2458 1402 2493 breviter
1426 2457 1615 2504 significa.-

901 2510 946 2542 tis
976 2509 1123 2552 copiose
1150 2512 1186 2542 et
1210 2507 1412 2552 loquaciter
1438 2506 1613 2550 Iosephus

901 2558 984 2591 Ant.
1020 2556 1097 2591 XIII
1127 2556 1298 2591 11—xtv
1326 2556 1373 2599 3,
1415 2555 1505 2589 Bell.
1534 2555 1610 2589 Iud.

900 2605 915 2639 1
940 2607 963 2641 3
990 2616 1007 2639 s
1061 2631 1068 2638 .

972 2616 1058 2697 (ἐξ.
1085 2654 1120 2688 9.
1166 2653 1344 2698 Pompeius
1370 2652 1520 2686 Iudaeos
1546 2651 1611 2683 ‹lo-

900 2703 1008 2735 mm't:
1034 2702 1103 2735 hoc
1129 2701 1262 2735 factum
1286 2712 1319 2734 a.
1348 2711 1382 2733 u.
1409 2700 1476 2734 691
1493 2699 1610 2733 =63.

900 2750 1043 2794 Iosephi
1071 2751 1154 2783 Ant.
1183 2749 1260 2783 XIV
1289 2749 1324 2782 4.
1364 2748 1403 2780 B.
1430 2747 1505 2780 Iud.
1534 2746 1549 2779 1
1576 2747 1610 2781 7.

901 2798 969 2832 Dio
1001 2796 1161 2831 xxxvu
1190 2799 1231 2830 15
1260 2807 1312 2840 sq.
1376 2795 1502 2828 Strabo
1529 2794 1613 2828 XVI

902 2849 924 2881 2
948 2845 1008 2880 46.
1058 2844 1267 2878 Plutarchus
1292 2843 1414 2887 Pomp.
1443 2843 1503 2878 39.
1548 2842 1614 2876 Ci-

903 2904 986 2928 cero
1010 2903 1072 2938 pro
1091 2892 1221 2926 Flacco
1239 2892 1298 2926 28.
1325 2891 1449 2925 Livius
1474 2892 1511 2924 in
1526 2892 1613 2935 epit.

907 2943 986 2977 102.
1025 2941 1151 2975 Florus
1178 2939 1227 2974 III
1253 2941 1289 2974 5.
1328 2940 1475 2974 Orosius
1503 2938 1551 2972 VI
1576 2937 1613 2974 6.

974 3000 1126 3024 vacuam
1151 2988 1265 3023 sedem
1290 2994 1323 3023 et
1347 2988 1476 3023 inania
1502 2998 1615 3022 arca-
