1768 3216
102 616 265 676 ·sssine
295 628 418 670 modo
451 626 672 669 festinavit.

766 207 1072 246 HiSTORIARVM
1455 213 1487 239 a.
1514 212 1551 239 ιι.
1577 201 1662 240 822.

180 220 231 254 82

181 333 427 387 Carthagine
470 335 572 372 orto.
632 328 772 381 Neque
812 329 1025 380 expectata
1064 322 1249 378 Vipstani
1288 321 1520 376 Aproniani
1559 333 1665 382 pro-

128 446 130 450 ,
181 407 360 449 consulis
401 404 661 455 auctoritate,
710 402 914 443 Crescens
954 399 1131 442 Neronis
1162 398 1333 439 libertus
1379 402 1498 448 (nam
1544 399 1586 438 et
1621 395 1665 437 hi

179 482 293 522 malis
323 478 572 532 temporibus
603 481 756 531 partem
789 489 835 517 se
866 476 927 517 rei
957 474 1145 529 publicae
1170 472 1347 523 faciunt)
1369 470 1531 525 epulum
1554 469 1667 524 plebi

178 557 229 598 ob
259 553 454 595 laetitiam
484 551 663 593 recentis
707 549 867 604 imperii
901 548 1125 599 obtulerat,
1174 550 1214 588 et
1254 544 1429 599 populus
1467 543 1667 599 pleraque
1702 599 1711 607 ὓ

734 623 1022 678 Carthaginem
1055 626 1220 663 ceterae
1255 621 1447 667 civitates
1479 601 1664 662 s‘ei'di‘i't‘ie.

8 699 49 747 ‘1¹‘
98 707 137 752 A}
310 704 378 746 Sic
410 700 616 743 distractis
648 698 897 741 exercitibus
929 710 978 739 ac
1009 697 1260 750 provinciis,
1302 694 1475 738 Vitellio.
1501 694 1737 749 quidemn

176 779 227 821 ad
259 775 555 832 capessendam
585 774 837 828 principatus
869 773 1073 813 fortunam
1112 770 1221 812 bello
1262 783 1364 825 opus
1403 773 1515 823 erat,
1557 768 1666 812 Otho

176 857 219 894 ut
239 853 280 893 in
310 851 429 892 multa
460 862 563 904 pace
594 848 729 889 munia
762 847 924 901 imperii
961 846 1114 898 obibat,
1149 845 1350 900 quaedam
1383 857 1436 887 ex
1466 844 1668 900 dignitate

177 928 238 969 rei
268 926 479 980 publicae,
520 924 714 977 pleraque
748 926 889 963 contra
922 921 1049 963 decus
1081 934 1134 962 ex
1163 920 1372 974 praesenti
1402 931 1481 962 usu
1509 928 1670 974 prope-

98 1028 101 1044 ,=
145 1001 322 1044 orando.
385 998 535 1040 Consul
567 1010 657 1039 cum
688 997 848 1037 Titiano
882 996 1008 1037 fratre
1041 995 1080 1036 in
1113 994 1314 1037 kalendas
1344 994 1515 1037 Martias
1555 993 1668 1049 ἦμες

99 1063 103 1085 ”
177 1076 387 1129 proximos
419 1086 580 1114 menses
612 1072 808 1126 Verginio
842 1071 1020 1113 destinat
1049 1075 1092 1111 ut
1122 1070 1289 1125 aliquod
1322 1069 1527 1112 exercitui
1557 1068 1671 1112 Ger-

97 1087 135 1203 lg
178 1150 340 1191 manico
373 1148 699 1190 delenimentum.
762 1146 947 1201 Iungitur
977 1147 1177 1201 Verginio
1209 1146 1427 1200 Pompeius
1464 1145 1670 1200 Vopiscus

132 1206 135 1211 ¹
174 1227 385 1277 praetexto
416 1222 567 1264 veteris
595 1221 800 1261 amicitiae
811 1234 822 1270 ;
864 1220 1050 1274 plerique
1080 1220 1378 1263 Viennensium
1408 1219 1560 1262 honori
1590 1218 1672 1261 da-

174 1303 256 1340 tum
286 1295 678 1351 interpretabantur.
740 1296 878 1338 Ceteri
909 1296 1149 1339 consulatus
1190 1309 1242 1338 ex
1273 1295 1552 1339 destinatione
1581 1295 1672 1338 Ne-

92 994 102 1021 ,μ

299 1440 329 1472 1.
359 1437 563 1483 carthagine
589 1437 661 1471 Ma:
697 1448 720 1471 a
745 1436 934 1483 kartayine
963 1439 1052 1482 (non
1079 1449 1102 1471 a
1130 1437 1243 1480 Cart„
1283 1441 1321 1470 ut
1355 1434 1467 1470 refert
1503 1433 1670 1470 Walthe-

177 1491 254 1534 rus)
283 1487 322 1522 G.
411 1487 551 1532 uipsani
574 1484 647 1519 Ma:
675 1488 830 1520 correxit
856 1485 1028 1531 Ryckius.
1059 1486 1104 1521 cf.
1132 1486 1176 1520 ad
1207 1486 1250 1521 14
1282 1488 1309 1520 l.
1388 1486 1443 1520 .2.
1471 1482 1526 1519 Ma
1551 1488 1669 1517 utrum

178 1536 306 1570 habeat
331 1535 367 1569 hi
393 1546 436 1569 an
463 1536 516 1578 In,
546 1534 719 1580 distingui
745 1537 891 1580 nequit:
919 1534 946 1569 G
972 1537 1021 1570 in.
1105 1535 1138 1569 3.
1168 1535 1268 1581 reip.
1301 1534 1366 1569 Ma.
1464 1534 1500 1568 4.
1528 1531 1671 1567 lie-'eiam

178 1583 243 1620 Ma.
317 1584 351 1619 5.
381 1584 501 1620 Carth.
529 1583 604 1617 Ma:
635 1583 662 1618 G
688 1583 933 1630 Kartayinem.
1010 1583 1045 1618 6.
1074 1588 1154 1628 post
1181 1584 1358 1618 distractis
1384 1582 1419 1616 in
1447 1580 1519 1616 fine
1545 1591 1672 1616 versus

175 1631 231 1667 Ma
259 1632 402 1666 exhibet
428 1638 498 1667 tres
525 1637 739 1677 quattuorve
766 1632 902 1668 litteras
930 1634 998 1666 iam
1025 1642 1096 1666 non
1123 1634 1352 1677 perspicuas3
1370 1630 1454 1664 hinc
1477 1629 1555 1664 inB
1583 1631 1668 1664 eires.

178 1681 211 1717 9.
240 1682 341 1727 rei.p.
369 1680 432 1715 Ma.
522 1681 574 1715 10.
603 1681 665 1715 Kl.
694 1680 788 1716 GMa.
872 1693 962 1715 mar.
992 1692 1070 1715 cum
1101 1680 1164 1715 lin.
1195 1680 1261 1724 Ma,
1285 1680 1424 1715 martiis
1448 1689 1490 1724 pr
1516 1678 1543 1714 G
1571 1681 1672 1724 (corr

177 1731 346 1775 marolis),
375 1730 499 1765 Martii
521 1729 562 1764 B.
640 1731 695 1764 11.
723 1729 855 1775 aliquot
882 1729 946 1765 Ma.
1003 1732 1058 1765 12.
1085 1729 1265 1776 Pompeius
1286 1729 1351 1773 Ma,
1379 1737 1451 1765 non
1477 1727 1672 1774 Poppaeus,

178 1784 216 1811 ut
246 1783 361 1812 narrat
390 1778 459 1813 Iac.
488 1778 697 1813 Gronovius.
793 1781 845 1814 13.
869 1784 1052 1826 praetexto
1074 1777 1148 1813 Ma:
1177 1778 1204 1814 G
1226 1784 1425 1825 praetextu.
1528 1777 1584 1812 14.
1609 1778 1671 1812 in-

179 1827 402 1872 terfitabamr
427 1825 492 1861 Ma.
1490 1855 1492 1857 ,
1625 1837 1631 1841 ⁴

179 1943 282 1977 modo
307 1944 467 1987 passivo,
491 1943 594 1977 modo
621 1945 738 1979 activo
766 1945 884 1991 signi-

180 1991 286 2026 ficatu
311 1991 515 2026 admittitur.

264 2040 419 2085 Vipstani
451 2039 651 2085 Aproniani
689 2053 884 2087 proconsu-

181 2087 241 2123 lis:
266 2087 337 2122 vid.
364 2093 518 2127 annotat.
546 2089 587 2122 ad
614 2089 694 2123 xlv
726 2092 756 2125 1.

255 2136 420 2170 Crescens
436 2137 586 2171 Neronis
614 2137 754 2172 libertus
766 2160 810 2164 —
825 2140 886 2174 ob-

182 2184 331 2219 tulerat:
357 2186 432 2230 ipse
458 2185 584 2228 laetus,
600 2191 773 2232 tamquam
798 2188 888 2222 alter

181 2232 273 2267 Nero
300 2234 485 2277 imperium
510 2234 657 2279 adeptus
686 2241 797 2279 esset,
845 2236 888 2270 ad

183 2281 331 2315 eundem
357 2283 550 2315 animorum
581 2289 711 2318 motum
737 2284 889 2319 Cartha-

183 2330 363 2375 ginienses
389 2330 540 2374 impulit.

256 2377 340 2421 Cap.
368 2379 425 2413 77.
482 2380 602 2413 consul
637 2392 713 2414 cum
755 2382 889 2414 Titiano

184 2428 298 2470 fratre
335 2427 372 2459 in
408 2426 574 2460 kalendas
605 2428 756 2462 Martias
791 2430 890 2474 ipse:

186 2473 268 2507 inde
294 2484 313 2507 a
340 2474 510 2508 dictatura
529 2475 609 2509 Iulii
623 2476 783 2510 Caesaris
803 2488 891 2510 con-

186 2521 302 2555 sulare
328 2523 511 2566 imperium
543 2534 694 2558 annuum
721 2536 799 2559 esse
826 2526 891 2559 de-

187 2569 259 2612 siit,
285 2581 325 2603 ac
349 2570 412 2603 sub
447 2571 665 2615 principibus
702 2573 890 2618 aliquando

188 2617 258 2651 duo
277 2643 286 2660 ‚
321 2619 461 2662 saepius
495 2630 558 2654 sex
585 2620 766 2654 consutum
794 2623 891 2665 paria

186 2676 334 2700 munere
357 2677 420 2700 suo
450 2668 498 2700 ita
517 2667 639 2702 functa
657 2674 737 2702 sunt
763 2676 800 2703 ut
817 2671 891 2704 bini

187 2713 290 2747 binos
317 2725 455 2749 menses
498 2715 634 2751 honore
669 2708 890 2762 fr'uerentur3

187 2761 240 2795 illi
267 2767 405 2806 autem,
448 2765 506 2809 qui
533 2764 696 2800 kalendis
723 2766 892 2801 Ianuariis

187 2811 426 2855 magistratum
453 2812 595 2857 ineunt,
631 2815 667 2847 in
695 2814 806 2849 fastos
832 2827 892 2850 re-

187 2857 348 2892 feruntur
366 2871 406 2893 ac
433 2866 618 2904 propterea
637 2863 812 2897 ordinarii
827 2876 892 2908 ap-

187 2906 374 2949 pellantur.
402 2907 455 2942 Cf.
476 2909 543 2943 Dio
558 2910 663 2945 XLIII
676 2911 734 2954 46,
758 2912 893 2947 XLVIlI

186 2955 245 2990 35.
297 2955 471 2990 Ordinarii
511 2959 620 3003 igitur
659 2960 765 2995 huius
809 2963 890 2997 anni

954 1943 1122 1978 consules
1158 1944 1260 1978 fuere
1301 1942 1412 1978 Galba
1458 1953 1501 1978 ac
1544 1942 1670 1977 Vinius

956 1993 1018 2038 (ll.
1047 1993 1060 2026 1
1090 1995 1140 2037 1),
1169 1994 1228 2038 qui
1257 2003 1337 2037 cum
1362 1991 1541 2027 decimum
1567 1995 1672 2029 octa-

955 2053 1036 2076 vum
1071 2041 1243 2075 kalendas
1277 2040 1490 2076 Februarias
1507 2039 1672 2081 eccide-

954 2094 1087 2133 rentur‚
1109 2089 1276 2124 consules
1295 2090 1436 2125 suffecti
1453 2090 1490 2124 in
1507 2089 1669 2136 reliquos

956 2139 1032 2173 dies
1072 2149 1185 2184 usque
1230 2139 1274 2173 ad
1315 2138 1491 2173 kalendas
1529 2138 1675 2175 martias
1716 2143 1718 2146 ⁴

957 2188 1058 2222 suere
1074 2187 1165 2222 Otho
1194 2193 1229 2222 et
1248 2188 1358 2222 frater
1379 2187 1560 2231 Titianum
1584 2197 1672 2232 pro-

958 2237 1071 2269 ximos
1097 2247 1251 2280 menses,
1265 2237 1427 2272 Martium
1445 2241 1482 2272 et
1496 2235 1671 2285 Aprilem,

960 2284 1052 2318 Otho
1083 2285 1254 2332 Verginio
1282 2286 1484 2330 etvopisco
1510 2283 1672 2320 destina-

959 2335 1031 2377 vit,
1071 2334 1199 2368 Maium
1225 2335 1438 2380 laniumque
1465 2332 1590 2368 Caelio
1630 2343 1673 2368 ac

958 2381 1083 2416 Flavio
1112 2383 1272 2427 Sabinis,
1310 2383 1440 2418 lulium
1473 2387 1511 2418 et
1543 2382 1675 2428 Augu-

959 2436 1049 2464 stum
1076 2432 1258 2466 Antonino
1286 2437 1322 2466 et
1350 2430 1471 2466 Celso.
1529 2430 1584 2466 De
1607 2441 1674 2465 ce·-

960 2481 1045 2513 teris
1073 2480 1230 2514 eiusdem
1258 2482 1340 2515 anni
1370 2478 1579 2517 consulibus
1603 2478 1673 2513 'l'a-

961 2529 1051 2562 citus
1078 2530 1226 2573 exponit
1253 2529 1293 2562 H.
1321 2529 1353 2564 ll
1378 2528 1427 2564 60
1455 2532 1492 2563 et
1517 2528 1583 2571 71,
1627 2526 1675 2562 111

960 2578 1003 2611 37
1035 2582 1069 2611 et
1095 2578 1141 2612 68
1169 2583 1204 2612 et
1229 2578 1286 2613 73.

1035 2627 1142 2659 Arrio
1170 2627 1375 2660 Antonino.-
1403 2625 1449 2659 cf.
1478 2623 1671 2669 Capitolia.

961 2675 1021 2707 vit.
1049 2675 1221 2708 Antonini
1262 2686 1292 2709 c.
1323 2675 1368 2708 lt
1414 2679 1528 2719 mater
1560 2673 1675 2707 Arria

961 2722 1111 2766 Fadilla,
1139 2735 1223 2758 avus
1247 2729 1428 2757 maternus
1442 2721 1572 2756 Arrius
1592 2721 1672 2756 Au-

962 2773 1099 2806 toninus
1134 2772 1184 2806 bis
1210 2770 1353 2814 consul,
1396 2772 1496 2804 homo
1531 2777 1676 2804 sanctus

962 2825 993 2852 et
1019 2821 1077 2864 qut
1106 2820 1261 2855 Nervam
1289 2820 1475 2853 miseratus
1505 2825 1555 2854 est
1583 2818 1676 2864 quod

960 2869 1135 2913 imperare
1161 2869 1338 2915 coepisset.
1398 2867 1535 2914 Insigni
1566 2867 1676 2903 lauda

962 2917 1112 2951 eundem
1154 2916 1298 2952 extollit
1322 2916 1459 2952 Plinius
1483 2915 1599 2962 Epist.
1624 2915 1673 2951 IV
1733 2933 1737 2936 ·

960 2965 982 2999 3
1010 2970 1044 2999 et
1073 2966 1129 3009 18,
1158 2966 1189 3001 V
1218 2966 1274 3001 10.
1566 2982 1569 2983 ⁷
