1768 3216
745 266 832 303 Gn.
867 265 1019 302 13-14.

1568 263 1641 301 >187

150 385 247 425 enm
278 383 498 437 Vipstanus
526 383 703 426 Messala
735 384 967 425 cubiculum
999 384 1088 425 eius
1117 384 1336 438 ingressus
1372 387 1460 435 est,
1500 381 1641 436 suspi-

156 462 355 515 catusque
397 473 449 502 ex
492 460 580 514 ipsa
621 461 851 501 intentione
891 460 1150 515 singulorum
1189 459 1379 500 altiorem
1421 458 1529 499 inter
1566 469 1642 501 eos

155 544 253 576 esse
281 545 542 586 sermonem,
588 535 690 576 Num
734 546 878 588 pamm
908 534 1198 588 tempestivus,
1238 532 1393 586 inquit,
1438 531 1643 573 interveni

150 613 363 652 'secretum
397 609 615 650 consilium
645 613 685 650 et
715 619 867 651 causae
896 609 1070 651 alicuius
1100 607 1410 650 meditationem
1450 609 1636 648 tractan-

148 682 266 726 tibus
279 684 303 725 ἶ)

290 756 487 809 Minime,
528 758 718 810 minime,
759 758 890 812 inquit
929 757 1169 808 Secundus3
1208 760 1330 810 atque
1359 754 1465 796 adeo
1496 753 1645 795 vellem

155 833 356 874 maturius
386 833 711 884 intervenisses3
741 833 993 873 delectasset
1022 831 1131 872 enim
1158 835 1199 872 te
1224 834 1265 872 et
1294 830 1395 883 Apri
1420 828 1552 870 nostri
1570 840 1647 869 ac-

155 906 440 948 curatissimus
469 918 624 958 sermo,
658 919 750 947 cum
779 906 1007 947 Maternum
1038 910 1081 946 ut
1111 917 1235 947 omne
1255 903 1467 959 ingenium
1491 915 1541 945 ac
1556 906 1648 944 stu·-

148 979 286 1021 >dium-
309 991 427 1022 suum
470 981 522 1022 ad
555 992 703 1022 causas
742 980 928 1034 agendas
969 983 1233 1021 converteret
1273 978 1513 1020 exhortatus
1568 979 1645 1028 est,

152 1058 197 1096 et
222 1054 397 1096 Materni
423 1066 500 1108 pro
531 1054 782 1095 carminibus
813 1054 900 1095 suis
942 1053 1073 1105 laeta,
1120 1057 1246 1106 utque
1287 1054 1433 1105 poetas
1479 1048 1702 1092 defendite

156 1127 348 1181 decebat,
378 1128 599 1171 audentior
629 1132 670 1170 et
698 1130 914 1182 poetarum
935 1139 1057 1181 quam
1073 1130 1286 1169 oratorum
1304 1125 1481 1168 similior
1498 1124 1646 1165 oratio.

296 1203 362 1245 Me
393 1215 522 1255 vero,
553 1203 709 1259 inquit,
750 1207 790 1243 et
813 1214 952 1244 sermo
985 1202 1073 1256 ipse
1104 1201 1260 1242 infinita
1288 1200 1499 1253 voluptate
1526 1198 1648 1240 adfe-

282 1341 312 1374 1.
340 1346 410 1374 tum
435 1339 514 1374 FP:
545 1341 701 1373 correxit
729 1338 935 1373 Rhenanus,

1018 1338 1201 1383 Vipstanus
1230 1336 1436 1370 Ernestius:
1483 1334 1652 1376 Libam'us

157 1388 201 1423 ab
226 1387 273 1422 al.
299 1399 345 1421 m.
372 1398 547 1432 superscr.
580 1387 738 1421 Urbanus
762 1386 811 1429 P,
846 1387 1015 1420 urbanius
1050 1386 1129 1428 (vel
1168 1385 1348 1428 uibanius)
1376 1383 1423 1426 F,
1467 1382 1653 1428 Vipsanius

157 1435 309 1480 Lipsius.

157 1485 268 1528 priori
294 1495 312 1518 e
335 1484 375 1518 F.

158 1599 344 1641 peecatum
371 1601 448 1638 est,
489 1597 639 1641 primum
667 1596 761 1642 quod
790 1601 870 1640 post

158 1644 362 1689 quandoque
386 1644 604 1679 infarserunt
631 1646 743 1687 enim,
777 1644 870 1690 quod

159 1701 204 1727 ex
230 1691 414 1737 quandoqn
440 1704 458 1726 e
483 1693 624 1727 divisim
655 1697 798 1727 exarato
834 1694 870 1725 in

158 1741 285 1775 codice
319 1741 465 1786 antiquo
501 1746 537 1775 et
570 1752 632 1786 pro
667 1741 871 1785 quandoque

158 1795 229 1830 κζ,
265 1788 299 1821 h.
327 1799 363 1822 e.
391 1789 594 1834 quandoque
621 1791 732 1831 enim,
760 1799 869 1833 prave

158 1841 308 1880 accepto
327 1841 447 1870 natum
465 1849 545 1872 esse
564 1838 732 1871 coniicio.
759 1837 869 1871 Iidem

158 1894 223 1930 pro
246 1885 363 1918 veniet
387 1885 607 1920 assimilandi
635 1885 869 1919 inclinatione

158 1933 332 1968 dederunt
357 1934 495 1976 veniat,
533 1935 616 1980 quia
641 1934 871 1979 subsequitur

156 1987 318 2023 statuar,
365 1991 446 2014 mox
488 1982 652 2016 consulat
691 1982 871 2027 quisquam

155 2042 222 2064 nee
244 2034 354 2075 roget.

224 2088 298 2111 uon
315 2082 466 2111 maestus
490 2082 522 2110 et
545 2082 669 2110 atrox.-
688 2077 748 2122 qui
776 2077 868 2111 tristi

152 2126 374 2163 necessitate
399 2125 444 2159 ad
467 2130 617 2159 mortem
649 2126 720 2159 acti
756 2130 869 2167 erant,

155 2173 194 2208 hi
220 2173 264 2208 ub
286 2173 478 2208 heredibus
493 2179 529 2207 et
544 2173 754 2218 propinquis
769 2184 868 2207 mae-

155 2227 210 2257 sto
237 2227 274 2256 et
298 2222 412 2255 atroci
438 2221 540 2255 vultu
569 2226 604 2255 et
633 2222 731 2266 quasi
750 2232 869 2255 casum

154 2280 257 2303 suum
284 2269 512 2314 indignantes
536 2269 727 2313 aliquando
756 2280 870 2313 pone-

158 2318 298 2351 bantur.

229 2375 302 2398 non
328 2363 487 2397 consulat
512 2364 691 2407 quisquam
717 2374 782 2395 nec
809 2373 871 2395 ro-

155 2418 233 2459 yet:
263 2411 423 2446 consulat
451 2412 595 2454 respicit
613 2415 787 2452 senatum,
809 2420 872 2442 ro..

154 2467 212 2507 yet
237 2461 448 2505 principem.
472 2458 575 2492 Gonf.
607 2457 652 2491 vt
676 2459 734 2492 23.

229 2529 316 2574 Cap.
351 2532 403 2564 14.
433 2530 625 2563 concitatus
652 2535 683 2562 et
706 2528 797 2562 velut
813 2528 871 2562 ἰη-

158 2579 304 2612 stt'nctus
338 2579 538 2623 (auspereqt
578 2577 650 2610 und
683 2577 872 2621 qteichsam

157 2627 386 2671 beyeistertJ:
414 2626 614 2659 instinctum
639 2625 726 2658 dicit
752 2624 871 2657 divina

157 2675 192 2707 vi
213 2674 341 2707 mentis
358 2673 560 2716 impulsum,
588 2674 798 2706 concitatum
815 2674 866 2705 rei

160 2722 336 2767 gravitate
360 2725 505 2754 motum.

240 2791 424 2836 Vipstanus
454 2789 628 2824 Messala.-
655 2800 699 2823 ex
717 2790 869 2833 posteris

158 2839 245 2873 clari
288 2839 439 2872 oratoris
484 2837 656 2871 Messalae
696 2836 842 2871 Corvini
860 2863 868 2877 ‚

157 2886 267 2920 Taciti
295 2886 455 2931 aequalis
484 2890 602 2919 aetate
619 2884 717 2928 prior
730 2890 766 2918 et
780 2886 871 2918 ami-

158 2946 235 2978 cns,
261 2935 304 2968 de
330 2945 401 2980 quo
421 2944 599 2980 nunquam
622 2934 687 2966 uisi
707 2943 784 2966 cum
802 2932 872 2966 ali-

158 2994 230 3031 qua
253 2982 440 3028 voluptate
476 2986 511 3017 ct
550 2980 688 3016 laetitia
722 2979 872 3022 rettulit,

409 1437 443 1472 9.
474 1441 653 1470 exortatus
679 1435 715 1478 Ρ,
746 1441 782 1481 et⁴
803 1435 962 1468 hortatus
987 1433 1026 1468 F.

482 1486 535 1518 12.
561 1485 735 1531 affecisset
764 1483 808 1517 P:
835 1482 863 1517 F
893 1483 1077 1530 adfecisse.

1129 1435 1183 1467 11.
1213 1433 1355 1466 decebat
1380 1431 1605 1477 superposito
1633 1441 1652 1463 o

934 1595 1126 1639 praecipue
1154 1594 1193 1627 H.
1221 1592 1268 1626 ΙΙΙ
1302 1593 1371 1626 11:
1410 1590 1540 1636 leqioni
1581 1589 1651 1624 tri-

934 1644 1043 1677 bunus
1072 1642 1254 1687 Vipstanus
1286 1639 1443 1674 Messala
1469 1642 1650 1684 praeerat,

935 1691 1044 1725 claris
1068 1690 1282 1730 maioribus,
1309 1688 1470 1732 eqreyius
1495 1687 1590 1732 ipse,
1619 1691 1650 1718 et

935 1740 993 1784 qui
1016 1738 1108 1772 solus
1134 1738 1180 1771 acl
1206 1737 1241 1770 id
1266 1736 1390 1770 bellum
1416 1741 1514 1768 artes
1540 1733 1648 1767 bonas

935 1787 1124 1828 attulissem
1162 1786 1202 1819 11.
1231 1785 1278 1818 lv
1304 1785 1373 1818 42:
1412 1793 1577 1826 magnam
1611 1792 1650 1815 eo

937 1836 991 1869 die
1025 1835 1165 1879 pietatis
1202 1832 1484 1877 eloquentiaeque
1514 1831 1649 1874 samam

944 1884 1126 1929 Vipstanus
1155 1880 1310 1915 Messala
1335 1880 1479 1925 adeptus
1505 1884 1554 1912 est
1580 1882 1648 1912 cet.

1015 1953 1176 1986 altiorem
1199 1953 1292 1985 inter
1325 1962 1383 1985 eos
1413 1961 1486 1984 esse
1517 1959 1651 1982 sermo-

934 2012 1034 2035 nem.-
1072 2001 1179 2035 altior
1211 2009 1328 2034 sermo
1364 1997 1558 2043 opponitur
1586 2006 1650 2041 per

937 2049 1081 2084 humum
1106 2048 1332 2093 repentibus,
1359 2047 1393 2081 h.
1410 2057 1442 2080 e.
1475 2044 1654 2079 confabu-

927 2089 1062 2132 *lationi
1088 2096 1277 2137 similibus,
1307 2100 1345 2128 ut
1372 2099 1426 2128 est
1453 2093 1545 2138 apud
1573 2091 1648 2126 Ho-

938 2147 1064 2180 ratium
1093 2145 1206 2190 Epist.
1234 2144 1265 2178 11
1290 2145 1306 2177 1
1339 2144 1428 2178 251:
1472 2153 1538 2175 nec
1577 2152 1655 2174 ser-

937 2205 1055 2228 mones
1085 2205 1147 2239 eqo
1174 2192 1312 2226 mallem
1333 2196 1491 2236 repentes
1504 2200 1569 2234 per
1582 2188 1650 2221 hn-

937 2253 1028 2276 mum
1061 2253 1163 2285 quam
1196 2252 1253 2273 res
1290 2248 1493 2283 componere
1527 2241 1652 2281 qestas.

940 2289 1048 2323 Paulo
1077 2293 1157 2332 post
1187 2288 1376 2331 repetitum
1404 2286 1554 2325 minime,
1581 2282 1651 2315 mi-

938 2339 1029 2369 nime
1055 2337 1222 2370 affectum
1244 2335 1349 2367 amici
1367 2332 1544 2375 exprimit,
1571 2329 1652 2363 lae-

939 2385 1046 2416 tantis
1075 2382 1169 2427 quod
1204 2386 1403 2426 opportune
1443 2381 1652 2413 intervene-

940 2432 985 2464 rit
1016 2431 1074 2475 qui
1110 2430 1154 2463 de
1190 2429 1256 2463 hac
1290 2429 1502 2474 quaestione
1545 2436 1651 2470 prae-

939 2480 1043 2522 cipue
1068 2478 1245 2511 disserere
1271 2478 1404 2521 possit,
1436 2475 1648 2509 contrariam

939 2527 1146 2570 opinionem
1172 2526 1303 2559 acriter
1329 2524 1493 2570 negantis
1519 2527 1554 2556 et
1574 2526 1652 2555 stu-

938 2575 1038 2609 diose
1069 2574 1297 2608 removentis.

1010 2655 1075 2690 pro
1101 2645 1313 2679 carminibus
1335 2643 1428 2677 suis:
1456 2647 1650 2684 pronomen

939 2692 1071 2727 iudicat
1098 2703 1315 2739 magnopere
1344 2688 1440 2724 cordi
1467 2697 1546 2720 csse
1574 2685 1651 2718 Ma-

939 2745 1039 2774 terno
1066 2743 1220 2774 cariuina
1246 2745 1280 2773 et
1308 2745 1482 2782 tamquam
1518 2737 1653 2780 gratum

940 2791 1202 2833 possessionem
1246 2787 1362 2831 diligi.
1434 2781 1511 2817 Non
1553 2784 1652 2815 recte

942 2838 1158 2879 comparavit
1184 2835 1339 2869 Orellius
1367 2845 1399 2867 c.
1424 2830 1469 2864 27
1499 2830 1650 2862 maiores

942 2889 1028 2917 tuos.

1017 2930 1123 2970 laeta,
1150 2934 1272 2973 utque.-
1301 2927 1395 2962 laeta
1421 2925 1534 2960 oratio
1560 2933 1653 2970 quae

943 2979 1043 3024 viget
1068 2982 1104 3013 et
1128 2976 1252 3020 floret,
1287 2976 1390 3011 laet-is
1418 2974 1518 3023 qnasi
1545 2971 1650 3008 colo-
