1768 3216
775 209 1085 261 ms‘ro‘maiivm
1449 231 1481 256 a.
1507 213 1544 256 a.
1570 211 1655 258 ⁸22.
1687 196 1706 234 J

169 223 241 270 iffi

169 344 330 396 Othone
361 324 533 392 adversa
569 342 733 388 Vitellio
763 335 910 386 fuerat.
972 341 1229 398 sparguntur
1249 352 1325 394 per
1358 335 1658 395 Gallias-litte-

165 431 238 470 rae
247 441 259 478 3
301 426 587 475 i'n‘o'mentoque
615 420 812 474 temporis
845 419 1048 473 flagrabat
1076 418 1227 472 ingens
1258 415 1434 470 bellum,
1477 410 1656 484 Illyricis

167 491 414 543 exercitibus
445 496 578 551 palam
610 494 966 545 desciscentibus,
1009 492 1160 534 ceteris
1203 493 1409 534 fortunam
1438 486 1657 533 secuturis.

295 563 398 613 Dum
430 571 534 613 haec
565 582 639 624 per
669 568 908 623 provincias
940 580 962 608 a
984 567 1243 621 Vespasiano
1265 563 1524 620 ducibusque
1553 564 1651 621 par-
1668 561 1725 600 8⁷

132 646 260 689 stiti'm
290 651 509 702 geruntur,
553 645 740 687 Vitellius
782 643 1056 697 contemptior
1087 644 1128 683 in
1161 643 1251 684 dies
1282 643 1562 697 segniorque,
1603 641 1656 684 ad

164 722 296 764 omnis
328 721 644 774 municipiorum
675 719 948 771 villarumque
980 718 1252 759 amoenitates
1282 715 1502 771 resistens,
1534 713 1657 772 gravi

161 793 304 838 u‘rbe‘m
346 795 511 851 agmine
550 794 727 849 petebat.
789 792 1014 848 Sexaginta
1055 792 1168 834 inilia
1209 796 1461 834 armatorum
1501 793 1658 846 'seque‘-

162 871 333 924 bantur,
366 870 534 911 licentia
568 872 782 922 corrupta;
815 856 1007 910 calonum
1039 876 1236 909 numerus
1268 866 1462 921 amplior,
1500 862 1657 922 procaa

164 942 343 987 cissimis
375 945 497 987 etiam
528 945 635 986 inter
666 955 812 985 servos
855 943 1031 984 lixarum
1072 942 1274 998 ingeniis3
1321 941 1382 983 tot
1422 939 1656 997 legatorum

111 1025 149 1061 1'0
163 1020 472 1073 amicorumque
492 1019 710 1060 comitatus
732 1017 926 1059 inhabilis
948 1017 998 1060 ad
1016 1017 1260 1071 parendum,
1285 1016 1407 1059 etiam
1439 1017 1475 1058 si
1498 1012 1657 1058 sumina

162 1089 365 1136 modestia
395 1095 624 1148 regeretur.
688 1092 926 1134 Onerabant
965 1090 1267 1134 multitudinem
1306 1091 1420 1133 obvii
1463 1089 1516 1133 ex
1554 1086 1658 1132 urbe

162 1163 376 1211 senatores
419 1169 689 1222 equitesque,
734 1167 897 1220 quidam
930 1171 1062 1219 metu,
1103 1156 1218 1208 rutilii
1249 1176 1324 1220 per
1359 1157 1655 1218 adulationem,

164 1242 292 1284 ceteri
323 1248 372 1284 ac
402 1234 596 1296 paulatim
629 1250 794 1294 omnes,
835 1253 887 1283 ne
930 1241 1022 1283 aliis
1063 1234 1426 1294 proficiscentibus
1466 1238 1546 1295 ipsi
1584 1239 1659 1283 re-

161 1318 388 1358 manerent.
450 1308 804 1372 Adgregabantur
845 1329 867 1357 e
897 1315 1041 1370 plebe,
1090 1310 1416 1371 flagitiosamei·
1458 1310 1660 1370 obsequia

104 1403 141 1431 15
161 1390 325 1432 Vitellio
360 1391 540 1445 cogniti,
573 1402 744 1432 scurrae
776 1391 1000 1432 histriones
1033 1392 1228 1446 aurigae,
1271 1391 1418 1445 quibus
1450 1389 1520 1432 ille
1551 1390 1660 1452 agni-

64 1501 81 1523 ,
164 1465 352 1507 citiarum
385 1464 765 1508 dehonestamentis
797 1466 900 1507 mire
931 1465 1152 1521 gaudebat.
1199 1467 1287 1509 Nec
1318 1464 1512 1508 coloniae
1532 1465 1657 1508 modo

20 1546 143 1609 ,κῆν
163 1543 231 1580 aut
257 1522 482 1594 municipia
514 1526 719 1594 congestu
750 1541 985 1594 copiarum,
1027 1540 1102 1582 sed
1135 1540 1214 1595 ipsi
1245 1540 1428 1583 cultores
1459 1539 1657 1607 arvaque,

108 1614 127 1650 ἐ
160 1614 330 1656 maturis
360 1615 439 1655 iam
485 1614 697 1668 frugibus,
738 1619 779 1655 ut
821 1613 972 1656 hostile
1004 1615 1135 1657 solum
1167 1615 1450 1657 vastabantur.
1508 1606 1729 1662 MultaeSS

246 1786 250 1791 ,
296 1750 331 1785 6.
360 1761 430 1784 oms
457 1762 535 1785 cum
562 1751 625 1786 liu.
654 1750 720 1786 Ma.

157 1796 222 1833 Ma.
277 1798 332 1833 16.
358 1800 470 1833 mirae
496 1799 561 1834 Ma.

234 1908 388 1953 Illyricis
416 1912 646 1947 exercitibus:
674 1913 719 1947 cf.
751 1918 871 1947 annot.

160 1957 203 1990 ad
229 1957 270 1990 H.
299 1955 328 1990 11
355 1957 414 1993 85.

232 2004 316 2049 Cap.
347 2005 404 2040 87.
457 2008 534 2041 dnm
574 2009 661 2042 hacc
686 2021 752 2055 per
784 2021 873 2055 pro-

160 2054 296 2087 vincias
321 2075 365 2080 -—
398 2062 591 2100 geruntur.-
635 2069 654 2091 a
689 2057 873 2091 Flavianis

161 2106 196 2134 et
223 2112 266 2135 ex
292 2103 486 2146 provinciis
518 2105 609 2138 redit
642 2111 802 2139 narrator
837 2107 872 2139 in

161 2149 296 2183 ltaliam
323 2155 358 2183 et
384 2151 425 2184 ad
453 2153 646 2197 Vitellium,
674 2164 777 2199 quem
805 2155 874 2188 iter

160 2197 203 2231 ad
225 2197 347 2232 urbem
375 2199 565 2235 facientem
600 2201 786 2236 Bononiae
813 2213 873 2236 re-

159 2245 312 2290 liquerat
338 2258 367 2280 c.
395 2248 452 2282 71.

246 2295 430 2340 sexayinta
483 2297 582 2331 milia
631 2305 872 2333 'manaturum-⁴

158 2344 302 2376 nomine
343 2351 558 2379 armatorum
594 2357 678 2381 usus
720 2352 794 2390 est,
834 2352 873 2380 ut

159 2399 229 2423 una
269 2400 359 2424 voce
399 2394 537 2436 pedites
577 2399 682 2439 atque
719 2397 871 2440 equites,

159 2436 378 2482 legionarios
420 2450 462 2473 ac
515 2442 647 2476 milites
693 2445 870 2477 sociorum

161 2485 349 2529 complecti
377 2493 510 2530 posset.

227 2535 488 2578 procacissimis
524 2558 567 2564 --
596 2539 770 2583 inqeniis:
807 2551 871 2573 ca-

158 2580 254 2615 lones
295 2583 611 2631 (Trossknechte)
660 2593 741 2620 sunt
776 2589 869 2622 servi

158 2628 309 2663 militum
357 2631 400 2664 ad
439 2632 586 2667 ferenda
624 2634 723 2680 ligna
762 2636 871 2681 inque

156 2676 246 2711 alios
272 2688 355 2712 usus
381 2679 553 2715 militares
581 2681 768 2726 destinati,
810 2686 868 2730 qui

158 2735 234 2759 cum
261 2728 458 2762 mutatione
486 2731 677 2764 ementium
717 2731 786 2765 huc
812 2738 869 2766 at-

156 2782 225 2817 que
251 2774 338 2809 illuc
352 2777 478 2812 venire
494 2784 655 2822 possent,
680 2781 716 2813 in
738 2782 869 2824 praeda

156 2825 348 2856 castrorum
386 2824 427 2858 Η.
465 2825 513 2859 1v
539 2827 585 2862 60
621 2834 866 2863 recensentur.

154 2867 266 2904 Liaeae
285 2871 572 2922 (Mai-ketender)
594 2876 693 2911 cibos
722 2882 868 2922 potum-

154 2925 222 2959 que
268 2918 442 2954 militibus
482 2926 661 2967 praesenti
711 2928 867 2970 pecunia

153 2964 328 3009 vendunt3
357 2970 415 3014 qui
444 2974 522 3005 cum
538 2972 670 3007 sordidi
696 2980 864 3020 quaestus

786 1753 839 1786 11.
868 1758 1011 1799 regetur
1036 1751 1110 1787 Ma:
1137 1752 1164 1788 G
1187 1759 1382 1799 reyerelur.

1455 1752 1509 1788 15.
1537 1759 1660 1787 swrr'e

942 1923 1049 1947 causa
1085 1913 1264 1947 exercitus
1291 1916 1516 1947 sectarentur
1542 1915 1657 1959 (conf.

943 1961 1065 2005 1162),
1096 1960 1288 2006 aliquando
1315 1961 1412 2004 ipsos
1434 1970 1559 1995 servos
1575 1964 1659 2006 (ca-

942 2010 1062 2054 lones)
1094 2019 1229 2042 morum
1255 2009 1432 2053 pravitate
1456 2002 1657 2044 antecelle-

941 2058 1045 2100 bant‚
1085 2057 1119 2091 id
1152 2056 1246 2102 quod
1273 2058 1307 2091 in
1336 2057 1404 2092 hac
1430 2057 1532 2092 turba
1558 2059 1657 2094 acci-

941 2107 1037 2140 disse
1065 2105 1186 2139 verbis
1211 2105 1282 2139 huc
1308 2107 1530 2151 transcriptis
1558 2107 1657 2141 indi-

941 2159 1052 2188 catur.
1081 2153 1186 2188 Falso
1210 2164 1253 2187 ex
1280 2154 1349 2188 hoc
1374 2155 1528 2201 aliisque
1544 2154 1655 2190 Taciti

940 2202 1030 2236 locis
1061 2202 1121 2247 (H.
1149 2202 1162 2236 1
1188 2202 1247 2245 49,
1278 2203 1388 2240 11120
1416 2205 1527 2251 et33)
1553 2204 1655 2239 Wal-

940 2251 1061 2285 tlierus
1103 2251 1254 2297 collegit
1302 2252 1447 2286 calones
1490 2251 1655 2298 lixaxque

940 2310 1009 2333 non
1037 2299 1199 2334 diversos
1225 2301 1351 2335 fuisse.

1019 2347 1154 2382 Vitellio
1183 2350 1314 2394 cogniti
1333 2362 1344 2382 .-
1383 2351 1518 2396 c'ogniti
1555 2348 1656 2386 erant

941 2408 984 2430 ex
1021 2396 1187 2431 sodalitio
1229 2397 1367 2432 Vitellii
1403 2404 1439 2432 et
1481 2398 1654 2443 Neronis;

940 2456 981 2479 v.-
1001 2444 1043 2478 11.
1071 2444 1101 2477 11
1130 2447 1184 2480 71.

1016 2492 1100 2536 Gap.
1129 2494 1187 2528 88.
1213 2495 1546 2530 ·sedieionemTiciat
1572 2504 1654 2530 coe-

935 2547 1055 2586 ptam:
1082 2553 1115 2576 v.
1145 2554 1174 2577 c.
1203 2543 1261 2578 68.

1008 2591 1200 2624 vernacula
1222 2592 1409 2626 utebantur
1419 2593 1631 2628 ‘urbanitate
1641 2603 1653 2627 .·

938 2637 1027 2671 haec
1063 2640 1172 2673 verba
1209 2641 1339 2674 ceteris
1378 2642 1592 2686 interposita
1617 2640 1654 2676 et

939 2697 958 2719 a
989 2697 1044 2720 nie
1071 2687 1155 2721 olim
1182 2689 1429 2734 interpolatori
1444 2698 1530 2724 ·non
1557 2690 1652 2724 bene

937 2735 1117 2780 assignata
1157 2737 1329 2772 lectorem
1373 2743 1544 2782 monent,
1590 2739 1651 2783 qui

936 2783 1151 2828 spoliavere,
1178 2784 1244 2819 hos
1269 2796 1341 2820 non
1367 2787 1499 2820 furtum
1516 2786 1650 2830 facere,

936 2831 999 2864 sed
1025 2831 1177 2867 licenter
1210 2839 1246 2868 et
1271 2834 1405 2869 urbane
1446 2835 1558 2869 iocari
1582 2844 1652 2869 vo-

937 2878 1059 2915 luisse.
1129 2882 1330 2916 Vernacula
1369 2884 1557 2917 urbanitas
1597 2887 1652 2918 est

936 2928 1037 2962 iocus
1065 2930 1179 2975 qualis
1206 2931 1242 2964 in
1269 2931 1357 2965 urbe
1396 2943 1415 2965 a
1442 2933 1562 2966 vernis
1587 2938 1651 2966 so-

936 2975 986 3010 let
1011 2979 1175 3022 proferri.
1229 2980 1288 3015 Sic
1315 2979 1356 3014 0.
1385 2980 1432 3016 28
1456 2979 1655 3015 „emunata
