1768 3216
165 222 238 259 ¹1oe

755 216 1063 254 HISTORIARVM

1448 227 1480 252 a.
1508 225 1544 253 u.
1569 214 1654 255 823.

166 340 348 396 privatus
379 342 503 390 esset,
535 335 659 378 amici
687 329 955 378 vocabamur.
1003 329 1094 378 Hoc
1124 334 1260 378 Primo
1291 334 1476 378 Antonio
1497 338 1655 388 notum,

167 416 282 456 cuius
314 412 495 467 epistulis
526 412 576 453 ad
608 411 760 453 bellum
795 415 912 454 actus
941 422 1048 465 sum,
1080 424 1133 454 ne
1165 410 1439 454 Germanicae
1466 409 1657 466 legiones

166 493 205 532 et
249 488 403 530 Gallica
451 487 641 530 iuventus
680 485 808 543 Alpes
852 486 1212 531 transcenderent.

297 651 330 686 2.
368 653 403 683 et
440 649 547 693 paulo
586 652 666 693 post
702 648 787 695 eplis
822 658 901 683 cum
936 647 1072 683 lineola
1106 645 1170 682 Ma.

1289 486 1406 538 Quae
1450 484 1658 528 Antonius

1296 648 1394 682 aetas
1419 642 1494 682 M¹¹2
1526 646 1659 682 accitus

165 698 192 733 G
324 699 358 733 3.
399 697 689 732 transcenderent
734 696 837 732 GMaae
875 697 1140 732 transcenderet
1184 697 1294 732 tacite
1332 700 1372 736 ,et
1413 695 1659 742 imprudenter

163 746 366 786 Rhenanus,

164 919 243 953 nius
279 917 393 963 Epist.
432 917 477 952 lv
514 919 577 961 14,
624 917 726 953 cuius
764 917 875 953 verba

164 968 376 1012 transcripta
416 967 450 1001 in
485 966 671 1001 Prooemio
723 977 757 1011 p.
795 966 874 1001 xV1

165 1020 286 1050 annot.
316 1018 345 1050 1.
422 1017 518 1049 cuius
547 1015 701 1061 epistulis
729 1015 777 1050 ad
800 1015 875 1050 bel-

170 1064 239 1099 lum
264 1070 385 1099 actus:
416 1065 455 1099 tl.
486 1063 533 1099 1v
564 1065 607 1101 13
633 1069 669 1100 et
694 1065 752 1102 32.

237 1149 323 1182 quae
350 1138 522 1172 Antonius
557 1136 737 1183 epistulis,
780 1137 875 1171 Hor-

167 1185 310 1221 deonius
340 1197 509 1233 praesens
540 1185 732 1220 monebat:
769 1185 803 1219 h.
841 1196 874 1219 e.

166 1235 332 1269 monebat
373 1235 512 1269 videret
547 1234 674 1269 Civilis
712 1245 757 1268 ne
786 1234 877 1269 Ger-

165 1285 327 1318 manicae
369 1284 521 1330 leyiones
565 1289 597 1317 et
633 1283 773 1318 Gallica
818 1284 877 1316 iu-

166 1339 286 1368 ventus
314 1332 418 1379 Alpes
451 1332 753 1367 transcenderent.
813 1331 878 1366 Est

166 1383 317 1416 variatio
345 1381 534 1416 verborum
568 1382 637 1415 iam
677 1391 784 1426 supra
815 1380 877 1425 (H.

168 1431 215 1465 lv
247 1432 308 1476 13)
337 1432 554 1475 positorum:
583 1429 702 1463 eadem
718 1429 878 1463 Hordeo-

167 1480 246 1514 nius
283 1478 430 1513 Flaccus
471 1490 641 1525 praesens
683 1484 877 1513 monuerat.

168 1528 199 1562 A
238 1529 381 1563 nomine
421 1539 523 1562 arma
566 1537 660 1561 nova
700 1527 879 1560 sententia

168 1587 240 1610 non
277 1577 355 1611 sine
396 1577 556 1621 emphasi
596 1577 804 1618 inchoatur,
845 1580 881 1609 et

169 1626 349 1660 sententia
392 1625 534 1671 quidem
580 1635 651 1658 non
705 1629 879 1667 truncata,

170 1675 232 1711 sed
271 1674 316 1708 iis
347 1685 438 1720 quae
475 1678 667 1718 supersunt
704 1672 811 1718 plene
845 1678 881 1707 et

171 1723 334 1758 absolute
363 1733 544 1768 expressa.
601 1722 718 1769 Vulgo
750 1721 880 1756 distin-

173 1777 286 1818 guunt
332 1784 419 1817 quae
463 1771 644 1815 vitonebat,
699 1782 801 1805 arma
843 1772 880 1805 in

173 1822 363 1855 Germania
388 1822 490 1856 movi.

257 1893 396 1927 Nicolai
439 1891 556 1925 Colini
594 1891 718 1925 Batavi
766 1890 881 1924 Chro-

173 1942 303 1984 meon,
348 1951 419 1986 quo
461 1939 625 1974 versibus
660 1950 717 1974 res
755 1939 882 1973 Civilis

172 1995 381 2031 narrantur,
445 1988 513 2022 hoc
557 1988 634 2032 ipso
689 1988 770 2021 loco
817 1987 882 2020 de-

177 2039 274 2072 sinit.
338 2037 404 2079 Qui
441 2038 471 2070 si
506 2047 592 2070 vere
628 2037 716 2070 vixit
758 2035 882 2070 seculo

174 2085 408 2131 duodecimo,
453 2090 490 2118 ut
531 2084 642 2118 refert
676 2083 883 2129 Cannegei-

175 2139 228 2168 ter
279 2137 367 2180 (ego
416 2144 457 2168 ea
503 2133 546 2167 de
593 2143 632 2167 re
684 2133 884 2166 vehemen-

174 2188 228 2218 ter
275 2182 398 2216 dubito
446 2181 505 2217 vel
559 2181 603 2214 ob
657 2180 747 2215 hanc
794 2191 882 2214 cau-

175 2243 270 2274 sam,
308 2230 401 2277 quod
433 2240 541 2275 opera
576 2234 645 2263 tam
677 2230 824 2274 antiqua
850 2230 884 2261 in

175 2281 304 2315 litteris
338 2278 558 2313 Hollandicis
601 2279 661 2311 vix
695 2278 886 2322 reperiun-

176 2332 264 2374 tur),
293 2329 333 2370 is,
363 2328 458 2374 quod
485 2337 607 2372 parum
629 2331 683 2360 est
700 2325 886 2368 credibile,

175 2380 210 2411 in
239 2376 376 2411 ltaliam
405 2375 589 2421 profectus
615 2374 724 2409 Taciti
765 2374 887 2407 Histo-

175 2427 305 2460 riarum
322 2424 432 2458 libros
446 2425 495 2459 ibi
515 2428 564 2469 (v.
583 2423 761 2457 Prooemii
777 2434 807 2456 c.
826 2423 888 2470 29)

175 2474 351 2519 inspexit:
379 2484 458 2507 nam
483 2474 519 2505 in
546 2471 690 2506 Batavis
720 2482 782 2504 eos
798 2482 889 2504 nan-

178 2523 265 2557 cisci
300 2532 372 2554 non
408 2521 537 2565 potuit,
573 2526 611 2552 ut
649 2519 783 2553 clarum
823 2520 890 2552 erit

177 2570 213 2606 le.
242 2570 316 2605 enti
341 2580 433 2615 quae
459 2569 583 2612 scripsi
613 2569 647 2601 in
687 2567 887 2600 Prooemio.

178 2581 327 2654 cffiinus
351 2622 468 2652 autem
495 2617 657 2650 disertim
684 2620 833 2649 testatur
851 2626 889 2648 se

178 2668 271 2702 ultra
298 2671 512 2701 conventum
530 2666 566 2698 in
585 2664 757 2698 Nabaliae
779 2668 890 2707 ponte

179 2716 269 2750 nihil
318 2716 522 2760 repperisse
559 2714 597 2746 in
641 2712 741 2746 libris
784 2723 804 2745 a
852 2722 891 2745 se

181 2764 354 2799 consultis
382 2765 435 2811 (in
459 2773 566 2808 yeme
595 2761 723 2808 delen).
774 2760 893 2794 Verba

180 2819 279 2848 sunt:

228 2895 265 2917 zo
294 2883 352 2917 dat
379 2888 410 2915 te
437 2882 528 2916 male

230 2943 272 2976 op
292 2932 346 2964 die
364 2931 492 2976 bruyye
506 2941 576 2964 van
593 2930 648 2964 die
662 2930 742 2965 Nau
754 2951 773 2958 -
795 2927 891 2963 Wale

231 2985 319 3014 murt
343 2979 528 3026 qectainqet
553 2989 623 3014 van
649 2979 715 3014 den
740 2987 866 3024 pense,-

991 927 1089 951 waer
1114 915 1159 960 hy
1187 914 1283 958 sturf
1302 923 1346 947 en
1368 923 1410 959 op
1437 917 1508 946 wat
1532 920 1646 957 ωορκ

992 964 1073 999 adel
1096 974 1201 1010 greve
1233 961 1367 997 Glande
1392 959 1599 1003 Schevelen,

991 1015 1066 1048 viat
1090 1014 1129 1047 ix
1152 1012 1191 1046 m'
1216 1012 1255 1045 in
1279 1020 1387 1057 geone
1414 1008 1527 1052 delen,

946 1086 981 1120 h.
1010 1096 1042 1119 e.
1071 1095 1109 1119 eo
1136 1089 1288 1129 tempore
1312 1082 1351 1115 in
1368 1086 1473 1128 ponte
1486 1078 1661 1114 Nalmlt'ae

946 1139 1063 1169 actum
1094 1138 1143 1167 est
1178 1132 1219 1166 de
1257 1142 1373 1178 pace,·
1407 1129 1468 1164 ubi
1506 1133 1661 1163 mortuus

945 1184 990 1218 sit
1015 1187 1046 1217 et
1071 1193 1135 1227 quo
1161 1180 1260 1215 modo
1275 1178 1402 1213 nobilis
1421 1188 1534 1213 comes
1551 1174 1663 1211 Glau-

947 1233 1023 1267 dius
1051 1229 1187 1273 civilis,
1215 1229 1256 1263 de
1282 1239 1322 1262 eo
1352 1238 1413 1274 eqo
1441 1227 1555 1273 (ἱππ-.-
1573 1225 1663 1272 ic-s)

946 1280 1037 1315 nihil
1049 1280 1188 1314 invenio
1204 1279 1243 1312 in
1256 1277 1328 1312 iltis
1339 1276 1498 1323 partibus
1509 1273 1662 1320 (libris).

948 1329 1048 1364 Haud
1074 1327 1180 1362 dubie
1208 1326 1370 1362 chronici
1391 1324 1583 1369 antiquitas
1603 1321 1662 1356 ul-

949 1384 1002 1412 tra
1028 1387 1152 1411 verum
1179 1380 1285 1410 aucta
1308 1379 1383 1417 est,
1411 1373 1518 1418 idque
1545 1373 1664 1417 potius

949 1428 993 1462 ad
1020 1425 1182 1460 seculum
1212 1424 1275 1459 XV
1302 1423 1361 1457 vel
1383 1421 1464 1456 XVI
1491 1421 1658 1455 referen-

950 1476 1031 1510 dum
1062 1475 1153 1517 erit‚·
1196 1484 1237 1507 ac
1273 1483 1359 1507 sane
1398 1469 1564 1504 colinum
1601 1478 1665 1502 sua

950 1524 1112 1558 hausisse
1137 1523 1256 1567 potius
1298 1532 1342 1555 ex
1383 1518 1494 1553 Taciti
1538 1527 1663 1553 exem-

950 1573 1039 1618 plari
1067 1572 1161 1616 typis
1190 1570 1285 1605 edito
1298 1579 1402 1615 quam
1420 1566 1510 1602 libro
1531 1567 1664 1611 scripto

952 1627 987 1656 et
1014 1621 1049 1654 in
1078 1619 1181 1654 Italia
1205 1619 1300 1653 lecto
1325 1617 1472 1662 propius
1498 1615 1541 1649 ad
1562 1614 1666 1649 fidem

951 1669 1103 1705 accedit.
1153 1668 1339 1702 Diversam
1364 1671 1482 1700 tamen
1521 1663 1666 1698 Canne-

952 1719 1080 1765 geiteri
1111 1717 1135 1751 l.
1166 1728 1196 1751 e.
1222 1715 1436 1751 sententiam
1450 1712 1562 1757 ipsius
1580 1722 1665 1746 ver-

951 1768 1006 1802 bis
1032 1765 1291 1800 transcribam:
1314 1762 1500 1798 ‘Nicotaus
1518 1759 1665 1795 colinus

952 1818 989 1850 in
1003 1815 1182 1849 Chronico
1199 1813 1415 1858 rhythmico,
1430 1809 1526 1856 quod
1541 1808 1664 1843 seculo

952 1859 1163 1898 duodecimo
1174 1863 1344 1906 scriptum
1356 1859 1450 1895 haud
1464 1860 1516 1893 ita
1529 1857 1669 1902 pridem

953 1913 1065 1947 edidit
1076 1911 1276 1946 Gerhardus
1294 1909 1464 1950 Dumbar,
1483 1905 1670 1952 praeclare

954 1972 1068 2005 nuper
1098 1960 1141 1994 de
1168 1959 1363 1994 Daventria
1382 1957 1495 2002 patria
1509 1965 1573 1989 sua
1591 1964 1669 1988 me-

953 2011 1054 2052 ritus,
1083 2008 1374 2053 Brittenburgum
1404 2006 1510 2039 etiam
1538 2003 1672 2037 Roma-

953 2059 1008 2092 nis
1037 2055 1417 2091 vindicat.'-‘'l'anto
1445 2057 1563 2086 autem
1592 2054 1674 2084 ma-'

955 2108 1009 2140 ior
1048 2105 1135 2139 fides
1183 2104 1266 2138 huic
1312 2102 1447 2136 homini
1493 2098 1670 2141 habenda,

956 2155 1161 2200 quicunque
1188 2152 1251 2186 ille
1280 2152 1367 2193 fuit,
1398 2153 1530 2195 quanto
1576 2148 1692 2181 anti-·

956 2204 1059 2248 quior
1087 2207 1122 2236 et
1153 2200 1222 2234 fide
1252 2199 1531 2246 integritateque
1565 2206 1672 2240 prae-

956 2253 1117 2285 stantior.
1163 2249 1259 2283 Nihil
1304 2249 1397 2282 enim
1445 2257 1484 2280 se
1531 2245 1673 2288 scriptis

959 2301 1172 2345 consignare
1199 2297 1297 2339 dicit,
1327 2297 1394 2329 nisi
1416 2294 1510 2340 quod
1527 2304 1571 2327 ex
1591 2303 1673 2327 cer.-

958 2350 1003 2382 tis
1031 2346 1269 2382 monumentis
1306 2347 1550 2390 cognoverat,
1587 2351 1673 2386 pro-

958 2398 1100 2441 scriptis
1132 2395 1352 2438 reiectisque
1388 2392 1672 2437 prodigiosarum

960 2446 1158 2479 fabularum
1185 2443 1372 2483 monstris,
1413 2439 1541 2486 quibus
1572 2440 1674 2472 cete·
1719 2451 1726 2454 ·

960 2504 1076 2526 rorum
1128 2491 1385 2524 Chronicorum
1437 2488 1674 2522 sarcinatores

960 2542 1107 2575 nimium
1137 2538 1337 2583 indulgent.
1366 2537 1475 2570 lmmo
1503 2545 1546 2568 eo
1583 2540 1674 2567 tem-

961 2600 1046 2634 pore
1074 2589 1175 2630 vixit‚
1206 2597 1274 2632 quo
1302 2587 1336 2619 in
1362 2585 1578 2618 monasterio
1596 2582 1673 2628 Eg-

961 2638 1136 2671 mondano
1166 2635 1353 2669 exstabant
1386 2633 1502 2678 prisca
1536 2631 1673 2665 Bardo-

960 2698 1037 2720 rum
1077 2685 1253 2726 carmina,
1298 2682 1391 2728 quod
1435 2691 1543 2715 unum
1582 2678 1675 2724 apud

964 2735 1180 2775 Germanos,
1219 2737 1257 2766 ut
1301 2731 1425 2765 scribit
1459 2729 1599 2763 Tacitus
1632 2727 1676 2762 de

964 2783 1120 2817 moribus
1150 2780 1403 2815 Germanorum
1431 2789 1462 2813 c.
1490 2776 1523 2811 11
1540 2803 1549 2820 ‚
1587 2775 1676 2810 addo

966 2833 1071 2866 etiam
1100 2829 1193 2875 apud
1218 2829 1337 2864 Gallos
1364 2827 1569 2872 plerosque,
1598 2835 1677 2858 me-

961 2881 1095 2914 moriae
1137 2884 1172 2913 et
1210 2877 1401 2912 Annalium
1447 2883 1561 2921 genus
1597 2873 1677 2908 fuit.

962 2929 1013 2962 lta
1040 2937 1191 2974 namque
1231 2925 1378 2959 Golinus
1406 2924 1441 2956 in
1478 2922 1560 2956 loco
1595 2930 1676 2954 mu-

961 2977 1061 3012 tilato
1090 2986 1123 3022 p.
1152 2976 1241 3018 252,
1267 2974 1319 3009 sic
1344 2977 1464 3008 tamen
1491 2969 1669 3012 mutilato,
