<?xml version="1.0" encoding="UTF-8"?>
<!DOCTYPE html PUBLIC "-//W3C//DTD XHTML 1.0 Transitional//EN"
    "http://www.w3.org/TR/xhtml1/DTD/xhtml1-transitional.dtd">
<html xmlns="http://www.w3.org/1999/xhtml" xml:lang="en" lang="en">
 <head>
  <title>
</title>
<meta http-equiv="Content-Type" content="text/html;charset=utf-8" />
  <meta name='ocr-system' content='tesseract 3.04.00' />
  <meta name='ocr-capabilities' content='ocr_page ocr_carea ocr_par ocr_line ocrx_word'/>
</head>
<body>
  <div class='ocr_page' id='page_1' title='image "./operaadcodicesan03taciuoft/operaadcodicesan03taciuoft_0256.png"; bbox 0 0 1768 3216; ppageno 0'>
   <div class='ocr_carea' id='block_1_1' title="bbox 725 225 1634 274">
    <p class='ocr_par' dir='ltr' id='par_1_1' title="bbox 725 225 1634 274">
     <span class='ocr_line' id='line_1_1' title="bbox 725 225 1634 274; baseline 0.001 -1"><span class='ocrx_word' id='word_1_1' title='bbox 725 225 1034 274; x_wconf 76' lang='lat' dir='ltr'><strong>msrom&#39;Anvu</strong></span> <span class='ocrx_word' id='word_1_2' title='bbox 1428 248 1460 271; x_wconf 77' lang='lat' dir='ltr'><strong>a.</strong></span> <span class='ocrx_word' id='word_1_3' title='bbox 1487 244 1523 272; x_wconf 79' lang='lat' dir='ltr'><strong>u.</strong></span> <span class='ocrx_word' id='word_1_4' title='bbox 1549 236 1634 274; x_wconf 72' lang='lat'><strong>822.</strong></span> 
     </span>
    </p>
   </div>
   <div class='ocr_carea' id='block_1_2' title="bbox 151 250 224 284">
    <p class='ocr_par' dir='ltr' id='par_1_2' title="bbox 151 250 224 284">
     <span class='ocr_line' id='line_1_2' title="bbox 151 250 224 284; baseline 0 0"><span class='ocrx_word' id='word_1_5' title='bbox 151 250 224 284; x_wconf 70' lang='lat'><strong>24⁶</strong></span> 
     </span>
    </p>
   </div>
   <div class='ocr_carea' id='block_1_3' title="bbox 95 351 1713 1522">
    <p class='ocr_par' dir='ltr' id='par_1_3' title="bbox 95 351 1713 1522">
     <span class='ocr_line' id='line_1_3' title="bbox 152 351 1641 420; baseline -0.011 -12"><span class='ocrx_word' id='word_1_6' title='bbox 152 367 353 420; x_wconf 75' lang='lat' dir='ltr'>poterant.</span> <span class='ocrx_word' id='word_1_7' title='bbox 413 358 591 402; x_wconf 84' lang='lat' dir='ltr'>Tandem</span> <span class='ocrx_word' id='word_1_8' title='bbox 625 353 839 408; x_wconf 82' lang='lat' dir='ltr'><strong>flagitante</strong></span> <span class='ocrx_word' id='word_1_9' title='bbox 871 352 1072 404; x_wconf 87' lang='lat' dir='ltr'><strong>exercitu,</strong></span> <span class='ocrx_word' id='word_1_10' title='bbox 1103 351 1173 405; x_wconf 89' lang='lat' dir='ltr'><strong>qui</strong></span> <span class='ocrx_word' id='word_1_11' title='bbox 1202 351 1436 394; x_wconf 77' lang='lat' dir='ltr'><strong>Mevaniam</strong></span> <span class='ocrx_word' id='word_1_12' title='bbox 1467 352 1641 397; x_wconf 73' lang='lat' dir='ltr'><strong>insede-</strong></span> 
     </span>
     <span class='ocr_line' id='line_1_4' title="bbox 152 425 1639 489; baseline -0.007 -10"><span class='ocrx_word' id='word_1_13' title='bbox 152 444 235 489; x_wconf 83' lang='lat' dir='ltr'><strong>rat,</strong></span> <span class='ocrx_word' id='word_1_14' title='bbox 281 446 430 488; x_wconf 84' lang='lat' dir='ltr'><strong>magno</strong></span> <span class='ocrx_word' id='word_1_15' title='bbox 459 434 697 473; x_wconf 89' lang='lat' dir='ltr'><strong>senatorum</strong></span> <span class='ocrx_word' id='word_1_16' title='bbox 739 427 939 482; x_wconf 80' lang='lat' dir='ltr'><strong>agmine,</strong></span> <span class='ocrx_word' id='word_1_17' title='bbox 984 438 1156 480; x_wconf 89' lang='lat' dir='ltr'><strong>quorum</strong></span> <span class='ocrx_word' id='word_1_18' title='bbox 1202 425 1352 467; x_wconf 87' lang='lat' dir='ltr'><strong>multos</strong></span> <span class='ocrx_word' id='word_1_19' title='bbox 1398 426 1639 478; x_wconf 85' lang='lat' dir='ltr'><strong>ambitione,</strong></span> 
     </span>
     <span class='ocr_line' id='line_1_5' title="bbox 150 499 1644 566; baseline -0.008 -14"><span class='ocrx_word' id='word_1_20' title='bbox 150 513 286 566; x_wconf 89' lang='lat' dir='ltr'><strong>plures</strong></span> <span class='ocrx_word' id='word_1_21' title='bbox 317 505 538 549; x_wconf 86' lang='lat' dir='ltr'><strong>formidine</strong></span> <span class='ocrx_word' id='word_1_22' title='bbox 569 502 783 554; x_wconf 82' lang='lat' dir='ltr'><strong>trahebat,</strong></span> <span class='ocrx_word' id='word_1_23' title='bbox 818 501 861 541; x_wconf 90' lang='lat' dir='ltr'><strong>in</strong></span> <span class='ocrx_word' id='word_1_24' title='bbox 893 504 1030 542; x_wconf 83' lang='lat' dir='ltr'><strong>castra</strong></span> <span class='ocrx_word' id='word_1_25' title='bbox 1062 500 1198 551; x_wconf 80' lang='lat' dir='ltr'><strong>venit,</strong></span> <span class='ocrx_word' id='word_1_26' title='bbox 1231 500 1415 541; x_wconf 85' lang='lat' dir='ltr'><strong>incertus</strong></span> <span class='ocrx_word' id='word_1_27' title='bbox 1446 499 1578 541; x_wconf 55' lang='lat' dir='ltr'><strong>animi&gt;</strong></span> <span class='ocrx_word' id='word_1_28' title='bbox 1602 503 1644 541; x_wconf 85' lang='lat' dir='ltr'><strong>et</strong></span> 
     </span>
     <span class='ocr_line' id='line_1_6' title="bbox 150 573 1713 630; baseline -0.006 -6"><span class='ocrx_word' id='word_1_29' title='bbox 150 583 282 624; x_wconf 85' lang='lat' dir='ltr'><strong>infidis</strong></span> <span class='ocrx_word' id='word_1_30' title='bbox 328 578 515 621; x_wconf 90' lang='lat' dir='ltr'><strong>consiliis</strong></span> <span class='ocrx_word' id='word_1_31' title='bbox 561 576 782 630; x_wconf 66' lang='lat' dir='ltr'><strong>obnoxius.</strong></span> <span class='ocrx_word' id='word_1_32' title='bbox 845 575 1112 617; x_wconf 80' lang='lat' dir='ltr'><strong>Contionanti</strong></span> <span class='ocrx_word' id='word_1_33' title='bbox 1162 574 1475 630; x_wconf 85' lang='lat' dir='ltr'><strong>(prodigiosum</strong></span> <span class='ocrx_word' id='word_1_34' title='bbox 1506 573 1713 626; x_wconf 77' lang='lat' dir='ltr'><strong>dictu)56</strong></span> 
     </span>
     <span class='ocr_line' id='line_1_7' title="bbox 117 636 1643 703; baseline -0.005 -6"><span class='ocrx_word' id='word_1_35' title='bbox 117 659 299 698; x_wconf 70' lang='lat' dir='ltr'><strong>stantum</strong></span> <span class='ocrx_word' id='word_1_36' title='bbox 330 654 547 696; x_wconf 82' lang='lat' dir='ltr'><strong>foedarum</strong></span> <span class='ocrx_word' id='word_1_37' title='bbox 577 636 792 692; x_wconf 75' lang='lat' dir='ltr'><strong>volucrum</strong></span> <span class='ocrx_word' id='word_1_38' title='bbox 825 650 1141 703; x_wconf 81' lang='lat' dir='ltr'><strong>supervolitavit</strong></span> <span class='ocrx_word' id='word_1_39' title='bbox 1173 653 1214 691; x_wconf 92' lang='lat' dir='ltr'><strong>ut</strong></span> <span class='ocrx_word' id='word_1_40' title='bbox 1243 649 1353 691; x_wconf 91' lang='lat' dir='ltr'><strong>nube</strong></span> <span class='ocrx_word' id='word_1_41' title='bbox 1399 652 1488 691; x_wconf 83' lang='lat' dir='ltr'><strong>atra</strong></span> <span class='ocrx_word' id='word_1_42' title='bbox 1533 649 1643 691; x_wconf 90' lang='lat' dir='ltr'><strong>diem</strong></span> 
     </span>
     <span class='ocr_line' id='line_1_8' title="bbox 147 723 1643 779; baseline -0.004 -9"><span class='ocrx_word' id='word_1_43' title='bbox 147 728 434 770; x_wconf 84' lang='lat' dir='ltr'><strong>obtenderent.</strong></span> <span class='ocrx_word' id='word_1_44' title='bbox 496 725 693 767; x_wconf 86' lang='lat' dir='ltr'><strong>Accessit</strong></span> <span class='ocrx_word' id='word_1_45' title='bbox 723 724 857 766; x_wconf 90' lang='lat' dir='ltr'><strong>dirum</strong></span> <span class='ocrx_word' id='word_1_46' title='bbox 890 735 1028 776; x_wconf 83' lang='lat' dir='ltr'><strong>omen,</strong></span> <span class='ocrx_word' id='word_1_47' title='bbox 1060 723 1264 779; x_wconf 78' lang='lat' dir='ltr'><strong>profugus</strong></span> <span class='ocrx_word' id='word_1_48' title='bbox 1284 723 1483 766; x_wconf 80' lang='lat' dir='ltr'><strong>altaribus</strong></span> <span class='ocrx_word' id='word_1_49' title='bbox 1501 726 1643 765; x_wconf 84' lang='lat' dir='ltr'><strong>taurus</strong></span> 
     </span>
     <span class='ocr_line' id='line_1_9' title="bbox 146 797 1643 853; baseline -0.003 -10"><span class='ocrx_word' id='word_1_50' title='bbox 146 803 321 844; x_wconf 88' lang='lat' dir='ltr'><strong>disiecto</strong></span> <span class='ocrx_word' id='word_1_51' title='bbox 352 800 547 843; x_wconf 75' lang='lat' dir='ltr'><strong>sacrificii</strong></span> <span class='ocrx_word' id='word_1_52' title='bbox 578 803 789 853; x_wconf 61' lang='lat' dir='ltr'><strong>apparatm</strong></span> <span class='ocrx_word' id='word_1_53' title='bbox 822 798 965 852; x_wconf 81' lang='lat' dir='ltr'><strong>longe,</strong></span> <span class='ocrx_word' id='word_1_54' title='bbox 998 810 1077 839; x_wconf 89' lang='lat' dir='ltr'><strong>nec</strong></span> <span class='ocrx_word' id='word_1_55' title='bbox 1108 798 1179 839; x_wconf 93' lang='lat' dir='ltr'><strong>ubi</strong></span> <span class='ocrx_word' id='word_1_56' title='bbox 1211 798 1328 839; x_wconf 85' lang='lat' dir='ltr'><strong>feriri</strong></span> <span class='ocrx_word' id='word_1_57' title='bbox 1359 797 1518 840; x_wconf 77' lang='lat' dir='ltr'><strong>hostius</strong></span> <span class='ocrx_word' id='word_1_58' title='bbox 1553 809 1643 839; x_wconf 90' lang='lat' dir='ltr'><strong>mos</strong></span> 
     </span>
     <span class='ocr_line' id='line_1_10' title="bbox 148 871 1642 927; baseline -0.003 -10"><span class='ocrx_word' id='word_1_59' title='bbox 148 880 223 927; x_wconf 82' lang='lat' dir='ltr'><strong>est,</strong></span> <span class='ocrx_word' id='word_1_60' title='bbox 257 875 492 916; x_wconf 80' lang='lat' dir='ltr'><strong>confossus.</strong></span> <span class='ocrx_word' id='word_1_61' title='bbox 541 872 623 915; x_wconf 87' lang='lat' dir='ltr'><strong>Sed</strong></span> <span class='ocrx_word' id='word_1_62' title='bbox 657 872 925 926; x_wconf 84' lang='lat' dir='ltr'><strong>praecipuum</strong></span> <span class='ocrx_word' id='word_1_63' title='bbox 957 873 1045 926; x_wconf 89' lang='lat' dir='ltr'><strong>ipse</strong></span> <span class='ocrx_word' id='word_1_64' title='bbox 1080 871 1269 914; x_wconf 83' lang='lat' dir='ltr'><strong>Vitellius</strong></span> <span class='ocrx_word' id='word_1_65' title='bbox 1301 875 1506 913; x_wconf 89' lang='lat' dir='ltr'><strong>ostentum</strong></span> <span class='ocrx_word' id='word_1_66' title='bbox 1539 875 1642 923; x_wconf 82' lang='lat' dir='ltr'><strong>erat,</strong></span> 
     </span>
     <span class='ocr_line' id='line_1_11' title="bbox 146 946 1644 1004; baseline -0.002 -13"><span class='ocrx_word' id='word_1_67' title='bbox 146 951 316 1004; x_wconf 88' lang='lat' dir='ltr'><strong>ignarus</strong></span> <span class='ocrx_word' id='word_1_68' title='bbox 344 949 528 1000; x_wconf 81' lang='lat' dir='ltr'><strong>militiae,</strong></span> <span class='ocrx_word' id='word_1_69' title='bbox 560 946 806 1001; x_wconf 79' lang='lat' dir='ltr'><strong>inprovidus</strong></span> <span class='ocrx_word' id='word_1_70' title='bbox 838 947 1017 998; x_wconf 84' lang='lat' dir='ltr'><strong>consilii,</strong></span> <span class='ocrx_word' id='word_1_71' title='bbox 1051 946 1142 1000; x_wconf 87' lang='lat' dir='ltr'><strong>quis</strong></span> <span class='ocrx_word' id='word_1_72' title='bbox 1173 947 1278 988; x_wconf 90' lang='lat' dir='ltr'><strong>ordo</strong></span> <span class='ocrx_word' id='word_1_73' title='bbox 1311 946 1505 1000; x_wconf 85' lang='lat' dir='ltr'><strong>agminis,</strong></span> <span class='ocrx_word' id='word_1_74' title='bbox 1538 957 1644 1000; x_wconf 79' lang='lat' dir='ltr'><strong>quae</strong></span> 
     </span>
     <span class='ocr_line' id='line_1_12' title="bbox 96 1019 1642 1086; baseline -0.003 -20"><span class='ocrx_word' id='word_1_75' title='bbox 96 1038 132 1065; x_wconf 79' lang='grc' dir='ltr'><strong>ιο</strong></span> <span class='ocrx_word' id='word_1_76' title='bbox 147 1037 244 1066; x_wconf 86' lang='lat' dir='ltr'><strong>cura</strong></span> <span class='ocrx_word' id='word_1_77' title='bbox 273 1021 539 1077; x_wconf 81' lang='lat' dir='ltr'><strong>explorandi,</strong></span> <span class='ocrx_word' id='word_1_78' title='bbox 572 1024 750 1074; x_wconf 83' lang='lat' dir='ltr'><strong>quantus</strong></span> <span class='ocrx_word' id='word_1_79' title='bbox 780 1020 1296 1082; x_wconf 7' lang='lat' dir='ltr'><strong>urguendo-gatrabliendove</strong></span> <span class='ocrx_word' id='word_1_80' title='bbox 1321 1019 1642 1086; x_wconf 47' lang='lat' dir='ltr'><strong>belloffldus‚</strong></span> 
     </span>
     <span class='ocr_line' id='line_1_13' title="bbox 146 1081 1644 1152; baseline -0.003 -13"><span class='ocrx_word' id='word_1_81' title='bbox 146 1098 250 1140; x_wconf 85' lang='lat' dir='ltr'><strong>alios</strong></span> <span class='ocrx_word' id='word_1_82' title='bbox 276 1098 462 1152; x_wconf 86' lang='lat' dir='ltr'><strong>rogitans</strong></span> <span class='ocrx_word' id='word_1_83' title='bbox 483 1128 493 1148; x_wconf 85' lang='lat'><strong>‚</strong></span> <span class='ocrx_word' id='word_1_84' title='bbox 542 1099 582 1136; x_wconf 88' lang='lat' dir='ltr'><strong>et</strong></span> <span class='ocrx_word' id='word_1_85' title='bbox 613 1081 1034 1137; x_wconf 41' lang='lat' dir='ltr'><strong>atl‘oinni&#39;s‘nun&#39;tios</strong></span> <span class='ocrx_word' id='word_1_86' title='bbox 1065 1095 1178 1137; x_wconf 91' lang='lat' dir='ltr'><strong>vultu</strong></span> <span class='ocrx_word' id='word_1_87' title='bbox 1209 1106 1374 1149; x_wconf 88' lang='lat' dir='ltr'><strong>quoque</strong></span> <span class='ocrx_word' id='word_1_88' title='bbox 1405 1098 1445 1136; x_wconf 91' lang='lat' dir='ltr'><strong>et</strong></span> <span class='ocrx_word' id='word_1_89' title='bbox 1475 1084 1644 1137; x_wconf 84' lang='lat' dir='ltr'><strong>incessu</strong></span> 
     </span>
     <span class='ocr_line' id='line_1_14' title="bbox 145 1169 1645 1225; baseline -0.002 -12"><span class='ocrx_word' id='word_1_90' title='bbox 145 1172 356 1225; x_wconf 90' lang='lat' dir='ltr'><strong>trepidus,</strong></span> <span class='ocrx_word' id='word_1_91' title='bbox 409 1171 504 1211; x_wconf 91' lang='lat' dir='ltr'><strong>dein</strong></span> <span class='ocrx_word' id='word_1_92' title='bbox 537 1169 799 1211; x_wconf 87' lang='lat' dir='ltr'><strong>temulentus.</strong></span> <span class='ocrx_word' id='word_1_93' title='bbox 859 1169 1073 1212; x_wconf 90' lang='lat' dir='ltr'><strong>Postremo</strong></span> <span class='ocrx_word' id='word_1_94' title='bbox 1105 1169 1244 1211; x_wconf 84' lang='lat' dir='ltr'><strong>taedio</strong></span> <span class='ocrx_word' id='word_1_95' title='bbox 1287 1172 1551 1220; x_wconf 86' lang='lat' dir='ltr'><strong>castrorum,</strong></span> <span class='ocrx_word' id='word_1_96' title='bbox 1603 1172 1645 1210; x_wconf 87' lang='lat' dir='ltr'><strong>et</strong></span> 
     </span>
     <span class='ocr_line' id='line_1_15' title="bbox 145 1244 1644 1296; baseline -0.001 -9"><span class='ocrx_word' id='word_1_97' title='bbox 145 1246 281 1288; x_wconf 86' lang='lat' dir='ltr'><strong>audita</strong></span> <span class='ocrx_word' id='word_1_98' title='bbox 314 1245 549 1286; x_wconf 84' lang='lat' dir='ltr'><strong>defectione</strong></span> <span class='ocrx_word' id='word_1_99' title='bbox 579 1244 830 1286; x_wconf 86' lang='lat' dir='ltr'><strong>Misenensis</strong></span> <span class='ocrx_word' id='word_1_100' title='bbox 862 1244 1026 1296; x_wconf 86' lang='lat' dir='ltr'><strong>classis,</strong></span> <span class='ocrx_word' id='word_1_101' title='bbox 1058 1244 1228 1286; x_wconf 83' lang='lat' dir='ltr'><strong>Romam</strong></span> <span class='ocrx_word' id='word_1_102' title='bbox 1259 1244 1456 1296; x_wconf 86' lang='lat' dir='ltr'><strong>revertit,</strong></span> <span class='ocrx_word' id='word_1_103' title='bbox 1487 1255 1644 1286; x_wconf 86' lang='lat' dir='ltr'><strong>recen-</strong></span> 
     </span>
     <span class='ocr_line' id='line_1_16' title="bbox 142 1318 1641 1374; baseline -0.001 -13"><span class='ocrx_word' id='word_1_104' title='bbox 142 1320 342 1361; x_wconf 87' lang='lat' dir='ltr'><strong>tissimum</strong></span> <span class='ocrx_word' id='word_1_105' title='bbox 374 1320 566 1374; x_wconf 88' lang='lat' dir='ltr'><strong>quodque</strong></span> <span class='ocrx_word' id='word_1_106' title='bbox 585 1319 734 1361; x_wconf 91' lang='lat' dir='ltr'><strong>vulnus</strong></span> <span class='ocrx_word' id='word_1_107' title='bbox 753 1331 926 1373; x_wconf 82' lang='lat' dir='ltr'><strong>pavens,</strong></span> <span class='ocrx_word' id='word_1_108' title='bbox 945 1319 1094 1360; x_wconf 89' lang='lat' dir='ltr'><strong>summi</strong></span> <span class='ocrx_word' id='word_1_109' title='bbox 1117 1318 1371 1360; x_wconf 86' lang='lat' dir='ltr'><strong>discriminis</strong></span> <span class='ocrx_word' id='word_1_110' title='bbox 1390 1318 1641 1360; x_wconf 85' lang='lat' dir='ltr'><strong>incuriosus.</strong></span> 
     </span>
     <span class='ocr_line' id='line_1_17' title="bbox 95 1393 1644 1450; baseline 0.001 -16"><span class='ocrx_word' id='word_1_111' title='bbox 95 1406 130 1434; x_wconf 70' lang='grc' dir='ltr'><em>η</em></span> <span class='ocrx_word' id='word_1_112' title='bbox 142 1394 244 1437; x_wconf 86' lang='lat' dir='ltr'><strong>Nam</strong></span> <span class='ocrx_word' id='word_1_113' title='bbox 276 1407 367 1436; x_wconf 92' lang='lat' dir='ltr'><strong>cum</strong></span> <span class='ocrx_word' id='word_1_114' title='bbox 399 1394 637 1450; x_wconf 86' lang='lat' dir='ltr'><strong>transgredi</strong></span> <span class='ocrx_word' id='word_1_115' title='bbox 667 1394 932 1448; x_wconf 91' lang='lat' dir='ltr'><strong>Apenninum</strong></span> <span class='ocrx_word' id='word_1_116' title='bbox 964 1394 1130 1448; x_wconf 87' lang='lat' dir='ltr'><strong>integro</strong></span> <span class='ocrx_word' id='word_1_117' title='bbox 1165 1393 1373 1435; x_wconf 87' lang='lat' dir='ltr'><strong>exercitus</strong></span> <span class='ocrx_word' id='word_1_118' title='bbox 1402 1394 1466 1435; x_wconf 90' lang='lat' dir='ltr'><strong>sui</strong></span> <span class='ocrx_word' id='word_1_119' title='bbox 1486 1393 1644 1436; x_wconf 86' lang='lat' dir='ltr'><strong>robore</strong></span> 
     </span>
     <span class='ocr_line' id='line_1_18' title="bbox 145 1467 1641 1522; baseline -0.001 -12"><span class='ocrx_word' id='word_1_120' title='bbox 145 1473 185 1510; x_wconf 91' lang='lat' dir='ltr'><strong>et</strong></span> <span class='ocrx_word' id='word_1_121' title='bbox 215 1469 350 1510; x_wconf 84' lang='lat' dir='ltr'><strong>fessos</strong></span> <span class='ocrx_word' id='word_1_122' title='bbox 384 1469 520 1510; x_wconf 87' lang='lat' dir='ltr'><strong>hieme</strong></span> <span class='ocrx_word' id='word_1_123' title='bbox 551 1473 673 1522; x_wconf 88' lang='lat' dir='ltr'><strong>atque</strong></span> <span class='ocrx_word' id='word_1_124' title='bbox 703 1468 843 1522; x_wconf 90' lang='lat' dir='ltr'><strong>inopia</strong></span> <span class='ocrx_word' id='word_1_125' title='bbox 882 1468 1023 1509; x_wconf 91' lang='lat' dir='ltr'><strong>hostes</strong></span> <span class='ocrx_word' id='word_1_126' title='bbox 1056 1467 1235 1521; x_wconf 83' lang='lat' dir='ltr'><strong>adgredi</strong></span> <span class='ocrx_word' id='word_1_127' title='bbox 1268 1467 1308 1508; x_wconf 91' lang='lat' dir='ltr'><strong>in</strong></span> <span class='ocrx_word' id='word_1_128' title='bbox 1340 1471 1485 1521; x_wconf 87' lang='lat' dir='ltr'><strong>aperto</strong></span> <span class='ocrx_word' id='word_1_129' title='bbox 1518 1467 1641 1520; x_wconf 79' lang='lat' dir='ltr'><strong>soret,</strong></span> 
     </span>
    </p>
   </div>
   <div class='ocr_carea' id='block_1_4' title="bbox 146 1542 1642 1600">
    <p class='ocr_par' dir='ltr' id='par_1_4' title="bbox 146 1542 1642 1600">
     <span class='ocr_line' id='line_1_19' title="bbox 146 1542 1642 1600; baseline 0 -16"><span class='ocrx_word' id='word_1_130' title='bbox 146 1542 240 1584; x_wconf 86' lang='lat' dir='ltr'><strong>dum</strong></span> <span class='ocrx_word' id='word_1_131' title='bbox 273 1542 475 1600; x_wconf 84' lang='lat' dir='ltr'><strong>dispergit</strong></span> <span class='ocrx_word' id='word_1_132' title='bbox 503 1543 642 1595; x_wconf 88' lang='lat' dir='ltr'><strong>vires,</strong></span> <span class='ocrx_word' id='word_1_133' title='bbox 683 1543 932 1584; x_wconf 88' lang='lat' dir='ltr'><strong>acerrimum</strong></span> <span class='ocrx_word' id='word_1_134' title='bbox 964 1542 1133 1584; x_wconf 89' lang='lat' dir='ltr'><strong>militem</strong></span> <span class='ocrx_word' id='word_1_135' title='bbox 1166 1546 1206 1584; x_wconf 92' lang='lat' dir='ltr'><strong>et</strong></span> <span class='ocrx_word' id='word_1_136' title='bbox 1228 1554 1358 1596; x_wconf 90' lang='lat' dir='ltr'><strong>usque</strong></span> <span class='ocrx_word' id='word_1_137' title='bbox 1387 1542 1428 1583; x_wconf 90' lang='lat' dir='ltr'><strong>in</strong></span> <span class='ocrx_word' id='word_1_138' title='bbox 1460 1546 1642 1584; x_wconf 83' lang='lat' dir='ltr'><strong>extrema</strong></span> 
     </span>
    </p>
   </div>
   <div class='ocr_carea' id='block_1_5' title="bbox 0 1616 1642 1744">
    <p class='ocr_par' dir='ltr' id='par_1_5' title="bbox 0 1616 1642 1750">
     <span class='ocr_line' id='line_1_20' title="bbox 145 1616 1642 1671; baseline 0.01 -20.537"><span class='ocrx_word' id='word_1_139' title='bbox 145 1617 394 1658; x_wconf 80' lang='lat' dir='ltr'><strong>obstinatum</strong></span> <span class='ocrx_word' id='word_1_140' title='bbox 439 1617 728 1658; x_wconf 87' lang='lat' dir='ltr'><strong>trucidandum</strong></span> <span class='ocrx_word' id='word_1_141' title='bbox 770 1617 1101 1671; x_wconf 87' lang='lat' dir='ltr'><strong>capiendumque</strong></span> <span class='ocrx_word' id='word_1_142' title='bbox 1143 1616 1338 1669; x_wconf 86' lang='lat' dir='ltr'><strong>tradidit,</strong></span> <span class='ocrx_word' id='word_1_143' title='bbox 1378 1617 1642 1671; x_wconf 75' lang='lat' dir='ltr'><strong>peritissimis</strong></span> 
     </span>
     <span class='ocr_line' id='line_1_21' title="bbox 0 1674 1640 1744; baseline 0.004 -16"><span class='ocrx_word' id='word_1_144' title='bbox 0 1674 112 1704; x_wconf 51' lang='grc'><strong>”””</strong></span> <span class='ocrx_word' id='word_1_145' title='bbox 145 1693 429 1734; x_wconf 88' lang='lat' dir='ltr'><strong>centurionum</strong></span> <span class='ocrx_word' id='word_1_146' title='bbox 460 1692 800 1734; x_wconf 84' lang='lat' dir='ltr'><strong>dissentientibus</strong></span> <span class='ocrx_word' id='word_1_147' title='bbox 832 1696 887 1744; x_wconf 86' lang='lat' dir='ltr'><strong>et,</strong></span> <span class='ocrx_word' id='word_1_148' title='bbox 919 1693 956 1734; x_wconf 92' lang='lat' dir='ltr'><strong>si</strong></span> <span class='ocrx_word' id='word_1_149' title='bbox 974 1691 1306 1743; x_wconf 83' lang='lat' dir='ltr'><strong>consulerentur,</strong></span> <span class='ocrx_word' id='word_1_150' title='bbox 1328 1704 1429 1733; x_wconf 86' lang='lat' dir='ltr'><strong>vera</strong></span> <span class='ocrx_word' id='word_1_151' title='bbox 1453 1691 1640 1734; x_wconf 86' lang='lat' dir='ltr'><strong>dicturis.</strong></span> 
     </span>
    </p>
   </div>
   <div class='ocr_carea' id='block_1_6' title="bbox 142 1831 1640 1974">
    <p class='ocr_par' dir='ltr' id='par_1_6' title="bbox 142 1831 1640 1974">
     <span class='ocr_line' id='line_1_22' title="bbox 237 1831 1640 1880; baseline 0.001 -14"><span class='ocrx_word' id='word_1_152' title='bbox 237 1834 271 1866; x_wconf 74' lang='lat'><strong>5.</strong></span> <span class='ocrx_word' id='word_1_153' title='bbox 298 1833 393 1878; x_wconf 81' lang='lat' dir='ltr'><strong>saed.</strong></span> <span class='ocrx_word' id='word_1_154' title='bbox 423 1831 487 1867; x_wconf 67' lang='lat' dir='ltr'><strong>Ma.</strong></span> <span class='ocrx_word' id='word_1_155' title='bbox 551 1834 583 1867; x_wconf 90' lang='lat'><strong>7.</strong></span> <span class='ocrx_word' id='word_1_156' title='bbox 609 1834 646 1866; x_wconf 80' lang='lat' dir='ltr'><strong>ui</strong></span> <span class='ocrx_word' id='word_1_157' title='bbox 675 1832 754 1867; x_wconf 64' lang='lat' dir='ltr'><strong>Ma:</strong></span> <span class='ocrx_word' id='word_1_158' title='bbox 781 1834 840 1867; x_wconf 75' lang='lat' dir='ltr'><strong>ubi</strong></span> <span class='ocrx_word' id='word_1_159' title='bbox 864 1834 1021 1868; x_wconf 84' lang='lat' dir='ltr'><strong>correxit</strong></span> <span class='ocrx_word' id='word_1_160' title='bbox 1048 1834 1201 1878; x_wconf 88' lang='lat' dir='ltr'><strong>Lipsius.</strong></span> <span class='ocrx_word' id='word_1_161' title='bbox 1252 1833 1286 1868; x_wconf 90' lang='lat'><strong>9.</strong></span> <span class='ocrx_word' id='word_1_162' title='bbox 1314 1834 1407 1879; x_wconf 82' lang='lat' dir='ltr'><strong>inpr.</strong></span> <span class='ocrx_word' id='word_1_163' title='bbox 1436 1832 1512 1868; x_wconf 65' lang='lat' dir='ltr'><strong>Ma:</strong></span> <span class='ocrx_word' id='word_1_164' title='bbox 1537 1834 1640 1880; x_wconf 75' lang='lat' dir='ltr'><strong>impr.</strong></span> 
     </span>
     <span class='ocr_line' id='line_1_23' title="bbox 144 1878 1640 1928; baseline 0.003 -15"><span class='ocrx_word' id='word_1_165' title='bbox 144 1880 182 1914; x_wconf 90' lang='lat' dir='ltr'><strong>G.</strong></span> <span class='ocrx_word' id='word_1_166' title='bbox 270 1880 424 1914; x_wconf 80' lang='lat' dir='ltr'><strong>consiliis</strong></span> <span class='ocrx_word' id='word_1_167' title='bbox 451 1878 529 1914; x_wconf 72' lang='lat' dir='ltr'><strong>Ma:</strong></span> <span class='ocrx_word' id='word_1_168' title='bbox 556 1879 584 1914; x_wconf 89' lang='lat' dir='ltr'><strong>G</strong></span> <span class='ocrx_word' id='word_1_169' title='bbox 611 1881 760 1915; x_wconf 77' lang='lat' dir='ltr'><strong>consilii.</strong></span> <span class='ocrx_word' id='word_1_170' title='bbox 868 1883 924 1917; x_wconf 89' lang='lat'><strong>10.</strong></span> <span class='ocrx_word' id='word_1_171' title='bbox 951 1881 1132 1928; x_wconf 73' lang='lat' dir='ltr'><strong>urynendo</strong></span> <span class='ocrx_word' id='word_1_172' title='bbox 1159 1880 1232 1915; x_wconf 72' lang='lat' dir='ltr'><strong>Ma:</strong></span> <span class='ocrx_word' id='word_1_173' title='bbox 1262 1882 1418 1927; x_wconf 73' lang='lat' dir='ltr'><strong>urqendo</strong></span> <span class='ocrx_word' id='word_1_174' title='bbox 1447 1881 1486 1916; x_wconf 90' lang='lat' dir='ltr'><strong>G.</strong></span> <span class='ocrx_word' id='word_1_175' title='bbox 1583 1883 1640 1917; x_wconf 80' lang='lat'><strong>11.</strong></span> 
     </span>
     <span class='ocr_line' id='line_1_24' title="bbox 142 1927 1639 1974; baseline 0.002 -13"><span class='ocrx_word' id='word_1_176' title='bbox 142 1927 235 1961; x_wconf 80' lang='lat' dir='ltr'><strong>voltu</strong></span> <span class='ocrx_word' id='word_1_177' title='bbox 262 1927 319 1962; x_wconf 89' lang='lat' dir='ltr'><strong>Or.</strong></span> <span class='ocrx_word' id='word_1_178' title='bbox 441 1929 494 1963; x_wconf 79' lang='lat'><strong>13.</strong></span> <span class='ocrx_word' id='word_1_179' title='bbox 529 1930 811 1971; x_wconf 80' lang='lat' dir='ltr'><strong>recentississimj</strong></span> <span class='ocrx_word' id='word_1_180' title='bbox 837 1929 986 1964; x_wconf 89' lang='lat' dir='ltr'><strong>ultimae</strong></span> <span class='ocrx_word' id='word_1_181' title='bbox 1015 1930 1097 1974; x_wconf 84' lang='lat' dir='ltr'><strong>syll.</strong></span> <span class='ocrx_word' id='word_1_182' title='bbox 1123 1940 1302 1974; x_wconf 87' lang='lat' dir='ltr'><strong>superscr.</strong></span> <span class='ocrx_word' id='word_1_183' title='bbox 1329 1942 1348 1963; x_wconf 85' lang='lat' dir='ltr'><strong><em>v</em></strong></span> <span class='ocrx_word' id='word_1_184' title='bbox 1376 1941 1455 1964; x_wconf 92' lang='lat' dir='ltr'><strong>cum</strong></span> <span class='ocrx_word' id='word_1_185' title='bbox 1482 1930 1546 1964; x_wconf 90' lang='lat' dir='ltr'><strong>lin.</strong></span> <span class='ocrx_word' id='word_1_186' title='bbox 1575 1929 1639 1964; x_wconf 62' lang='lat' dir='ltr'><strong>Mn.</strong></span> 
     </span>
    </p>
   </div>
   <div class='ocr_carea' id='block_1_7' title="bbox 146 1975 1639 2024">
    <p class='ocr_par' dir='ltr' id='par_1_7' title="bbox 146 1975 1639 2024">
     <span class='ocr_line' id='line_1_25' title="bbox 146 1975 1639 2024; baseline 0.003 -15"><span class='ocrx_word' id='word_1_187' title='bbox 146 1976 202 2010; x_wconf 81' lang='lat'><strong>14.</strong></span> <span class='ocrx_word' id='word_1_188' title='bbox 230 1986 360 2020; x_wconf 81' lang='lat' dir='ltr'><strong>quoque</strong></span> <span class='ocrx_word' id='word_1_189' title='bbox 386 1975 457 2010; x_wconf 65' lang='lat' dir='ltr'><strong>Ma:</strong></span> <span class='ocrx_word' id='word_1_190' title='bbox 485 1976 512 2010; x_wconf 89' lang='lat' dir='ltr'>G</span> <span class='ocrx_word' id='word_1_191' title='bbox 539 1977 692 2022; x_wconf 83' lang='lat' dir='ltr'><strong>quodque</strong></span> <span class='ocrx_word' id='word_1_192' title='bbox 720 1983 802 2022; x_wconf 91' lang='lat' dir='ltr'><strong>(per</strong></span> <span class='ocrx_word' id='word_1_193' title='bbox 828 1981 961 2024; x_wconf 85' lang='lat' dir='ltr'><strong>comp.)</strong></span> <span class='ocrx_word' id='word_1_194' title='bbox 1050 1979 1190 2013; x_wconf 80' lang='lat' dir='ltr'><strong>summis</strong></span> <span class='ocrx_word' id='word_1_195' title='bbox 1217 1976 1288 2012; x_wconf 66' lang='lat' dir='ltr'><strong>Ma:</strong></span> <span class='ocrx_word' id='word_1_196' title='bbox 1317 1978 1344 2012; x_wconf 89' lang='lat' dir='ltr'>G</span> <span class='ocrx_word' id='word_1_197' title='bbox 1371 1978 1505 2012; x_wconf 83' lang='lat' dir='ltr'><strong>summi.</strong></span> <span class='ocrx_word' id='word_1_198' title='bbox 1585 1979 1639 2014; x_wconf 85' lang='lat'><strong>15.</strong></span> 
     </span>
    </p>
   </div>
   <div class='ocr_carea' id='block_1_8' title="bbox 143 2022 374 2069">
    <p class='ocr_par' dir='ltr' id='par_1_8' title="bbox 143 2022 374 2069">
     <span class='ocr_line' id='line_1_26' title="bbox 143 2022 374 2069; baseline 0.004 -12"><span class='ocrx_word' id='word_1_199' title='bbox 143 2034 293 2069; x_wconf 79' lang='lat' dir='ltr'><strong>appenn.</strong></span> <span class='ocrx_word' id='word_1_200' title='bbox 323 2022 374 2057; x_wconf 78' lang='lat' dir='ltr'><strong>Ma</strong></span> 
     </span>
    </p>
   </div>
   <div class='ocr_carea' id='block_1_9' title="bbox 140 2154 857 3015">
    <p class='ocr_par' dir='ltr' id='par_1_9' title="bbox 142 2154 855 2490">
     <span class='ocr_line' id='line_1_27' title="bbox 215 2154 854 2199; baseline 0.005 -11"><span class='ocrx_word' id='word_1_201' title='bbox 215 2156 273 2199; x_wconf 80' lang='lat' dir='ltr'><strong>qui</strong></span> <span class='ocrx_word' id='word_1_202' title='bbox 305 2154 507 2189; x_wconf 82' lang='lat' dir='ltr'><strong>Mevaniam</strong></span> <span class='ocrx_word' id='word_1_203' title='bbox 537 2156 737 2191; x_wconf 83' lang='lat' dir='ltr'><strong>insederat.-</strong></span> <span class='ocrx_word' id='word_1_204' title='bbox 777 2157 854 2191; x_wconf 83' lang='lat' dir='ltr'><strong>Me—</strong></span> 
     </span>
     <span class='ocr_line' id='line_1_28' title="bbox 143 2202 855 2247; baseline 0.004 -11"><span class='ocrx_word' id='word_1_205' title='bbox 143 2204 249 2237; x_wconf 81' lang='lat' dir='ltr'><strong>vania</strong></span> <span class='ocrx_word' id='word_1_206' title='bbox 276 2202 440 2237; x_wconf 81' lang='lat' dir='ltr'><strong>Umbriae</strong></span> <span class='ocrx_word' id='word_1_207' title='bbox 468 2205 614 2247; x_wconf 81' lang='lat' dir='ltr'><strong>civitas,</strong></span> <span class='ocrx_word' id='word_1_208' title='bbox 645 2205 688 2238; x_wconf 83' lang='lat' dir='ltr'><strong>ad</strong></span> <span class='ocrx_word' id='word_1_209' title='bbox 716 2205 855 2240; x_wconf 81' lang='lat' dir='ltr'><strong>radices</strong></span> 
     </span>
     <span class='ocr_line' id='line_1_29' title="bbox 142 2251 855 2295; baseline 0.004 -10"><span class='ocrx_word' id='word_1_210' title='bbox 142 2251 322 2295; x_wconf 86' lang='lat' dir='ltr'><strong>Apennini</strong></span> <span class='ocrx_word' id='word_1_211' title='bbox 346 2253 475 2295; x_wconf 84' lang='lat' dir='ltr'><strong>posita,</strong></span> <span class='ocrx_word' id='word_1_212' title='bbox 503 2253 657 2286; x_wconf 89' lang='lat' dir='ltr'><strong>claustra</strong></span> <span class='ocrx_word' id='word_1_213' title='bbox 684 2255 760 2287; x_wconf 89' lang='lat' dir='ltr'><strong>eius</strong></span> <span class='ocrx_word' id='word_1_214' title='bbox 782 2255 855 2288; x_wconf 82' lang='lat' dir='ltr'><strong>lta·-</strong></span> 
     </span>
     <span class='ocr_line' id='line_1_30' title="bbox 143 2300 855 2345; baseline 0.001 -13"><span class='ocrx_word' id='word_1_215' title='bbox 143 2300 213 2333; x_wconf 86' lang='lat' dir='ltr'><strong>liae</strong></span> <span class='ocrx_word' id='word_1_216' title='bbox 243 2300 351 2345; x_wconf 86' lang='lat' dir='ltr'><strong>partis</strong></span> <span class='ocrx_word' id='word_1_217' title='bbox 378 2300 447 2334; x_wconf 86' lang='lat' dir='ltr'><strong>fuit</strong></span> <span class='ocrx_word' id='word_1_218' title='bbox 474 2311 543 2345; x_wconf 89' lang='lat' dir='ltr'><strong>quo</strong></span> <span class='ocrx_word' id='word_1_219' title='bbox 570 2300 732 2335; x_wconf 87' lang='lat' dir='ltr'><strong>Flaviani</strong></span> <span class='ocrx_word' id='word_1_220' title='bbox 761 2313 855 2335; x_wconf 88' lang='lat' dir='ltr'><strong>non-</strong></span> 
     </span>
     <span class='ocr_line' id='line_1_31' title="bbox 142 2347 855 2394; baseline 0.006 -14"><span class='ocrx_word' id='word_1_221' title='bbox 142 2347 223 2380; x_wconf 87' lang='lat' dir='ltr'><strong>dum</strong></span> <span class='ocrx_word' id='word_1_222' title='bbox 243 2353 528 2390; x_wconf 82' lang='lat' dir='ltr'><strong>penetraverant.</strong></span> <span class='ocrx_word' id='word_1_223' title='bbox 555 2348 642 2383; x_wconf 84' lang='lat' dir='ltr'><strong>Nam</strong></span> <span class='ocrx_word' id='word_1_224' title='bbox 659 2349 693 2382; x_wconf 87' lang='lat' dir='ltr'><strong>hi</strong></span> <span class='ocrx_word' id='word_1_225' title='bbox 716 2362 735 2384; x_wconf 89' lang='lat' dir='ltr'><strong>a</strong></span> <span class='ocrx_word' id='word_1_226' title='bbox 756 2356 855 2394; x_wconf 84' lang='lat' dir='ltr'><strong>parte</strong></span> 
     </span>
     <span class='ocr_line' id='line_1_32' title="bbox 142 2396 855 2441; baseline 0.008 -14"><span class='ocrx_word' id='word_1_227' title='bbox 142 2397 247 2428; x_wconf 82' lang='lat' dir='ltr'><strong>maris</strong></span> <span class='ocrx_word' id='word_1_228' title='bbox 272 2396 445 2430; x_wconf 84' lang='lat' dir='ltr'><strong>Adriatici</strong></span> <span class='ocrx_word' id='word_1_229' title='bbox 473 2397 517 2431; x_wconf 89' lang='lat' dir='ltr'><strong>ad</strong></span> <span class='ocrx_word' id='word_1_230' title='bbox 537 2397 765 2441; x_wconf 83' lang='lat' dir='ltr'><strong>Apenninum</strong></span> <span class='ocrx_word' id='word_1_231' title='bbox 791 2410 855 2433; x_wconf 87' lang='lat' dir='ltr'><strong>ac-</strong></span> 
     </span>
     <span class='ocr_line' id='line_1_33' title="bbox 144 2445 511 2490; baseline 0.008 -14"><span class='ocrx_word' id='word_1_232' title='bbox 144 2449 325 2477; x_wconf 83' lang='lat' dir='ltr'><strong>cesserant</strong></span> <span class='ocrx_word' id='word_1_233' title='bbox 353 2448 402 2490; x_wconf 89' lang='lat' dir='ltr'><strong>(c.</strong></span> <span class='ocrx_word' id='word_1_234' title='bbox 432 2445 511 2490; x_wconf 81' lang='lat'><strong>52).</strong></span> 
     </span>
    </p>

    <p class='ocr_par' dir='ltr' id='par_1_10' title="bbox 140 2491 857 2824">
     <span class='ocr_line' id='line_1_34' title="bbox 222 2491 856 2539; baseline 0.009 -16"><span class='ocrx_word' id='word_1_235' title='bbox 222 2491 345 2524; x_wconf 83' lang='lat' dir='ltr'><strong>multos</strong></span> <span class='ocrx_word' id='word_1_236' title='bbox 380 2493 590 2535; x_wconf 79' lang='lat' dir='ltr'><strong>ambitione,</strong></span> <span class='ocrx_word' id='word_1_237' title='bbox 625 2494 745 2538; x_wconf 83' lang='lat' dir='ltr'><strong>plures</strong></span> <span class='ocrx_word' id='word_1_238' title='bbox 777 2497 856 2539; x_wconf 81' lang='lat' dir='ltr'><strong>for-</strong></span> 
     </span>
     <span class='ocr_line' id='line_1_35' title="bbox 140 2536 856 2576; baseline 0.007 -5"><span class='ocrx_word' id='word_1_239' title='bbox 140 2536 270 2572; x_wconf 79' lang='lat' dir='ltr'><strong>midine</strong></span> <span class='ocrx_word' id='word_1_240' title='bbox 299 2539 483 2575; x_wconf 75' lang='lat' dir='ltr'><strong>trahebat.-</strong></span> <span class='ocrx_word' id='word_1_241' title='bbox 521 2540 668 2574; x_wconf 90' lang='lat' dir='ltr'><strong>verbum</strong></span> <span class='ocrx_word' id='word_1_242' title='bbox 696 2542 856 2576; x_wconf 80' lang='lat' dir='ltr'><strong>trahebat</strong></span> 
     </span>
     <span class='ocr_line' id='line_1_36' title="bbox 141 2586 854 2635; baseline 0.007 -16"><span class='ocrx_word' id='word_1_243' title='bbox 141 2586 330 2620; x_wconf 82' lang='lat' dir='ltr'><strong>molestum</strong></span> <span class='ocrx_word' id='word_1_244' title='bbox 346 2587 554 2632; x_wconf 86' lang='lat' dir='ltr'><strong>tardumque</strong></span> <span class='ocrx_word' id='word_1_245' title='bbox 573 2589 710 2623; x_wconf 88' lang='lat' dir='ltr'><strong>Vitellii</strong></span> <span class='ocrx_word' id='word_1_246' title='bbox 727 2601 854 2635; x_wconf 82' lang='lat' dir='ltr'><strong>agmen</strong></span> 
     </span>
     <span class='ocr_line' id='line_1_37' title="bbox 141 2634 854 2673; baseline 0.008 -6"><span class='ocrx_word' id='word_1_247' title='bbox 141 2634 297 2669; x_wconf 84' lang='lat' dir='ltr'><strong>denotat.</strong></span> <span class='ocrx_word' id='word_1_248' title='bbox 341 2636 460 2670; x_wconf 86' lang='lat' dir='ltr'><strong>Multis</strong></span> <span class='ocrx_word' id='word_1_249' title='bbox 489 2637 713 2670; x_wconf 81' lang='lat' dir='ltr'><strong>senatoribus</strong></span> <span class='ocrx_word' id='word_1_250' title='bbox 742 2642 854 2673; x_wconf 88' lang='lat' dir='ltr'><strong>comi-</strong></span> 
     </span>
     <span class='ocr_line' id='line_1_38' title="bbox 141 2684 857 2729; baseline 0.003 -14"><span class='ocrx_word' id='word_1_251' title='bbox 141 2687 250 2716; x_wconf 81' lang='lat' dir='ltr'><strong>tatum</strong></span> <span class='ocrx_word' id='word_1_252' title='bbox 283 2684 336 2718; x_wconf 87' lang='lat' dir='ltr'><strong>sui</strong></span> <span class='ocrx_word' id='word_1_253' title='bbox 363 2689 542 2729; x_wconf 85' lang='lat' dir='ltr'><strong>tamquam</strong></span> <span class='ocrx_word' id='word_1_254' title='bbox 578 2685 750 2719; x_wconf 90' lang='lat' dir='ltr'><strong>honorem</strong></span> <span class='ocrx_word' id='word_1_255' title='bbox 791 2687 857 2722; x_wconf 90' lang='lat' dir='ltr'><strong>de..</strong></span> 
     </span>
     <span class='ocr_line' id='line_1_39' title="bbox 142 2731 855 2780; baseline 0.007 -16"><span class='ocrx_word' id='word_1_256' title='bbox 142 2731 307 2775; x_wconf 83' lang='lat' dir='ltr'><strong>ferebat,</strong></span> <span class='ocrx_word' id='word_1_257' title='bbox 344 2733 435 2767; x_wconf 87' lang='lat' dir='ltr'><strong>alios</strong></span> <span class='ocrx_word' id='word_1_258' title='bbox 473 2743 596 2766; x_wconf 89' lang='lat' dir='ltr'><strong>secum</strong></span> <span class='ocrx_word' id='word_1_259' title='bbox 630 2736 683 2768; x_wconf 88' lang='lat' dir='ltr'><strong>ire</strong></span> <span class='ocrx_word' id='word_1_260' title='bbox 719 2735 855 2780; x_wconf 82' lang='lat' dir='ltr'><strong>voluit,</strong></span> 
     </span>
     <span class='ocr_line' id='line_1_40' title="bbox 141 2781 547 2824; baseline 0.007 -12"><span class='ocrx_word' id='word_1_261' title='bbox 141 2781 223 2823; x_wconf 89' lang='lat' dir='ltr'><strong>quia</strong></span> <span class='ocrx_word' id='word_1_262' title='bbox 249 2782 407 2824; x_wconf 86' lang='lat' dir='ltr'><strong>suspecti</strong></span> <span class='ocrx_word' id='word_1_263' title='bbox 435 2786 547 2816; x_wconf 88' lang='lat' dir='ltr'><strong>erant.</strong></span> 
     </span>
    </p>

    <p class='ocr_par' dir='ltr' id='par_1_11' title="bbox 140 2827 855 3015">
     <span class='ocr_line' id='line_1_41' title="bbox 224 2827 855 2876; baseline 0.011 -16"><span class='ocrx_word' id='word_1_264' title='bbox 224 2827 308 2871; x_wconf 83' lang='lat' dir='ltr'><strong>Cap.</strong></span> <span class='ocrx_word' id='word_1_265' title='bbox 338 2829 395 2863; x_wconf 82' lang='lat'><strong>56.</strong></span> <span class='ocrx_word' id='word_1_266' title='bbox 457 2829 696 2876; x_wconf 64' lang='lat' dir='ltr'><strong>prodigiosum</strong></span> <span class='ocrx_word' id='word_1_267' title='bbox 735 2831 855 2868; x_wconf 73' lang='lat' dir='ltr'><strong>dictu.-</strong></span> 
     </span>
     <span class='ocr_line' id='line_1_42' title="bbox 141 2874 854 2915; baseline 0.008 -8"><span class='ocrx_word' id='word_1_268' title='bbox 141 2874 230 2908; x_wconf 88' lang='lat' dir='ltr'><strong>haec</strong></span> <span class='ocrx_word' id='word_1_269' title='bbox 257 2881 292 2908; x_wconf 89' lang='lat' dir='ltr'><strong>et</strong></span> <span class='ocrx_word' id='word_1_270' title='bbox 319 2876 399 2910; x_wconf 90' lang='lat' dir='ltr'><strong>loco</strong></span> <span class='ocrx_word' id='word_1_271' title='bbox 427 2888 491 2911; x_wconf 90' lang='lat' dir='ltr'><strong>suo</strong></span> <span class='ocrx_word' id='word_1_272' title='bbox 519 2883 553 2911; x_wconf 90' lang='lat' dir='ltr'><strong>et</strong></span> <span class='ocrx_word' id='word_1_273' title='bbox 579 2880 751 2914; x_wconf 87' lang='lat' dir='ltr'><strong>orationis</strong></span> <span class='ocrx_word' id='word_1_274' title='bbox 777 2881 854 2915; x_wconf 81' lang='lat' dir='ltr'><strong>for-</strong></span> 
     </span>
     <span class='ocr_line' id='line_1_43' title="bbox 140 2923 855 2974; baseline 0.013 -19"><span class='ocrx_word' id='word_1_275' title='bbox 140 2931 196 2956; x_wconf 85' lang='lat' dir='ltr'><strong>ma</strong></span> <span class='ocrx_word' id='word_1_276' title='bbox 221 2923 376 2968; x_wconf 85' lang='lat' dir='ltr'><strong>glossam</strong></span> <span class='ocrx_word' id='word_1_277' title='bbox 402 2936 458 2959; x_wconf 87' lang='lat' dir='ltr'><strong>me</strong></span> <span class='ocrx_word' id='word_1_278' title='bbox 486 2926 605 2963; x_wconf 87' lang='lat' dir='ltr'><strong>iudice</strong></span> <span class='ocrx_word' id='word_1_279' title='bbox 629 2929 784 2974; x_wconf 77' lang='lat' dir='ltr'><strong>sapiunt,</strong></span> <span class='ocrx_word' id='word_1_280' title='bbox 810 2929 855 2964; x_wconf 88' lang='lat' dir='ltr'><strong>ad</strong></span> 
     </span>
     <span class='ocr_line' id='line_1_44' title="bbox 141 2970 852 3015; baseline 0.017 -13"><span class='ocrx_word' id='word_1_281' title='bbox 141 2970 251 3004; x_wconf 86' lang='lat' dir='ltr'><strong>verba</strong></span> <span class='ocrx_word' id='word_1_282' title='bbox 275 2977 312 3005; x_wconf 80' lang='lat' dir='ltr'><strong>ut</strong></span> <span class='ocrx_word' id='word_1_283' title='bbox 337 2973 425 3007; x_wconf 77' lang='lat' dir='ltr'><strong>nube</strong></span> <span class='ocrx_word' id='word_1_284' title='bbox 458 2979 539 3008; x_wconf 77' lang='lat' dir='ltr'><strong>atra</strong></span> <span class='ocrx_word' id='word_1_285' title='bbox 571 2974 661 3011; x_wconf 76' lang='lat' dir='ltr'><strong>diem</strong></span> <span class='ocrx_word' id='word_1_286' title='bbox 687 2977 852 3015; x_wconf 75' lang='lat' dir='ltr'><strong>obtende-</strong></span> 
     </span>
    </p>
   </div>
   <div class='ocr_carea' id='block_1_10' title="bbox 922 2160 1642 3028">
    <p class='ocr_par' dir='ltr' id='par_1_12' title="bbox 924 2160 1642 2530">
     <span class='ocr_line' id='line_1_45' title="bbox 925 2160 1641 2208; baseline 0.008 -17"><span class='ocrx_word' id='word_1_287' title='bbox 925 2164 1003 2193; x_wconf 80' lang='lat' dir='ltr'><strong>rent</strong></span> <span class='ocrx_word' id='word_1_288' title='bbox 1029 2169 1136 2203; x_wconf 88' lang='lat' dir='ltr'><strong>supra</strong></span> <span class='ocrx_word' id='word_1_289' title='bbox 1162 2169 1304 2193; x_wconf 88' lang='lat' dir='ltr'><strong>versum</strong></span> <span class='ocrx_word' id='word_1_290' title='bbox 1331 2160 1389 2194; x_wconf 92' lang='lat' dir='ltr'><strong>vel</strong></span> <span class='ocrx_word' id='word_1_291' title='bbox 1417 2161 1453 2195; x_wconf 90' lang='lat' dir='ltr'><strong>in</strong></span> <span class='ocrx_word' id='word_1_292' title='bbox 1480 2163 1641 2208; x_wconf 84' lang='lat' dir='ltr'><strong>margine</strong></span> 
     </span>
     <span class='ocr_line' id='line_1_46' title="bbox 924 2207 1641 2251; baseline 0.006 -11"><span class='ocrx_word' id='word_1_293' title='bbox 924 2209 1117 2251; x_wconf 73' lang='lat' dir='ltr'><strong>scriptam,</strong></span> <span class='ocrx_word' id='word_1_294' title='bbox 1157 2218 1237 2240; x_wconf 89' lang='lat' dir='ltr'><strong>mox</strong></span> <span class='ocrx_word' id='word_1_295' title='bbox 1264 2207 1333 2242; x_wconf 89' lang='lat' dir='ltr'><strong>huc</strong></span> <span class='ocrx_word' id='word_1_296' title='bbox 1363 2219 1433 2243; x_wconf 91' lang='lat' dir='ltr'><strong>non</strong></span> <span class='ocrx_word' id='word_1_297' title='bbox 1462 2209 1554 2244; x_wconf 87' lang='lat' dir='ltr'><strong>bene</strong></span> <span class='ocrx_word' id='word_1_298' title='bbox 1581 2221 1641 2245; x_wconf 88' lang='lat' dir='ltr'><strong>re-</strong></span> 
     </span>
     <span class='ocr_line' id='line_1_47' title="bbox 925 2255 1640 2304; baseline 0.006 -16"><span class='ocrx_word' id='word_1_299' title='bbox 925 2261 1083 2290; x_wconf 83' lang='lat' dir='ltr'><strong>tractam.</strong></span> <span class='ocrx_word' id='word_1_300' title='bbox 1118 2255 1306 2290; x_wconf 84' lang='lat' dir='ltr'><strong>Dixeritne</strong></span> <span class='ocrx_word' id='word_1_301' title='bbox 1333 2258 1424 2291; x_wconf 84' lang='lat' dir='ltr'><strong>alius</strong></span> <span class='ocrx_word' id='word_1_302' title='bbox 1451 2258 1530 2303; x_wconf 87' lang='lat' dir='ltr'><strong>quis</strong></span> <span class='ocrx_word' id='word_1_303' title='bbox 1551 2271 1640 2304; x_wconf 80' lang='lat' dir='ltr'><strong>pro-</strong></span> 
     </span>
     <span class='ocr_line' id='line_1_48' title="bbox 925 2304 1642 2349; baseline 0.008 -13"><span class='ocrx_word' id='word_1_304' title='bbox 925 2304 1094 2349; x_wconf 74' lang='lat' dir='ltr'><strong>diyiosum</strong></span> <span class='ocrx_word' id='word_1_305' title='bbox 1130 2304 1225 2338; x_wconf 82' lang='lat' dir='ltr'><strong>dictu</strong></span> <span class='ocrx_word' id='word_1_306' title='bbox 1269 2316 1332 2349; x_wconf 88' lang='lat' dir='ltr'><strong>pro</strong></span> <span class='ocrx_word' id='word_1_307' title='bbox 1376 2307 1502 2340; x_wconf 82' lang='lat' dir='ltr'><strong>mirum</strong></span> <span class='ocrx_word' id='word_1_308' title='bbox 1547 2307 1642 2342; x_wconf 74' lang='lat' dir='ltr'><strong>dictu</strong></span> 
     </span>
     <span class='ocr_line' id='line_1_49' title="bbox 925 2352 1640 2390; baseline 0.006 -4"><span class='ocrx_word' id='word_1_309' title='bbox 925 2352 984 2386; x_wconf 91' lang='lat' dir='ltr'><strong>vel</strong></span> <span class='ocrx_word' id='word_1_310' title='bbox 1004 2352 1131 2385; x_wconf 72' lang='lat' dir='ltr'><strong>miv-mn</strong></span> <span class='ocrx_word' id='word_1_311' title='bbox 1157 2353 1273 2387; x_wconf 78' lang='lat' dir='ltr'><strong>relatu</strong></span> <span class='ocrx_word' id='word_1_312' title='bbox 1299 2356 1423 2388; x_wconf 89' lang='lat' dir='ltr'><strong>nescio</strong></span> <span class='ocrx_word' id='word_1_313' title='bbox 1446 2366 1454 2388; x_wconf 93' lang='lat'>:</span> <span class='ocrx_word' id='word_1_314' title='bbox 1497 2354 1640 2390; x_wconf 86' lang='lat' dir='ltr'><strong>Tacitus</strong></span> 
     </span>
     <span class='ocr_line' id='line_1_50' title="bbox 925 2400 1641 2448; baseline 0.008 -15"><span class='ocrx_word' id='word_1_315' title='bbox 925 2401 960 2434; x_wconf 92' lang='lat' dir='ltr'><strong>id</strong></span> <span class='ocrx_word' id='word_1_316' title='bbox 985 2400 1071 2434; x_wconf 86' lang='lat' dir='ltr'><strong>alibi</strong></span> <span class='ocrx_word' id='word_1_317' title='bbox 1097 2411 1168 2433; x_wconf 89' lang='lat' dir='ltr'><strong>non</strong></span> <span class='ocrx_word' id='word_1_318' title='bbox 1195 2401 1347 2435; x_wconf 81' lang='lat' dir='ltr'><strong>admisit.</strong></span> <span class='ocrx_word' id='word_1_319' title='bbox 1403 2403 1490 2437; x_wconf 83' lang='lat' dir='ltr'><strong>Rem</strong></span> <span class='ocrx_word' id='word_1_320' title='bbox 1524 2404 1641 2448; x_wconf 81' lang='lat' dir='ltr'><strong>ipsam</strong></span> 
     </span>
     <span class='ocr_line' id='line_1_51' title="bbox 926 2448 1640 2496; baseline 0.006 -13"><span class='ocrx_word' id='word_1_321' title='bbox 926 2448 1077 2492; x_wconf 89' lang='lat' dir='ltr'><strong>amplius</strong></span> <span class='ocrx_word' id='word_1_322' title='bbox 1111 2450 1290 2483; x_wconf 85' lang='lat' dir='ltr'><strong>enarravit</strong></span> <span class='ocrx_word' id='word_1_323' title='bbox 1316 2450 1385 2484; x_wconf 91' lang='lat' dir='ltr'><strong>Dio</strong></span> <span class='ocrx_word' id='word_1_324' title='bbox 1421 2462 1476 2496; x_wconf 79' lang='lat' dir='ltr'><strong>ap.</strong></span> <span class='ocrx_word' id='word_1_325' title='bbox 1505 2451 1640 2496; x_wconf 85' lang='lat' dir='ltr'><strong>Xiphil.</strong></span> 
     </span>
     <span class='ocr_line' id='line_1_52' title="bbox 926 2496 1103 2530; baseline 0 0"><span class='ocrx_word' id='word_1_326' title='bbox 926 2497 1019 2530; x_wconf 89' lang='lat' dir='ltr'><strong>LXV</strong></span> <span class='ocrx_word' id='word_1_327' title='bbox 1049 2496 1103 2530; x_wconf 85' lang='lat'><strong>16.</strong></span> 
     </span>
    </p>

    <p class='ocr_par' dir='ltr' id='par_1_13' title="bbox 925 2544 1641 2831">
     <span class='ocr_line' id='line_1_53' title="bbox 986 2544 1640 2590; baseline 0.009 -13"><span class='ocrx_word' id='word_1_328' title='bbox 986 2544 1047 2578; x_wconf 86' lang='lat' dir='ltr'><strong>sed</strong></span> <span class='ocrx_word' id='word_1_329' title='bbox 1059 2545 1290 2590; x_wconf 76' lang='lat' dir='ltr'><strong>praecipuum</strong></span> <span class='ocrx_word' id='word_1_330' title='bbox 1299 2565 1344 2571; x_wconf 87' lang='lat'><strong>—-</strong></span> <span class='ocrx_word' id='word_1_331' title='bbox 1361 2551 1530 2581; x_wconf 79' lang='lat' dir='ltr'><strong>ostentum</strong></span> <span class='ocrx_word' id='word_1_332' title='bbox 1541 2555 1619 2583; x_wconf 80' lang='lat' dir='ltr'><strong>erat</strong></span> <span class='ocrx_word' id='word_1_333' title='bbox 1629 2561 1640 2582; x_wconf 92' lang='lat'><strong>.·</strong></span> 
     </span>
     <span class='ocr_line' id='line_1_54' title="bbox 927 2593 1641 2638; baseline 0.01 -13"><span class='ocrx_word' id='word_1_334' title='bbox 927 2593 1138 2638; x_wconf 85' lang='lat' dir='ltr'><strong>gravissima</strong></span> <span class='ocrx_word' id='word_1_335' title='bbox 1166 2603 1257 2627; x_wconf 89' lang='lat' dir='ltr'><strong>voce</strong></span> <span class='ocrx_word' id='word_1_336' title='bbox 1285 2598 1320 2627; x_wconf 86' lang='lat' dir='ltr'><strong>et</strong></span> <span class='ocrx_word' id='word_1_337' title='bbox 1346 2603 1416 2627; x_wconf 92' lang='lat' dir='ltr'><strong>non</strong></span> <span class='ocrx_word' id='word_1_338' title='bbox 1443 2596 1522 2630; x_wconf 89' lang='lat' dir='ltr'><strong>sine</strong></span> <span class='ocrx_word' id='word_1_339' title='bbox 1539 2596 1641 2631; x_wconf 86' lang='lat' dir='ltr'><strong>face-</strong></span> 
     </span>
     <span class='ocr_line' id='line_1_55' title="bbox 927 2640 1641 2691; baseline 0.01 -18"><span class='ocrx_word' id='word_1_340' title='bbox 927 2642 986 2674; x_wconf 89' lang='lat' dir='ltr'><strong>tiis</strong></span> <span class='ocrx_word' id='word_1_341' title='bbox 1022 2640 1202 2675; x_wconf 89' lang='lat' dir='ltr'><strong>hominem</strong></span> <span class='ocrx_word' id='word_1_342' title='bbox 1237 2643 1375 2676; x_wconf 87' lang='lat' dir='ltr'><strong>notavit</strong></span> <span class='ocrx_word' id='word_1_343' title='bbox 1411 2645 1471 2688; x_wconf 92' lang='lat' dir='ltr'><strong>qui</strong></span> <span class='ocrx_word' id='word_1_344' title='bbox 1506 2655 1641 2691; x_wconf 83' lang='lat' dir='ltr'><strong>aequos</strong></span> 
     </span>
     <span class='ocr_line' id='line_1_56' title="bbox 928 2689 1640 2736; baseline 0.008 -14"><span class='ocrx_word' id='word_1_345' title='bbox 928 2694 962 2723; x_wconf 90' lang='lat' dir='ltr'><strong>et</strong></span> <span class='ocrx_word' id='word_1_346' title='bbox 990 2689 1131 2734; x_wconf 88' lang='lat' dir='ltr'><strong>iniquos</strong></span> <span class='ocrx_word' id='word_1_347' title='bbox 1159 2691 1258 2724; x_wconf 90' lang='lat' dir='ltr'><strong>iuxta</strong></span> <span class='ocrx_word' id='word_1_348' title='bbox 1284 2691 1501 2736; x_wconf 83' lang='lat' dir='ltr'><strong>offenderet,</strong></span> <span class='ocrx_word' id='word_1_349' title='bbox 1529 2693 1640 2728; x_wconf 88' lang='lat' dir='ltr'><strong>decus</strong></span> 
     </span>
     <span class='ocr_line' id='line_1_57' title="bbox 925 2738 1639 2786; baseline 0.01 -16"><span class='ocrx_word' id='word_1_350' title='bbox 925 2738 1065 2781; x_wconf 88' lang='lat' dir='ltr'><strong>imperii</strong></span> <span class='ocrx_word' id='word_1_351' title='bbox 1115 2742 1150 2771; x_wconf 91' lang='lat' dir='ltr'><strong>et</strong></span> <span class='ocrx_word' id='word_1_352' title='bbox 1202 2738 1413 2784; x_wconf 88' lang='lat' dir='ltr'><strong>dignitatem</strong></span> <span class='ocrx_word' id='word_1_353' title='bbox 1467 2743 1639 2786; x_wconf 87' lang='lat' dir='ltr'><strong>principis</strong></span> 
     </span>
     <span class='ocr_line' id='line_1_58' title="bbox 925 2788 1333 2831; baseline 0.005 -12"><span class='ocrx_word' id='word_1_354' title='bbox 925 2796 1097 2831; x_wconf 83' lang='lat' dir='ltr'><strong>nusquam</strong></span> <span class='ocrx_word' id='word_1_355' title='bbox 1127 2788 1333 2821; x_wconf 87' lang='lat' dir='ltr'><strong>sustineret.</strong></span> 
     </span>
    </p>

    <p class='ocr_par' dir='ltr' id='par_1_14' title="bbox 922 2837 1640 3028">
     <span class='ocr_line' id='line_1_59' title="bbox 995 2837 1640 2884; baseline 0.008 -17"><span class='ocrx_word' id='word_1_356' title='bbox 995 2845 1078 2867; x_wconf 80' lang='lat' dir='ltr'><strong>nam</strong></span> <span class='ocrx_word' id='word_1_357' title='bbox 1118 2847 1194 2868; x_wconf 82' lang='lat' dir='ltr'><strong>cum</strong></span> <span class='ocrx_word' id='word_1_358' title='bbox 1238 2837 1440 2881; x_wconf 65' lang='lat' dir='ltr'><strong>transgredi</strong></span> <span class='ocrx_word' id='word_1_359' title='bbox 1476 2837 1640 2884; x_wconf 79' lang='lat' dir='ltr'><strong>Apenni-</strong></span> 
     </span>
     <span class='ocr_line' id='line_1_60' title="bbox 923 2884 1639 2930; baseline 0.008 -15"><span class='ocrx_word' id='word_1_360' title='bbox 923 2893 1005 2915; x_wconf 80' lang='lat' dir='ltr'><strong>num</strong></span> <span class='ocrx_word' id='word_1_361' title='bbox 1033 2904 1072 2910; x_wconf 85' lang='lat'>—</span> <span class='ocrx_word' id='word_1_362' title='bbox 1106 2884 1143 2916; x_wconf 84' lang='lat' dir='ltr'><strong>in</strong></span> <span class='ocrx_word' id='word_1_363' title='bbox 1170 2889 1292 2930; x_wconf 81' lang='lat' dir='ltr'><strong>aperto</strong></span> <span class='ocrx_word' id='word_1_364' title='bbox 1316 2886 1433 2928; x_wconf 80' lang='lat' dir='ltr'><strong>foret:</strong></span> <span class='ocrx_word' id='word_1_365' title='bbox 1470 2897 1490 2919; x_wconf 91' lang='lat' dir='ltr'><strong>e</strong></span> <span class='ocrx_word' id='word_1_366' title='bbox 1514 2886 1639 2921; x_wconf 83' lang='lat' dir='ltr'><strong>Meva-</strong></span> 
     </span>
     <span class='ocr_line' id='line_1_61' title="bbox 922 2931 1640 2970; baseline 0.006 -6"><span class='ocrx_word' id='word_1_367' title='bbox 922 2931 982 2964; x_wconf 87' lang='lat' dir='ltr'><strong>nia</strong></span> <span class='ocrx_word' id='word_1_368' title='bbox 1011 2932 1040 2965; x_wconf 92' lang='lat' dir='ltr'><strong>si</strong></span> <span class='ocrx_word' id='word_1_369' title='bbox 1067 2936 1183 2967; x_wconf 84' lang='lat' dir='ltr'><strong>castra</strong></span> <span class='ocrx_word' id='word_1_370' title='bbox 1213 2931 1382 2967; x_wconf 88' lang='lat' dir='ltr'><strong>Vitellius</strong></span> <span class='ocrx_word' id='word_1_371' title='bbox 1405 2934 1579 2970; x_wconf 83' lang='lat' dir='ltr'><strong>movisset</strong></span> <span class='ocrx_word' id='word_1_372' title='bbox 1604 2940 1640 2970; x_wconf 87' lang='lat' dir='ltr'><strong>et</strong></span> 
     </span>
     <span class='ocr_line' id='line_1_62' title="bbox 922 2980 1637 3028; baseline 0.006 -15"><span class='ocrx_word' id='word_1_373' title='bbox 922 2980 1094 3016; x_wconf 89' lang='lat' dir='ltr'><strong>montium</strong></span> <span class='ocrx_word' id='word_1_374' title='bbox 1127 2981 1214 3028; x_wconf 79' lang='lat' dir='ltr'><strong>iuga</strong></span> <span class='ocrx_word' id='word_1_375' title='bbox 1247 2984 1491 3027; x_wconf 74' lang='lat' dir='ltr'><strong>transgressus</strong></span> <span class='ocrx_word' id='word_1_376' title='bbox 1528 2988 1637 3027; x_wconf 76' lang='lat' dir='ltr'><strong>osset,</strong></span> 
     </span>
    </p>
   </div>
  </div>
 </body>
</html>
