1768 3216
759 244 845 280 Cu.
873 245 1028 281 23—25.
1584 245 1658 281 me

157 359 278 402 brato
308 361 482 414 sumpsit
510 361 591 403 sibi
624 361 941 404 contradicendi
970 365 1121 416 partes.
1183 361 1314 416 Igitur
1345 373 1543 415 exprome
1574 372 1658 402 no-

157 434 222 476 bis
253 446 337 477 non
367 435 650 478 laudationem
681 436 943 490 antiquorum
983 436 1106 487 (satis
1149 436 1258 477 enim
1298 435 1391 477 illos
1432 436 1541 477 fama
1578 447 1654 476 sua

157 507 335 562 laudat),
369 509 444 552 sed
473 522 620 552 causas
653 522 727 552 cur
757 514 914 552 tantum
945 510 996 552 ab
1027 510 1263 564 eloquentia
1292 521 1436 550 eorum
1456 521 1657 550 recesse—

156 582 307 635 rimus,
351 596 443 625 cum
471 585 716 637 praesertim
756 588 918 626 centum
952 589 993 626 et
1031 584 1182 638 viginti
1221 595 1353 625 annos
1395 584 1445 625 ab
1488 582 1656 624 interitu

157 657 376 699 Ciceronis
405 658 447 698 in
479 658 589 699 hunc
619 658 728 700 diem
758 658 868 700 ellici
898 659 1005 700 ratio
1037 663 1264 712 temporum
1300 658 1531 713 collegerit.
1672 665 1689 694 ⁵

292 731 393 772 Tum
422 731 626 784 Messala,
657 733 816 786 Sequar
846 733 1143 786 praescriptam
1174 745 1196 773 a
1227 737 1292 785 te„
1319 732 1530 783 Materne,
1568 731 1658 772 sor-

158 818 280 848 mam.
325 806 468 860 Neque
501 807 608 849 enim
642 807 713 848 diu
743 807 1113 849 contradicendum
1137 811 1200 849 est
1218 807 1348 861 Apro,
1383 807 1451 860 qui
1469 806 1656 860 primum,

157 885 202 921 ut
231 875 395 935 opinor,
426 882 608 922 nominis
640 881 971 922 controversiam
995 881 1136 933 movit,
1169 886 1374 935 tamquam
1394 893 1537 934 parum
1555 892 1660 934 pro-

155 955 247 1009 prie
275 955 432 1009 antiqui
463 960 713 998 vocarentur
746 967 850 1010 quos
881 956 981 997 satis
1013 960 1178 997 constat
1206 960 1299 998 ante
1332 960 1495 998 centum
1527 967 1658 997 annos

158 1029 303 1071 fuisse.
363 1029 463 1071 Mihi
495 1033 632 1072 autem
663 1029 716 1071 de
757 1029 962 1071 vocabulo
1002 1040 1141 1083 pugna
1178 1041 1263 1070 non
1303 1034 1394 1080 est3
1433 1030 1523 1070 sive
1566 1029 1658 1070 illos
1675 1040 1712 1067 ιο

159 1104 353 1158 antiquos
379 1104 470 1146 sive
493 1104 675 1146 maiores
710 1105 801 1146 sive
833 1116 913 1158 quo
946 1104 1028 1146 alio
1061 1103 1215 1145 mavult
1252 1103 1422 1145 nomine
1464 1103 1654 1157 appellet,

160 1179 383 1221 dummodo
432 1180 475 1220 in
520 1180 718 1221 confesso
752 1178 814 1222 vsit
857 1179 1173 1221 eminentiorem
1222 1178 1386 1220 illorum
1432 1183 1660 1232 temporum

159 1253 438 1308 eloquentiam
470 1254 614 1297 fuisse.
662 1253 722 1294 Ne
751 1252 811 1293 illi
838 1252 1006 1306 quidem
1033 1253 1141 1306 parti
1172 1253 1379 1293 sermonis
1413 1253 1501 1293 eius
1532 1263 1661 1304 repu-

159 1341 259 1384 gno,
287 1329 324 1371 si
355 1340 447 1370 cum
482 1327 674 1370 omnibus
706 1327 856 1369 fatetur
886 1327 1026 1380 plures
1058 1326 1214 1368 formas
1245 1326 1413 1367 dicendi
1444 1326 1566 1367 etiam
1599 1327 1661 1366 is-

161 1403 256 1446 dem
282 1402 461 1456 seculis,
504 1403 654 1445 nedum
690 1401 870 1444 diversis
901 1400 1102 1443 extitisse.
1175 1400 1256 1442 Sed
1302 1400 1510 1453 quomodo
1554 1401 1714 1440 intel-15

89 741 146 781 25

281 1546 316 1579 2.
343 1544 423 1578 illos
448 1545 484 1578 in
507 1553 630 1577 rasura
658 1553 702 1576 ex
726 1543 811 1577 istos
836 1542 871 1576 P.
1003 1543 1038 1577 3.
1066 1547 1199 1576 tantum
1224 1541 1277 1575 1³:
1317 1541 1355 1574 in
1379 1546 1512 1575 tantum
1537 1539 1660 1586 vulgo,

163 1595 368 1629 recessimus
392 1592 430 1626 P.
518 1595 553 1627 4.
581 1597 717 1625 centum
743 1597 775 1625 et
802 1591 876 1625 XX.
904 1590 941 1624 P.
1028 1591 1062 1625 5.
1095 1589 1288 1635 collegerit]
1320 1589 1499 1634 colliyitur
1522 1587 1560 1630 F,
1589 1598 1660 1620 non

165 1642 202 1678 P.
302 1641 336 1677 6.
361 1641 618 1688 praescriptam
651 1651 674 1674 a
700 1646 731 1674 te
760 1639 803 1673 P:
829 1640 1063 1685 perscriptum
1090 1644 1121 1672 et
1147 1637 1184 1674 F.
1267 1638 1301 1673 9.
1330 1643 1465 1671 constat
1495 1636 1546 1669 P:
1574 1647 1662 1669 con·-

165 1697 276 1726 staret
302 1689 342 1725 F.
418 1691 475 1725 10.
502 1690 585 1723 istos
614 1689 649 1722 P.
727 1690 782 1722 11.
812 1699 875 1732 quo
904 1686 974 1720 atio
993 1686 1037 1720 P:
1064 1687 1135 1720 alio
1162 1698 1226 1731 quo
1253 1686 1291 1720 F.
1361 1687 1414 1720 14.
1446 1697 1522 1719 cum
1548 1685 1662 1717 omni-

166 1740 227 1774 bus
256 1738 396 1774 editor:
432 1739 588 1772 cominus
613 1737 681 1782 syl.
710 1748 750 1771 co
777 1746 955 1781 superscr.
1009 1735 1053 1769 ab
1078 1734 1148 1769 alia
1173 1745 1279 1768 manu
1307 1745 1370 1779 quo
1397 1733 1440 1776 P,
1474 1733 1664 1767 comminus

168 1789 266 1834 (sive
294 1788 467 1832 cominus)
490 1785 539 1829 F,
567 1798 631 1831 quo
657 1787 771 1820 minus
795 1790 939 1819 veteres
967 1783 1157 1818 editiones.

169 1913 250 1942 cant
277 1908 470 1942 Maternum
497 1918 568 1941 non
593 1909 628 1941 in
649 1908 736 1942 urbe
751 1913 882 1951 natum,

167 1957 230 1991 sed
256 1966 299 1991 ex
327 1958 511 2001 provincia
542 1956 672 1990 ducere
693 1958 881 2003 originem.

162 2005 307 2039 'Gallum
349 2006 442 2039 enim
484 2005 618 2048 fuisse,
659 2005 808 2050 perinde
842 2016 884 2039 ac

169 2052 370 2089 Secundum
418 2059 452 2088 et
496 2055 655 2099 Aprum,
697 2054 739 2088 ad
779 2055 884 2089 e.10

168 2103 393 2148 agnovimus.

245 2172 331 2218 Cap.
360 2174 419 2208 25.
449 2180 485 2207 ut
503 2175 651 2220 opinor.-
679 2174 772 2207 inest
795 2183 883 2206 con-

170 2227 325 2265 temptus
352 2222 570 2267 significatio
598 2222 768 2256 adversus
796 2222 884 2254 arti-

170 2271 288 2304 licium
326 2269 416 2303 illud
454 2270 496 2304 ab
536 2271 633 2314 Apro
674 2269 883 2310 adhibitum,

170 2318 263 2364 quod
291 2318 391 2362 gravi
418 2319 495 2351 viro
523 2328 592 2351 non
619 2317 706 2350 satis
739 2316 883 2362 dignum

170 2377 250 2400 esse
277 2366 427 2400 Messala
453 2366 651 2410 profitetur.
681 2363 735 2398 Cf.
762 2369 882 2397 annot.

169 2414 211 2449 ad
240 2426 269 2448 c.
302 2414 356 2448 17.

243 2461 412 2508 appellet:
449 2462 713 2495 ‘coniunctivus
743 2471 812 2493 non
841 2471 884 2494 ex

169 2513 240 2546 sive
284 2511 440 2555 pendet,
486 2510 548 2544 sed
595 2514 721 2553 suapte
760 2513 885 2542 natura

171 2559 417 2594 exhortativus
472 2563 548 2602 est,

169 2607 457 2642 Dossnssnmnncs.

605 2562 642 2590 ut
683 2557 882 2603 appellato'.

242 2679 271 2711 si
298 2689 374 2710 cum
402 2677 556 2710 onmibus
577 2678 731 2721 fatetur:
758 2677 792 2708 in
818 2685 884 2708 an·

171 2727 326 2770 tiquiore
356 2724 446 2758 libro
474 2725 684 2758 Germanico
703 2728 763 2757 aut
781 2723 885 2756 huius

172 2774 367 2818 exemplari
396 2772 505 2807 verba
533 2784 608 2806 cum
636 2772 791 2806 omnibus
817 2771 886 2805 hoc

173 2821 384 2866 compendio
445 2831 614 2865 expressa
669 2821 884 2854 coniecerim

170 2871 296 2914 ἰ’-οῐόᾳ,
329 2870 423 2904 unde
448 2870 629 2914 proximus
653 2868 771 2903 scriba
799 2868 886 2902 fecit

172 2920 290 2963 coinq,
318 2918 354 2952 11.
371 2929 403 2953 e.
425 2919 592 2953 cominus.
621 2917 768 2951 Scilicet
790 2916 887 2960 Aper

177 2979 208 3004 c.
240 2966 284 3002 18
309 2972 488 3012 tamquam
526 2977 546 3000 a
580 2977 619 3000 se
657 2965 885 3000 observatum

331 3045 454 3076 Tacitus
476 3044 530 3076 IV·

955 1911 991 1939 et
1006 1909 1230 1950 perspectum
1248 1903 1569 1937 communicaverat
1586 1913 1664 1935 mu-

953 1955 1025 1988 tari
1050 1965 1127 1988 cum
1153 1952 1359 1998 temporibus
1386 1953 1519 1996 formas
1536 1962 1665 1995 quoque

953 2009 984 2037 et
1008 2012 1142 2048 genera
1168 2001 1326 2042 dicendi,
1363 1999 1443 2033 dein
1481 2004 1666 2032 monuerat

951 2062 1024 2084 non
1048 2062 1120 2084 esse
1143 2061 1250 2084 unum
1277 2048 1493 2092 eloquentiae
1522 2047 1663 2089 vultum,

953 2099 1014 2133 sed
1038 2100 1076 2132 in
1101 2097 1172 2132 illis
1197 2109 1327 2142 quoque
1354 2108 1436 2140 quos
1449 2097 1582 2129 vocatis
1597 2107 1665 2129 an-

954 2149 1065 2192 tiquos
1100 2145 1220 2192 plures
1261 2146 1392 2190 species
1441 2143 1662 2189 deprehendi.

953 2195 1018 2229 Cui
1044 2195 1195 2229 Messala
1221 2195 1361 2237 reponit
1388 2194 1500 2236 ipsum
1519 2192 1665 2225 confes-

952 2255 1027 2277 sum
1057 2254 1136 2277 esse
1163 2242 1207 2275 de
1245 2252 1314 2286 quo
1351 2251 1474 2272 (nunes
1508 2249 1663 2272 consen-

951 2293 1050 2325 tiant.
1079 2291 1114 2323 Si
1143 2291 1202 2334 qui
1224 2289 1326 2322 aliani
1346 2286 1554 2320 emendandi
1571 2288 1661 2320 viam

951 2338 1217 2383 ingredientur,
1244 2342 1280 2368 ut
1306 2335 1430 2369 saltem
1458 2335 1557 2368 verbi
1588 2335 1663 2368 for-

952 2397 1041 2420 mam
1067 2388 1200 2430 satetur
1227 2389 1262 2417 et
1296 2385 1327 2416 si
1359 2384 1564 2416 intentatam
1603 2393 1661 2415 re-

953 2434 1134 2478 linquant,
1174 2433 1261 2476 ipsis
1287 2431 1442 2464 suadeo:
1480 2441 1558 2464 nam
1585 2440 1662 2463 ser-

952 2492 1092 2516 monem
1120 2491 1199 2516 esse
1227 2480 1270 2513 de
1301 2489 1343 2513 eo
1361 2479 1453 2524 quod
1472 2479 1568 2522 Aper
1580 2483 1662 2512 ante

952 2531 1052 2572 dixit,
1078 2531 1114 2563 in
1141 2533 1264 2573 aperto
1289 2533 1355 2562 est.
1382 2527 1471 2560 llinc
1490 2537 1560 2559 non
1577 2536 1663 2570 pro-

954 2578 1094 2612 bandae.
1122 2578 1373 2618 coniecturae,
1409 2577 1443 2608 in
1472 2575 1598 2619 quibus
1628 2573 1662 2606 id

952 2627 1157 2673 neglectum
1185 2631 1251 2667 est,
1280 2625 1391 2658 veluti
1420 2624 1539 2656 lluetii
1563 2632 1662 2655 com-

952 2680 1108 2709 mentum
1148 2675 1326 2718 quominus
1364 2674 1557 2716 fateamur,
1604 2673 1663 2702 aut

952 2723 1105 2757 Acidalii
1132 2724 1213 2766 quin
1246 2732 1361 2753 omnes
1396 2721 1567 2762 fatemur,
1603 2721 1663 2750 aut

953 2771 1173 2805 Doederlinii
1189 2770 1368 2813 quominus
1384 2769 1549 2810 fateatur,
1577 2775 1662 2798 sen-

953 2830 994 2853 su
1021 2820 1184 2863 passim,
1219 2826 1309 2861 quae
1340 2815 1464 2859 robigo
1493 2812 1615 2856 procul
1644 2822 1664 2844 a

954 2868 1074 2900 Tacito
1103 2864 1256 2899 arcenda
1284 2867 1356 2905 est,
1394 2867 1454 2896 aut
1478 2860 1663 2894 Eckstenii

954 2917 984 2949 si
1026 2914 1160 2959 quidem
1211 2923 1327 2946 omues
1375 2913 1556 2956 fatemur,
1606 2912 1665 2942 aut

953 2963 1113 2998 Dubneri
1138 2960 1220 3008 quin
1243 2961 1345 2994 immo
1374 2961 1535 3005 fatemur.

1349 3034 1402 3078 14
