1768 3216
1271 54 1282 64 ς

1049 45 1103 114 ιχ
1127 82 1213 122 σε’-λ-
1231 92 1356 126 {db-Qasr.
1364 110 1373 125 v.
1381 117 1393 129 x.

158 220 181 246 a
206 209 247 246 G.
274 210 334 247 69.
682 209 818 246 LIBER
845 210 890 247 11.
942 210 1031 247 Cu.
1062 212 1094 248 1.
1594 216 1664 251 101

156 331 291 381 atrox,
322 328 424 383 ipsis
454 329 711 383 principibus
742 341 988 384 prosperum
1019 335 1090 373 aut
1121 331 1248 374 exitio
1280 331 1369 374 fuit.
1429 332 1542 375 Titus
1576 333 1665 375 Ve-

154 404 374 459 spasianus
406 417 429 446 e
460 403 638 457 Iudaea,
680 404 881 446 incolumi
912 406 1048 448 adhuc
1084 406 1237 460 Galba,
1286 407 1438 450 missus
1479 421 1503 450 a
1544 412 1664 463 patre

155 491 326 522 causam
355 479 631 534 profectionis
665 479 1247 541 officiuanQflrincjpem
1279 486 1322 524 et
1350 487 1553 525 maturam
1583 496 1664 538 pe-

152 553 290 596 tendis
321 554 552 596 honoribus
584 554 794 596 iuventam
826 554 1001 597 ferebat.
1063 556 1146 598 Sed
1178 556 1327 611 vulgus
1358 557 1546 612 fingendi
1566 558 1662 600 avi-

152 629 249 672 dum
281 628 539 684 disperserat
568 630 747 672 accitum
781 630 825 671 in
855 630 1138 685 adoptionem.
1189 631 1363 674 Materia
1393 633 1659 676 sermonibus

149 705 313 747 senium
341 709 383 747 et
412 705 570 747 orbitas
600 706 802 760 principis
834 710 875 747 et
915 707 1234 761 intemperantia
1275 707 1478 761 civitatis,
1521 708 1660 751 donec

147 791 254 821 unus
286 779 480 835 eligatur,
512 780 664 821 multos
697 780 949 822 destinandi.
1010 781 1206 836 Augebat
1236 782 1389 824 samam
1420 783 1549 837 ipsius
1579 783 1659 825 Titi

145 854 361 909 ingenium
406 859 765 909 quantaecumque
810 855 1003 897 fortunae
1049 869 1207 910 capax,
1257 857 1389 899 decor
1430 858 1517 899 oris
1563 871 1658 900 cum

145 927 324 983 quadam
356 929 596 981 maiestate,
643 941 872 983 prosperae
912 928 1161 983 Vespasiani
1202 943 1296 983 res,
1342 944 1551 989 praesaga
1582 946 1657 974 re-

143 1015 323 1058 sponsa,
373 1007 414 1045 et
454 1003 664 1046 inclinatis
716 1004 769 1046 ad
814 1004 1071 1046 credendum
1112 1006 1289 1058 animis,
1330 993 1655 1049 locossffinium

143 1065 268 1120 etia-fii
321 1079 503 1120 fortuita.
565 1078 643 1120 Ubi
685 1078 874 1121 Corinthi
917 1078 1106 1121 Achaiae
1144 1080 1249 1122 urbe
1297 1085 1439 1122 certos
1486 1082 1654 1124 nuntios

141 1154 305 1208 accepit
337 1154 389 1196 de
421 1154 590 1196 interitu
622 1154 799 1207 Galbae,
843 1158 883 1196 et
921 1154 1096 1196 aderant
1126 1155 1195 1209 qui
1227 1168 1342 1197 arma
1372 1155 1528 1198 Vitellii
1558 1157 1655 1199 bel-

139 1228 306 1284 lumque
337 1229 618 1282 adfirmarent,
652 1231 798 1272 anxius
822 1230 978 1283 animo,
1014 1231 1159 1285 paucis
1186 1231 1416 1273 amicorum
1440 1232 1652 1285 adhibitis,

140 1309 290 1348 cuncta
328 1306 537 1359 utrimque
574 1305 811 1359 perlustrat.
873 1306 916 1348 Si
955 1311 1152 1361 pergeret
1196 1306 1239 1347 in
1283 1307 1451 1360 urbem,
1496 1307 1651 1350 nullam

1673 647 1693 678 ὅ

1671 998 1735 1078 ᾧ(

138 1379 268 1422 officii
297 1380 474 1435 gratiam
504 1380 548 1421 in
579 1380 748 1422 alterius
790 1380 994 1423 honorem
1043 1381 1248 1435 suscepti3
1299 1394 1349 1423 ac
1389 1394 1436 1424 se
1481 1381 1648 1425 Vitellio
1665 1405 1704 1435 ¹5

137 1455 228 1497 sive
260 1454 417 1497 Othoni
448 1454 641 1496 obsidem
673 1454 778 1496 fore.
841 1454 913 1497 Sin
956 1455 1142 1507 rediret,
1191 1454 1395 1498 offensam
1426 1457 1536 1498 haud
1569 1457 1651 1499 du-

134 1529 245 1572 biam
276 1530 476 1582 victoris,
524 1530 600 1571 sed
643 1530 805 1571 incerta
849 1529 984 1571 adhuc
1022 1530 1202 1573 victoria
1243 1535 1285 1573 et
1316 1532 1576 1575 concedente
1607 1533 1650 1574 in

134 1609 275 1659 partes
306 1609 424 1659 patre
454 1604 582 1646 filium
613 1608 870 1646 excusatum.
911 1605 984 1647 Sin
1006 1606 1289 1659 Vespasianus
1321 1619 1410 1648 rem
1441 1607 1649 1660 publicam

134 1679 392 1733 susciperet,
446 1678 786 1720 obliviscendum
823 1679 1076 1721 offensarum
1127 1680 1179 1721 de
1220 1680 1331 1722 bello
1380 1681 1646 1736 agitantibus.

255 1800 287 1833 ί.
315 1804 376 1833 aut
402 1800 508 1834 exitio
536 1798 589 1834 G:
615 1800 674 1833 uel
699 1800 805 1833 exitio
833 1805 913 1837 ab.
1007 1802 1042 1835 2,
1071 1803 1104 1846 e]
1135 1811 1158 1834 a
1188 1806 1235 1838 b.
1322 1801 1357 1836 8.
1387 1812 1514 1847 capax,
1541 1802 1649 1836 decor

138 1848 211 1882 oris
235 1848 455 1882 Rhenanus:
491 1859 608 1895 capas:
642 1848 780 1883 decoris
813 1848 963 1892 abBR,
997 1860 1115 1895 capax
1139 1850 1261 1884 decori
1287 1849 1314 1883 G
1341 1855 1377 1884 et
1408 1849 1646 1895 Oxonienses‚

136 1907 254 1942 capa-n
277 1897 426 1931 decorus
450 1897 492 1931 A.
558 1899 614 1932 11.
635 1899 783 1942 fortuna
809 1903 876 1934 ab
904 1908 982 1931 curn
1012 1899 1163 1932 ceteris:
1191 1900 1348 1933 correxit
1374 1898 1527 1933 Grotius.
1590 1899 1646 1935 14.

133 1947 166 1980 si
180 1947 238 1992 (in
263 1956 391 1980 versus
419 1945 509 1993 fine)
536 1947 575 1980 in
597 1958 643 1982 a.
698 1946 754 1982 16.
781 1948 811 1981 si
835 1948 874 1980 in
902 1957 942 1990 pr
970 1946 1009 1990 G,
1038 1957 1118 1981 corr
1141 1949 1208 1981 sin.
1275 1949 1327 1982 17.
1359 1949 1420 1982 sed
1432 1948 1646 1982 Rhenanus:

134 2001 167 2031 et
191 1999 259 2032 ab
290 2006 368 2029 cum
397 1996 539 2029 ceteris.
627 1996 803 2029 incertam
838 2001 919 2032 ab.
1022 1996 1169 2029 uictoris
1208 2002 1289 2033 ab.
1329 1996 1357 2031 G
1390 2008 1411 2031 a
1435 2007 1509 2030 sec.
1540 2007 1648 2031 manu

131 2045 310 2079 incertam
339 2043 456 2078 adhuc
480 2044 680 2078 victoriam.
761 2044 815 2080 18.
842 2049 944 2090 patre
972 2043 1019 2078 G:
1043 2046 1186 2091 patriae
1213 2051 1292 2082 ab.
1348 2046 1403 2081 19.
1433 2046 1647 2092 offensarum

134 2098 203 2131 ab
230 2097 266 2127 et
289 2092 377 2127 alii:
402 2094 625 2138 infamat-um
650 2092 711 2127 BG
737 2098 773 2127 et
800 2092 1039 2127 Oxonienses.

133 2199 362 2242 Domitiano,
394 2210 603 2246 prosperum
631 2199 853 2244 Vespasiano
925 2209 996 2233 non
1017 2225 1027 2242 ‚
1075 2204 1115 2232 ut
1151 2204 1354 2242 nostrata,
1407 2201 1508 2234 einer
1544 2202 1647 2235 stadt

133 2259 176 2283 ac
201 2248 279 2281 Tito
296 2275 306 2291 ,
334 2248 468 2282 functis
497 2248 570 2282 fato
600 2253 635 2282 et
662 2248 806 2282 dilectis
831 2259 852 2282 a

134 2297 289 2338 civibus,
312 2298 474 2342 quamvis
488 2296 603 2330 Titum
623 2296 764 2330 insidiis
777 2296 854 2330 fra-

134 2346 198 2378 tris
235 2345 431 2379 Domitiani
479 2345 718 2389 interceptum
772 2356 853 2379 esse

134 2403 294 2427 rumores
323 2393 482 2436 ferrent3
518 2404 551 2428 v.
583 2393 746 2427 Suetonii
775 2393 853 2428 Do-

135 2442 211 2476 mit.
241 2444 276 2478 2.
316 2441 384 2476 Dio
411 2441 523 2476 LXVI
549 2441 608 2478 26.

208 2513 320 2547 donec
343 2524 435 2547 unus
461 2513 635 2559 eliqatur:
664 2513 710 2548 cf.
730 2518 852 2548 annot.

94 2586 100 2589 -
134 2562 177 2596 ad
207 2561 235 2596 G
281 2563 310 2594 l.
445 2574 626 2609 praesaya
657 2574 851 2608 responsa.-

134 2620 306 2654 responsa
342 2620 421 2644 cum
458 2612 559 2645 varia
592 2612 687 2652 sint,
731 2612 852 2645 addito

132 2669 311 2704 praesaga
337 2664 459 2692 vatum
487 2665 523 2693 et
548 2660 775 2694 oraculorum
791 2671 853 2694 re-

134 2717 265 2751 sponsa
293 2706 523 2751 significavit.

209 2776 373 2811 Corinthi
397 2777 559 2812 Achaiae
583 2780 693 2814 urbe:
732 2781 853 2814 urbem

136 2825 302 2871 intellige
349 2827 588 2873 μητρόπολιν
642 2830 852 2872 provinciae

136 2872 307 2915 Achaiae,
335 2875 394 2908 ubi
422 2875 633 2921 plerumque
659 2877 851 2920 proconsul

137 2926 174 2955 et
210 2926 390 2967 quaestor.
440 2922 638 2958 'l'heodisce
681 2931 853 2960 converte

135 2981 178 3005 zu
216 2971 364 3007 Corinth
405 2971 576 3008 Achaia’s
614 2973 825 3020 Hauptstadt
844 3000 853 3016 ‚

924 2246 1107 2282 Achaia's.
1150 2249 1191 2282 In
1217 2248 1366 2290 Achaia,
1409 2249 1441 2282 h.
1471 2260 1502 2283 e.
1532 2249 1646 2284 Grae-

925 2297 1000 2338 cia,
1036 2297 1141 2330 sitam
1175 2307 1255 2330 esse
1283 2296 1493 2330 Corinthum
1531 2297 1644 2333 Taciti

924 2345 1081 2379 lectores
1109 2345 1323 2379 admonendi
1350 2355 1421 2378 non
1447 2351 1558 2380 erant.
1590 2347 1644 2382 De

923 2394 1055 2427 itinere
1085 2392 1153 2427 Titi
1183 2393 1278 2427 conf.
1310 2393 1484 2438 Iosephus
1505 2395 1546 2429 B.
1566 2394 1642 2430 lud.

923 2441 973 2475 IV
1000 2442 1023 2477 9
1049 2443 1085 2484 §-
1112 2444 1155 2485 2,
1194 2442 1290 2476 unde
1326 2453 1390 2476 sua
1415 2442 1644 2490 Hegesippus

979 2550 1083 2573 arma
1102 2538 1233 2573 Vitellii
1258 2539 1474 2584 bellumque:
1503 2541 1643 2575 Vitellii

924 2598 1055 2622 nomen
1083 2589 1225 2621 nonnisi
1261 2587 1303 2621 ad
1336 2600 1439 2622 arma
1473 2591 1643 2633 pertinet,

925 2636 959 2670 h.
991 2647 1023 2670 e.
1049 2647 1146 2670 arma
1171 2647 1191 2670 a
1208 2636 1355 2670 Vitellio
1384 2642 1478 2671 mota
1506 2638 1549 2670 ad
1576 2639 1643 2670 im-

924 2686 1062 2729 perium
1094 2685 1163 2718 sibi
1201 2685 1417 2729 parandum3
1453 2685 1644 2729 bellumque

924 2733 1018 2767 idem
1034 2734 1132 2768 valet
1152 2744 1194 2767 ac
1208 2733 1333 2767 bellum
1349 2733 1430 2766 inde
1448 2733 1491 2766 ab
1501 2733 1644 2769 Othone

925 2792 1005 2815 cum
1034 2782 1180 2815 Vitellio
1208 2781 1415 2826 gerendum.
1444 2781 1643 2816 'l'heodisce

926 2835 1144 2864 convertas:
1188 2829 1318 2863 welche
1361 2830 1416 2863 die
1451 2829 1643 2876 Erkebunq

925 2878 984 2912 des
1019 2878 1177 2912 Vitellius
1211 2877 1285 2910 und
1313 2878 1416 2910 einen
1445 2878 1554 2923 Krieq
1582 2879 1643 2913 be..

925 2926 1118 2960 theuerten.
1175 2924 1285 2959 Paulo
1324 2931 1403 2970 post
1444 2926 1553 2961 verba
1587 2929 1643 2962 sin

934 2974 1170 3020 Vespasianus
1197 2985 1269 3007 rem
1291 2973 1470 3019 publicam
1485 2976 1644 3023 suscipe-
