1768 3216
154 189 230 229 ,ρο
729 182 775 217 111
783 180 1042 217 sronunvm

155 306 330 341 Trevirum
354 305 391 338 in
417 302 535 336 eadem
559 298 679 333 traxit.
733 296 865 331 Milites
891 297 965 330 eius
1006 295 1194 342 improviso
1223 294 1352 341 impetu
1386 295 1551 331 Voculam
1579 307 1647 343 aq-

147 366 258 411 gnessi
279 364 392 410 primo
418 362 579 401 vincunt,
613 368 693 390 moa:
715 355 906 402 pelluntur.
959 356 1139 390 Romanus
1165 365 1262 389 nova
1285 365 1407 401 puyna
1432 355 1589 402 legiones
1615 361 1647 391 et

156 425 280 459 Vetera
306 421 479 455 obsidione
503 417 676 459 liberavit,
705 415 767 450 sed
789 415 922 450 Vocula
946 416 1081 450 omissis
1102 415 1311 460 fugientium
1331 414 1438 461 tergis
1461 415 1648 451 victoriam

147 482 300 526 corrupit
325 478 512 524 (31—34).
566 476 688 510 Civilis
725 474 851 508 Vetera
877 485 1017 509 rursum
1042 474 1286 516 circumsedit,
1325 474 1430 507 etiam
1456 473 1648 509 Geldubam

140 551 250 587 prope
275 539 377 572 sitam
403 537 512 582 cepit,
562 534 694 569 Vocula
720 534 931 568 Novaesium
964 534 1147 568 concessit.
1204 533 1310 569 Miles
1338 535 1489 579 equestri
1509 534 1648 581 proelio

142 598 236 633 baud
257 596 382 643 procul
409 595 582 630 Novaesio
617 599 800 640 superatus
833 605 856 627 a
893 592 1003 627 Civile
1035 594 1138 627 vertit
1165 595 1241 627 iras
1267 595 1307 628 in
1332 593 1455 638 duces3
1497 594 1648 629 Flaccus

142 657 330 699 occiditur,
380 655 510 690 Vocula
544 666 608 701 per
643 654 806 688 tenebras
840 655 962 688 evasit.
1015 653 1236 688 Adventante
1263 653 1376 688 Civile
1403 653 1558 700 leqiones
1583 656 1646 700 fu-

140 718 265 763 9iendo
290 717 356 750 sibi
381 715 575 758 consulunt,
602 715 684 748 dein
709 719 849 748 secutae
884 714 1050 749 Voculam
1068 714 1332 760 Moqontiacum
1357 715 1535 750 obsidione
1552 715 1645 750 Ger-

139 788 321 811 manorum
347 776 597 810 liberaverunt.
653 774 787 808 Treviri
807 774 927 809 adhuc
948 775 1010 819 fidi
1037 775 1207 809 Romanis
1233 781 1264 809 et
1290 774 1409 810 hostili
1433 775 1472 810 in
1487 775 1638 811 Germa-

144 849 206 872 nos
232 837 348 871 animo
377 837 565 881 (35-373.

273 896 358 941 Cap.
386 896 556 930 38-53:
581 906 638 928 res
667 894 765 928 urbis
791 900 823 928 et
849 901 1048 928 ceterarum
1071 895 1352 941 provinciarum.
1411 896 1645 943 Vespasianus

134 956 260 990 iterum
300 966 344 989 ac
382 956 473 989 Titus
493 955 586 999 filius
613 954 832 989 consulatum
857 955 1016 989 absentes
1051 956 1219 990 inierunt.
1272 955 1333 990 Ea:
1367 955 1498 1001 Africa
1530 962 1563 991 et
1598 956 1640 991 de

135 1015 244 1049 Lucio
285 1014 407 1048 Pisone
450 1013 661 1060 proconsule
703 1014 790 1060 falsi
830 1026 1000 1049 rumores.
1054 1014 1252 1049 Domitiani
1293 1017 1471 1061 praetoris
1514 1026 1641 1050 nomen

134 1074 286 1120 epistolis
312 1074 497 1118 edictisque
521 1074 770 1120 praepositum,
797 1075 849 1109 vis
872 1086 980 1121 penes
995 1074 1213 1108 Mucianum.
1267 1074 1303 1109 Is
1338 1075 1487 1110 Antonii
1510 1081 1639 1122 poten-

133 1135 217 1168 tiam
245 1133 376 1176 abolet,
413 1135 552 1168 tertiam
577 1134 749 1180 leqionem
776 1135 815 1168 in
840 1135 986 1180 Syriam
1018 1135 1186 1178 remittit,
1222 1139 1361 1181 partem
1401 1136 1575 1170 exercitus
1600 1135 1640 1170 in

135 1195 361 1228 Germaniam
386 1194 580 1228 ducendam
608 1195 728 1229 tradit.
766 1196 931 1230 Restituti
947 1196 1102 1231 Caesare
1129 1196 1305 1241 referente
1324 1194 1475 1230 honores
1491 1195 1638 1231 Galbae.

137 1253 240 1288 Celer
265 1255 449 1289 damnatus
475 1260 507 1289 et
532 1255 666 1289 Sorani
690 1255 733 1289 ab
760 1256 834 1301 ipso
864 1256 977 1289 eversi
1003 1255 1164 1290 manibus
1193 1255 1428 1302 satisfactum.
1481 1255 1557 1290 Alii
1577 1255 1641 1290 de-

135 1314 266 1348 latores
304 1315 343 1348 in
380 1321 505 1349 senatu
546 1315 660 1349 verbis
693 1315 867 1358 lacessiti,
906 1315 944 1349 in
981 1314 1035 1350 liis
1068 1315 1223 1361 Requlus
1261 1317 1378 1360 frater
1412 1315 1590 1351 Messalae
1619 1327 1644 1351 a

137 1374 306 1408 Montano
322 1400 331 1417 ‚
376 1374 570 1409 Marcellus
596 1375 639 1409 ab
666 1375 827 1409 Helvidio
860 1376 1050 1421 (38—44).
1102 1375 1235 1410 Habita
1267 1377 1307 1410 in
1334 1381 1460 1410 senatu
1487 1376 1640 1422 coynitio

136 1433 175 1466 ob
203 1433 446 1467 contumeliam
477 1434 615 1468 illatam
647 1436 806 1469 senatori
831 1436 922 1482 (45).
975 1434 1147 1469 Militaris
1180 1435 1304 1469 seditio
1345 1446 1455 1482 prope
1492 1436 1639 1479 exarsit,

133 1503 236 1537 quam
251 1494 420 1539 mitigavit
437 1494 624 1528 Mucianus
631 1506 644 1537 ,·
667 1497 775 1540 funus
797 1495 995 1529 censorium
1013 1494 1133 1529 Flavio
1148 1495 1281 1529 Sabino
1300 1495 1438 1529 ductum
1446 1496 1638 1544 (46-47).

135 1553 213 1586 Piso
239 1553 387 1599 Africae
410 1556 601 1600 proconsul
632 1555 725 1600 falso
769 1555 970 1602 diffamatus
1005 1555 1217 1600 interficitur
1251 1555 1443 1604 (48-50).
1502 1555 1637 1602 Vespa-

131 1614 270 1657 sianus,
304 1615 383 1648 dum
406 1616 569 1661 prosperi
593 1615 745 1660 undique
770 1617 887 1650 nuntii
912 1621 1151 1660 concurrunt,
1190 1616 1376 1651 adversam
1415 1615 1456 1650 de
1482 1615 1638 1651 moribus

132 1672 328 1708 Domitiani
349 1676 484 1719 famam
509 1677 666 1722 aceepit‚·
698 1674 762 1710 Titi
782 1677 899 1722 pietas
931 1676 1154 1722 deprecantis
1177 1687 1243 1722 pro
1273 1676 1490 1711 Domitiano.
1534 1675 1635 1711 Urbis

131 1733 272 1778 inopiae
296 1733 526 1780 Vespasianus
551 1736 654 1770 misso
679 1738 854 1781 frumento
879 1737 1054 1771 succurrit
1076 1737 1266 1782 (51-52).
1315 1736 1413 1771 Cura
1429 1736 1637 1771 restituendi

135 1792 303 1838 Capitolii
326 1794 365 1827 in
388 1794 536 1829 Lucium
570 1796 744 1830 Vestinum
771 1796 903 1831 collata
929 1803 959 1831 et
987 1802 1111 1842 coepta
1137 1797 1230 1844 (53).

271 1853 358 1899 Cap.
387 1855 551 1889 54-86:
588 1855 713 1889 bellum
742 1856 990 1890 Germanicum
1015 1863 1047 1890 et
1075 1856 1251 1891 Gallicum
1276 1857 1396 1890 acrius
1423 1855 1635 1900 exardescit,

132 1910 194 1945 sed
232 1913 350 1957 copiis.
372 1919 404 1946 et
436 1913 578 1947 ducibus
615 1926 658 1947 ex
693 1915 802 1949 Italia
827 1917 939 1950 missis
969 1917 1185 1962 reprimitur.
1238 1915 1371 1950 Audita
1400 1927 1468 1962 per
1495 1915 1633 1951 Gallias

136 1970 410 2016 Germaniasque
433 1984 526 2006 ’nors
559 1973 690 2008 Vitellii
718 1975 842 2010 bellum
867 1976 1084 2022 duplicavit:
1124 1975 1245 2011 Civilis
1279 1976 1372 2010 enim
1404 1977 1444 2010 in
1467 1975 1635 2022 populum

132 2030 330 2064 Romanum
356 2037 476 2077 aperte
502 2044 626 2076 ruere,
675 2034 885 2069 Vitellianae
923 2035 1078 2082 leyiones
1101 2038 1350 2082 imperatorem
1383 2036 1635 2082 Vespasianum

132 2089 227 2124 nolle
235 2101 248 2132 ‚-
281 2091 386 2124 etiam
413 2092 510 2126 Galli
534 2095 670 2128 animos
695 2096 875 2130 sustulere.
928 2097 1119 2142 Interfecto
1148 2097 1349 2131 Hordeonio
1377 2097 1481 2131 duces
1507 2095 1633 2131 Gallo-

132 2161 210 2183 rum
236 2152 530 2197 conspirationem
555 2155 594 2188 in
621 2155 760 2190 civitate
779 2155 941 2190 Ubiorum
967 2158 1080 2191 iniere
1089 2170 1102 2201 ‚·
1128 2162 1309 2192 tentantur
1326 2158 1431 2192 etiam
1447 2158 1632 2192 Romanae

132 2209 286 2254 leqiones
312 2217 344 2245 et
371 2218 508 2247 nutant.
562 2215 672 2249 Caeso
714 2215 845 2250 Vocula
878 2218 1070 2262 vinctisque
1109 2217 1210 2253 Gallo
1245 2224 1279 2252 et
1313 2219 1470 2253 Numisio
1506 2217 1631 2264 legatis

132 2268 305 2314 leqionum
330 2272 425 2317 ipsas
446 2285 513 2318 pro
538 2275 683 2321 imperio
712 2276 910 2311 Galliarum
937 2277 1047 2312 Iulius
1082 2278 1259 2313 Classicus
1294 2279 1411 2325 adeqit
1437 2280 1628 2327 (54—59).

137 2328 238 2362 Tutor
263 2330 538 2377 Agrippinenses
575 2335 696 2369 valida
728 2348 836 2371 manu
861 2338 1118 2381 circumdatos,
1156 2345 1388 2384 quantumque
1420 2339 1567 2374 militum
1590 2340 1630 2374 in

129 2389 310 2433 superiore
332 2393 519 2436 provincia
543 2395 582 2441 in
610 2396 700 2430 idem
724 2404 983 2432 sacramentum
1006 2399 1162 2445 impellit.
1215 2400 1391 2434 Classicus
1428 2399 1555 2434 Vetera
1582 2399 1630 2434 ad

131 2447 340 2483 deditionem
376 2452 513 2487 invitat.
564 2455 700 2490 Obsessi
738 2458 850 2492 missis
888 2459 935 2492 ad
975 2459 1120 2493 Civilem
1162 2459 1287 2504 legatis
1332 2460 1440 2493 vitam
1485 2465 1628 2494 orantes

129 2509 307 2552 iuravere,
332 2517 369 2545 ut
390 2515 660 2560 praescriptum,
683 2528 748 2562 pro
774 2519 921 2563 imperio
949 2518 1159 2561 Galliarum,
1189 2530 1271 2553 mox
1298 2530 1322 2552 a
1350 2519 1535 2554 Germanis
1563 2520 1626 2552 ob-

129 2574 352 2604 truncantur.
412 2572 560 2607 Veledae
584 2576 733 2620 oirqinis
758 2578 951 2612 Bructerae
977 2579 1171 2613 auctoritas
1201 2580 1402 2625 (59—61).
1454 2579 1627 2625 Legiones

129 2633 228 2661 seoeta
255 2629 390 2664 decima
414 2643 431 2665 e
456 2632 641 2678 Novaesio,
663 2636 783 2681 prima
809 2648 826 2670 e
853 2639 979 2672 castris
1005 2639 1245 2673 Bonnensibus
1269 2640 1308 2673 in
1333 2638 1509 2674 coloniam
1539 2639 1625 2674 Tre-

129 2688 284 2723 virorum
310 2691 451 2726 tendere
478 2694 594 2728 iussae
619 2696 710 2741 (62).
760 2696 1036 2743 Aqrippinenses
1060 2710 1188 2744 maqno
1207 2698 1365 2745 periculo
1390 2701 1569 2746 sapienter
1588 2712 1625 2735 se

130 2748 313 2792 expediunt
349 2752 536 2799 (63—65).
591 2755 714 2790 Civilis
751 2758 917 2791 societate
955 2759 1264 2805 Ayrippinensium
1298 2765 1421 2794 auctus
1458 2760 1625 2806 Belgicae

133 2806 271 2841 Galliae
304 2810 434 2855 aliquot
463 2813 611 2859 populos
648 2816 686 2849 in
715 2816 819 2860 fidem
855 2820 992 2864 accepit
1018 2820 1108 2867 (66).
1161 2820 1306 2854 Interea
1333 2820 1444 2854 Iulius
1469 2820 1624 2855 Sabinus

132 2870 163 2897 et
188 2866 362 2913 Linyones
400 2882 424 2904 a
460 2865 634 2918 Sequanis
664 2875 767 2919 fidem
807 2889 894 2923 erqa
930 2879 1109 2914 Romanos
1149 2879 1366 2917 servantibus
1406 2880 1490 2914 victi
1527 2881 1619 2926 (67).

132 2922 292 2962 Muciani
316 2930 420 2966 missu
445 2934 577 2979 eqreqii
602 2934 705 2971 duces
730 2937 872 2974 Petilius
898 2939 1050 2975 Cerialis
1075 2947 1108 2976 et
1138 2940 1274 2976 Annius
1309 2939 1433 2976 Gallus
1458 2941 1549 2976 datis
1574 2940 1622 2975 ad
