1768 3216
161 231 235 267 2⁰6
723 228 784 263 DE
810 227 1096 264 ORA'rORths

165 348 206 389 in
238 350 432 401 apparatu
451 346 539 388 eius
572 349 612 388 et
641 356 785 388 aurum
814 350 855 389 et
876 359 1080 402 gemmae,
1114 350 1159 388 ut
1189 357 1356 389 sumere
1385 346 1428 389 in
1450 337 1598 390 manus
1617 351 1660 390 et

163 421 351 474 aspicere
384 420 550 474 saepius
582 420 719 462 libeat.
784 421 997 471 Quaedam
1028 434 1130 464 vero
1169 421 1317 475 procul
1358 425 1580 464 arceantur
1617 426 1663 464 nt

162 495 243 536 iam
276 494 507 537 oblitterata
541 499 581 537 et
612 495 766 537 olentia
778 510 789 548 3
834 495 988 537 nullum
1031 498 1085 538 sit
1125 496 1296 538 verbum
1326 496 1440 539 velut
1467 496 1662 552 rubigine

162 569 357 611 infectum
371 584 382 622 3
428 570 528 611 nulli
569 582 719 613 sensus
764 571 882 613 tarda
920 575 962 612 et
1000 571 1123 612 inerti
1167 575 1372 614 structura
1417 572 1460 613 in
1503 584 1661 615 morem

130 645 368 687 §annalium
396 649 697 699 componantur
707 660 719 698 ;
751 646 899 701 fugitet
925 646 1092 688 foedam
1126 650 1166 688 et
1192 647 1391 689 insulsam
1427 647 1664 689 scurrilita-

160 724 266 773 tem,
294 721 429 762 variet
461 722 828 776 compositionem,
872 734 952 764 nec
983 734 1127 764 omnes
1159 722 1366 765 clausulas
1395 730 1480 765 uno
1511 726 1552 765 et
1582 734 1662 764 eo-

161 795 255 837 dem
288 795 412 838 modo
444 796 704 838 determinet.
765 796 872 839 Nolo
905 797 1091 840 inridere
1122 802 1256 839 rotam
1287 797 1494 841 Fortunae
1525 802 1566 840 et
1596 798 1660 840 ius
1673 803 1731 842 23

161 870 380 912 Verrinum
414 875 453 912 et
475 871 573 912 illud
606 872 729 913 tertio
755 884 920 926 quoque
951 884 1078 914 sensu
1107 873 1148 914 in
1179 873 1370 915 omnibus
1403 873 1661 915 orationibus

161 957 237 999 pro
270 946 476 988 sententia
507 947 684 1000 positum
709 943 823 988 ‘esse
854 943 1068 989 videatur'.
1144 948 1247 990 Nam
1292 951 1332 990 ct
1371 947 1477 990 haec
1506 948 1660 990 invitus

113 1021 313 1074 torettuli,
345 1024 385 1062 et
413 1021 528 1074 plura
560 1021 697 1074 omisi,
731 1033 839 1075 quae
865 1026 1003 1064 tamen
1034 1022 1123 1064 sola
1154 1023 1355 1064 mirantur
1374 1027 1498 1077 atque
1519 1023 1660 1077 expri-

162 1100 277 1137 munt
307 1095 335 1136 ii
368 1096 435 1150 qui
467 1108 513 1138 sc
533 1097 735 1150 ‘antiquos
759 1101 948 1139 oratores
971 1102 1136 1139 vocant.
1180 1097 1396 1139 Neminem
1416 1097 1657 1150 nominabO,

161 1182 293 1224 genus
323 1170 536 1211 hominum
567 1170 831 1225 significasse
862 1175 1111 1213 contentus:
1142 1171 1217 1213 sed
1247 1171 1369 1213 vobis
1398 1172 1540 1225 utique
1560 1178 1663 1214 vel·-

160 1248 304 1286 santur
334 1249 428 1287 ante
458 1245 604 1286 oculos
636 1245 704 1298 qui
734 1246 935 1287 Lucilium
967 1258 1041 1300 pro
1061 1245 1232 1287 Horatio
1264 1251 1304 1288 et
1321 1245 1556 1289 Lucretium
1585 1253 1662 1301 pro

160 1318 335 1374 Virgilio
368 1319 531 1375 legunt,
579 1320 725 1374 quibus
760 1321 994 1375 eloquentia
1035 1321 1188 1364 Aufidii
1229 1321 1347 1364 Bassi
1391 1326 1460 1364 aut
1496 1321 1663 1366 Servilii

259 1494 288 1527 1.
318 1499 348 1527 et
375 1493 532 1538 aspicere
558 1492 604 1527 P:
630 1499 667 1527 ut
693 1494 851 1539 aspicere
884 1493 921 1527 F.
1033 1495 1067 1529 2.
1096 1494 1202 1528 liceat
1227 1493 1251 1528 P
1279 1499 1314 1529 et
1345 1494 1480 1528 ceteri:
1508 1493 1664 1528 correxit

160 1541 368 1586 Rodolphus
394 1542 577 1588 Agricola.
692 1544 839 1576 arcetur
864 1542 901 1586 P,
930 1548 1099 1577 arcentur
1124 1543 1170 1577 F:
1197 1544 1306 1577 tacite
1327 1543 1484 1577 correxit
1507 1542 1662 1588 Lipsius.

159 1591 193 1625 3.
216 1590 323 1637 velut]
341 1591 384 1636 qd
399 1592 437 1638 (d
452 1602 530 1625 cum
554 1591 617 1625 lin.
634 1595 856 1638 transversa)
868 1602 1046 1636 superscr.
1068 1591 1126 1626 uel
1150 1591 1175 1625 P
1192 1604 1201 1626 t
1222 1595 1330 1626 tacite
1351 1591 1663 1626 correxitRhena-

159 1649 236 1672 nus.
302 1640 335 1674 5.
362 1641 471 1685 [κρίσι
502 1639 541 1683 F,
568 1649 638 1673 non
655 1639 691 1674 P.
755 1641 984 1674 scurilitatem
997 1639 1035 1683 F,
1063 1650 1133 1674 non
1149 1641 1182 1676 P.
1249 1641 1284 1676 8.
1313 1642 1489 1675 uetrinum
1514 1641 1550 1674 P.
1627 1639 1661 1675 9.

160 1688 248 1721 haec
274 1687 350 1721 FP:
378 1688 446 1722 Ιιοο
473 1693 615 1722 veteres
643 1688 833 1723 editiones.
935 1690 1104 1723 inuitatus
1133 1689 1215 1734 syll.
1247 1695 1284 1723 ta
1308 1690 1449 1734 punctis
1475 1689 1665 1723 subnotata

160 1736 195 1779 Ρ,
223 1737 391 1771 inuitatus
419 1737 554 1772 celeri:
582 1738 711 1772 invitus
738 1737 967 1772 Puteolanus.
1061 1738 1115 1772 11.
1142 1737 1318 1773 uocabant
1345 1738 1390 1772 P:
1421 1739 1578 1773 correxit
1602 1737 1674 1772 Li:

159 1786 270 1829 psius.
334 1788 389 1821 13.
416 1788 475 1820 isti
502 1787 561 1831 qui
586 1787 661 1832 (isti
688 1787 731 1820 ab
759 1787 792 1820 al
822 1798 867 1821 m.
898 1787 1040 1832 punctis
1067 1787 1294 1822 subnotatum
1322 1792 1358 1822 et
1383 1786 1520 1822 lineola
1545 1791 1665 1821 trans-

159 1833 281 1880 fixum)
309 1834 356 1868 P:
382 1836 452 1878 isti,
479 1836 536 1880 qui
560 1834 587 1868 F
614 1839 707 1869 teste
736 1835 937 1871 Schrautio.
1083 1838 1138 1872 14.
1174 1838 1225 1872 lui
1257 1836 1320 1881 fidi
1343 1835 1421 1871 FP:
1448 1837 1499 1871 tui
1533 1835 1666 1880 Aufidii

158 1882 393 1917 Puteolanus:
422 1884 473 1918 Ιιιὶ
500 1885 675 1928 expunxit
702 1884 899 1919 Acidalius.

159 2022 295 2057 donnum
321 2025 458 2068 referre
485 2033 527 2056 ex
555 2032 767 2069 praegresso
784 2024 874 2058 nihil

159 2083 347 2117 excerpere
378 2071 604 2116 intelligitur.
645 2073 714 2106 Sic.
745 2084 774 2106 c.
807 2074 875 2108 20:

159 2122 296 2165 ‘referre
324 2119 457 2152 donnum
496 2119 629 2164 aliquid
662 2120 810 2154 inlustre
845 2126 876 2154 et

160 2169 301 2214 dignum
326 2169 496 2202 meritoria
522 2167 652 2202 volunt.

232 2242 270 2274 in
289 2251 419 2274 morem
436 2239 643 2277 annalium.-
672 2250 742 2273 non
759 2239 874 2274 solum

159 2289 305 2324 annales
330 2290 501 2323 maximos
536 2288 644 2330 dicit,
685 2293 723 2322 ut
758 2290 874 2323 visum

158 2338 411 2380 Doedcrlinio,
449 2337 511 2371 scd
539 2338 644 2371 ctiam
674 2347 735 2371 eos
763 2338 875 2371 libros

158 2389 217 2434 qui
247 2386 435 2432 compositi
467 2391 568 2420 erant
591 2386 633 2419 ad
657 2386 798 2420 illorum
823 2387 874 2420 si-

158 2436 394 2470 militudinem
433 2440 467 2468 et
505 2436 666 2478 inscripti
705 2434 874 2478 annales;

159 2485 286 2519 Cicero
314 2483 357 2517 de
387 2483 481 2518 Orat.
510 2483 541 2516 ll
571 2485 628 2518 12.

233 2579 320 2624 Cap.
350 2580 408 2615 23.
435 2585 548 2612 rotam
575 2579 776 2613 Fortunae:
813 2591 874 2614 re-

157 2628 471 2674 spexitCiceronis
494 2627 717 2661 Pisonianam
743 2640 772 2661 c.
804 2630 848 2663 10

156 2679 194 2711 in
221 2689 285 2723 quo
311 2689 356 2711 ne
382 2683 451 2711 tunt
477 2676 633 2721 quidem,
673 2688 749 2710 cum
776 2676 874 2710 illum

158 2739 255 2761 suum
291 2725 512 2759 saltatorium
546 2730 705 2758 versaret
742 2726 871 2767 orbem,

161 2776 335 2809 Fortunae
357 2780 470 2808 rotam
488 2774 764 2819 pertimescebat.
781 2772 872 2807 For-

159 2828 265 2857 tunae
302 2828 413 2857 rotam
455 2822 622 2868 intellige
657 2832 728 2855 non
769 2833 873 2867 quam

160 2872 225 2906 dea
278 2871 440 2905 manibus
505 2871 750 2905 moderaretur
811 2871 874 2904 sed

159 2931 262 2965 quam
288 2921 363 2964 ipsa
391 2921 550 2964 corporis
574 2925 672 2953 motu
692 2925 727 2954 et
743 2930 782 2953 se
797 2924 874 2952 tor-

160 2968 300 3016 quendo
317 2970 495 3015 expressit
511 2969 590 3017 (der
608 2969 766 3004 Fortuna
781 2969 872 3003 Pur-

944 2024 1146 2070 zelsclzlaq).
1175 2024 1229 2058 De
1255 2024 1323 2058 hac
1350 2020 1526 2070 cogitavit
1549 2023 1660 2069 Aper,

946 2084 1023 2106 cum
1051 2078 1133 2117 ante
1160 2074 1278 2116 posuit
1304 2072 1437 2106 nullum
1454 2074 1499 2107 sit
1517 2073 1658 2107 verbum

946 2121 1039 2154 velut
1066 2121 1225 2165 rubiyine
1250 2121 1429 2166 infectum.

1019 2193 1073 2226 ius
1101 2192 1308 2228 Verrinam.-
1354 2192 1518 2226 iniuriam
1553 2191 1663 2236 Aper,

947 2251 1019 2274 non
1055 2251 1190 2286 aequus
1226 2244 1386 2274 veterum
1420 2241 1563 2284 irrisor,
1601 2239 1664 2274 Ci-

949 2289 1070 2324 cerOni
1097 2286 1193 2323 nunc
1221 2287 1328 2324 facit:
1352 2299 1432 2323 nam
1459 2288 1549 2324 illud
1573 2299 1661 2324 ver-

947 2339 1022 2372 nile
1061 2338 1192 2372 dictum
1230 2337 1357 2371 Cicero
1404 2348 1475 2372 non
1513 2349 1558 2372 ex
1596 2347 1660 2372 suo

946 2386 1008 2421 sed
1023 2397 1067 2420 ex
1083 2397 1145 2421 ore
1158 2386 1357 2421 Siculorum
1377 2386 1420 2420 ad
1440 2387 1665 2421 dicacitatem

947 2435 1196 2469 inclinantium
1220 2435 1368 2479 protulit
1389 2436 1425 2468 in
1449 2435 1549 2470 Verr.
1571 2435 1634 2470 lib.
1649 2434 1666 2468 I

946 2484 1012 2518 46:
1028 2484 1110 2519 hinc
1124 2484 1179 2518 itti
1191 2484 1345 2517 homines
1363 2489 1478 2526 erant,
1495 2484 1554 2529 qui
1562 2485 1666 2517 etiam

946 2533 1090 2566 ridiculi
1133 2533 1403 2566 inveniebantur
1448 2543 1492 2565 ex
1531 2532 1662 2566 dolore.

947 2581 1100 2623 Quorum
1116 2581 1192 2623 alii,
1219 2581 1256 2614 id
1280 2580 1369 2624 quod
1385 2591 1489 2626 saepe
1506 2580 1664 2623 audistis,

945 2630 1122 2674 negabant
1157 2630 1357 2673 mirandum
1392 2641 1464 2663 esse
1502 2630 1557 2663 ius
1595 2635 1666 2663 tam

944 2689 1094 2723 nequam
1108 2690 1179 2712 esse
1203 2678 1399 2713 Verrinam.
1427 2677 1569 2722 Quippe
1587 2688 1664 2711 am-

946 2726 1159 2771 biguitatem
1182 2728 1296 2762 secuti
1315 2731 1397 2760 sunt
1411 2727 1499 2760 iuris
1520 2737 1541 2760 a
1555 2726 1665 2761 Verre

946 2781 1180 2819 propraetore
1205 2776 1289 2809 dicti
1307 2781 1342 2809 et
1358 2775 1488 2809 iusculi
1504 2777 1664 2824 (ζωμοῦ)

949 2834 992 2856 ex
1021 2835 1126 2858 carne
1153 2825 1267 2858 verris
1293 2825 1418 2868 parati.
1449 2823 1544 2857 Hanc
1570 2829 1664 2857 tam-

948 2882 1051 2916 quam
1079 2873 1219 2918 soedam
1244 2878 1276 2906 et
1299 2871 1470 2906 insulsam
1499 2871 1664 2906 scurrili-

949 2926 1053 2954 tatem
1079 2922 1176 2966 Aper
1202 2920 1308 2955 modo
1334 2922 1486 2955 notavit.

1002 2981 1091 3005 resse
1116 2971 1301 3006 videatur.-
1323 2980 1450 3006 versus
1466 2968 1663 3005 hexametri
