1768 3216
747 248 834 284 CAr.
866 249 1020 285 17-18.
1571 250 1625 283 ‘83

62 378 66 381 ’
124 364 276 407 Dotem
308 376 392 406 non
421 376 528 406 uxor
558 365 730 418 marito,
763 365 837 407 sed
869 365 991 407 uxori
1022 365 1192 407 maritus
1223 364 1356 408 offert.
1418 365 1625 407 lntersunt

133 443 328 494 parentes
359 452 410 482 ac
439 440 686 494 propinqui,
728 453 777 481 ac
808 452 980 482 munera
1013 440 1214 494 probant,
1256 452 1427 482 munera
1457 452 1542 482 non
1574 440 1626 483 ad

133 513 307 557 delicias
339 513 564 556 muliebres
595 514 803 567 quaesita,
836 527 915 556 nec
947 502 1109 569 quibus*
1129 527 1238 556 nova
1269 519 1391 569 nupta
1425 518 1626 567 comatur,

131 587 208 630 sed
238 588 371 630 boves
403 593 444 630 et
475 588 680 630 frenatum
710 601 858 642 equum
891 593 930 630 et
960 594 1120 631 scutum
1152 601 1244 631 cum
1277 589 1433 631 sramea
1464 589 1627 645 gladio·

131 673 242 716 que..

131 749 340 780 armorum
371 738 525 792 aliquid
557 739 648 780 viro
681 738 830 780 adfert.

286 662 333 704 In
361 662 466 705 haec
496 675 667 705 munera
696 675 804 706 uxor
834 664 1063 718 accipitur,
1113 668 1235 718 atque
1279 664 1321 705 in
1361 664 1511 707 vicem.
1539 664 1660 718 ipsas

890 738 979 780 Hoc
1010 739 1231 781 maximum
1264 738 1489 791 vinculum,
1521 738 1627 780 haec

135 825 290 855 arcana
321 824 457 866 sacra,
489 813 567 854 hos
599 813 845 868 coniugales
879 813 983 855 deos
1010 813 1274 855 arbitrantur.
1319 814 1382 855 Ne
1411 825 1458 855 se
1479 813 1627 854 mulier

130 891 247 929 extra
286 887 478 929 virtutum
525 887 804 942 cogitationes
847 891 1047 941 extraque
1084 887 1288 929 bellorum
1330 900 1453 930 casus
1499 891 1626 942 putet,

130 960 231 1014 ipsis
258 959 521 1014 'incipientis
574 961 825 1003 matrimonii
868 961 1066 1015 auspiciis
1111 961 1356 1002 admonetur
1397 962 1542 1003 venire
1582 973 1628 1002 se

129 1034 318 1076 laborum
339 1035 703 1089 periculorumque
721 1036 896 1087 sociam,
928 1035 1038 1077 idem
1059 1035 1100 1076 in
1123 1048 1240 1089 pace,
1276 1035 1386 1077 idem
1407 1036 1448 1076 in
1467 1035 1628 1090 proelio
1646 1055 1680 1082 m

130 1120 345 1163 passuram
375 1121 666 1163 ausuramque.
713 1109 802 1151 Hoc
834 1109 963 1151 iuncti
994 1109 1140 1162 boves,
1177 1109 1256 1150 hoc
1282 1114 1450 1163 paratus
1485 1121 1627 1163 eunS,

129 1182 212 1225 hoc
244 1182 339 1224 data
369 1196 480 1225 arma
523 1184 779 1226 denuntiant.

840 1184 908 1227 Sic
948 1184 1196 1236 vivendum,
1242 1184 1304 1225 sic
1343 1184 1628 1238 pereundum:

130 1257 325 1313 accipere
356 1270 403 1300 se
434 1270 540 1312 quae
565 1258 709 1300 liberis
740 1258 938 1300 inviolata
958 1270 1008 1300 ac
1031 1258 1158 1312 digna
1178 1258 1341 1310 reddat,
1374 1271 1479 1312 quae
1497 1270 1624 1300 nurus

280 1396 314 1430 2.
342 1406 387 1428 ac
407 1406 510 1440 prop.
541 1395 585 1429 P:
614 1394 725 1441 vulgo
753 1401 785 1429 et
805 1405 908 1441 prop.

133 1442 167 1478 9.
193 1443 441 1489 incipientibus
464 1442 501 1478 P.

130 1563 199 1598 fido
237 1565 444 1599 testimonio
479 1565 635 1599 libenter
670 1566 843 1600 concedi-

130 1623 226 1656 muS,¹
243 1612 415 1658 plurimas
431 1619 548 1647 tamen
575 1614 677 1658 probi
696 1619 730 1648 et
755 1615 844 1648 sim-

130 1661 245 1705 plices
271 1661 395 1706 populi
423 1672 539 1695 mores
565 1664 627 1696 vix
649 1672 844 1697 concesse-

130 1710 212 1752 rint,
240 1720 358 1754 neque
382 1710 417 1743 id
443 1711 584 1744 Tacitus
611 1711 752 1745 tradere
777 1721 845 1744 vo-

131 1757 216 1800 luit,
251 1758 358 1792 immo
388 1759 526 1792 nobiles
554 1761 673 1804 expeti
700 1761 846 1793 maritos

130 1805 272 1840 filiabus
298 1809 372 1840 suis
399 1818 419 1840 a
444 1807 607 1851 plurimis
621 1808 843 1853 parentibus,

130 1854 339 1889 Ambientes
367 1860 448 1888 sunt
474 1862 654 1900 parentes,
684 1857 744 1901 qui
768 1867 846 1890 am-

129 1902 276 1936 biuntur
292 1903 445 1938 nobiles.
467 1905 606 1950 Nuptiis
622 1905 762 1939 dativus
780 1909 844 1939 est.

129 1950 346 1986 Theodisce:
365 1952 418 1985 die
432 1964 552 1998 weqen
562 1954 658 1987 ihres
671 1953 775 1988 Adels
787 1955 848 1998 far

129 2011 197 2044 yar
221 2000 309 2034 viele
346 2001 614 2046 Verbindunqen
647 2002 847 2036 uvntoorben

130 2049 323 2094 (gesucht)
349 2049 502 2085 werden.
539 2050 593 2085 Cf.
618 2051 718 2096 Virg.
747 2051 836 2084 Aen.

130 2096 191 2130 vtl
206 2098 297 2132 333:
319 2098 501 2132 connubiis
515 2100 648 2132 ambire
662 2099 837 2132 Latinum.

130 2143 319 2179 Consentit
345 2148 516 2181 memoria
551 2146 681 2182 rerum.
744 2147 845 2181 Duae

129 2193 314 2227 Ariovisto
328 2204 459 2228 uxores
477 2194 597 2237 (Caes.
612 2195 704 2230 B.G.
732 2195 744 2228 1
767 2196 845 2241 53),

129 2252 200 2275 una
228 2242 336 2276 Civili
365 2243 425 2288 (ll.
455 2243 498 2277 lV
526 2245 602 2289 79).
640 2244 729 2277 Hinc
755 2254 845 2276 con-

130 2291 294 2334 sequitur
333 2291 442 2324 verba
484 2293 542 2336 qui
592 2303 664 2324 non
701 2291 844 2325 libidine

130 2337 280 2372 liberius
306 2339 428 2372 iuncta
463 2350 542 2373 esse
582 2350 659 2372 cum
685 2350 844 2384 sequen-

130 2385 237 2429 tibus,
266 2386 360 2420 unde
381 2388 479 2420 notio
508 2387 562 2420 his
591 2387 745 2431 petenda
761 2386 844 2432 plu-

130 2445 187 2468 res
211 2446 339 2469 uxores
366 2435 506 2469 ducunt.
575 2435 674 2478 Quae
702 2437 731 2468 si
758 2445 843 2469 vere

130 2487 212 2516 sunt
239 2484 413 2528 exposita,
441 2494 512 2517 non
542 2483 723 2528 probanda
744 2483 844 2517 Doe-

130 2530 274 2566 derlinii
303 2531 518 2577 explicatio:
548 2533 598 2566 ‘se
625 2532 844 2566 circumdant

131 2584 300 2625 tanquam
331 2586 458 2615 ornatu
493 2587 528 2616 et
558 2592 621 2625 per
650 2580 843 2614 affinitates

131 2629 238 2662 etiam
275 2629 478 2673 praesidio'.
542 2629 645 2674 Apud
684 2628 843 2662 Tacitum

131 2677 260 2710 ambiri
283 2687 455 2722 nusquam
478 2688 541 2721 pro
567 2689 603 2711 se
620 2677 751 2710 ambire
770 2678 847 2711 sive

130 2736 166 2758 se
196 2725 416 2759 circumdare
442 2726 632 2759 admissum
654 2726 845 2769 reperitur.

203 2807 351 2829 munera
382 2817 423 2823 -
452 2796 635 2840 quaesita:
666 2800 720 2829 est
748 2796 845 2830 ἐιια-

132 2842 369 2882 ναδίπλωσις
394 2841 485 2889 quae
522 2844 734 2889 gravitatem
760 2854 846 2878 nar-

132 2892 262 2925 rationi
290 2892 478 2935 conciliat,
522 2903 589 2926 nee
619 2891 845 2938 cogitandum

133 2938 176 2973 de
204 2942 393 2975 temeraria
420 2941 648 2984 repetitione,
677 2945 716 2973 ut
731 2941 846 2974 visum

131 2987 367 3034 Bernhardyo
394 2989 488 3034 apud
514 2988 797 3024 Doederlinium.

248 3073 371 3103 Tacitus
392 3073 447 3106 IV.

1016 1394 1050 1429 5.
1075 1395 1227 1429 inuicem
1251 1394 1287 1428 P.

1393 1394 1427 1429 6.
1456 1395 1561 1440 affert
1590 1394 1627 1429 P.

975 1566 1075 1599 boves
1102 1571 1133 1599 et
1158 1568 1336 1610 frenat-um
1361 1565 1628 1611 equum—yla-

913 1614 1058 1658 dioque:
1088 1615 1170 1658 equi
1198 1614 1331 1647 mentio
1359 1619 1394 1646 et
1418 1613 1528 1660 gladii
1556 1614 1622 1659 (cf.

913 1674 943 1696 c.
969 1663 1010 1709 6)
1039 1667 1250 1707 argumento
1279 1666 1333 1695 est
1358 1663 1490 1706 respici
1516 1673 1536 1696 a
1559 1661 1628 1695 Ta-

914 1713 984 1744 cito
1022 1712 1164 1755 nuptias
1199 1711 1444 1744 honestiorum
1489 1715 1524 1744 et
1558 1720 1627 1744 no-

913 1759 1052 1802 bilium,
1080 1770 1150 1792 non
1178 1759 1306 1803 plebis.
1570 1758 1572 1761 ’

983 1857 1022 1889 in
1056 1855 1145 1890 hacc
1176 1866 1326 1889 ‚nunera
1363 1866 1455 1888 uxor
1488 1856 1626 1902 accipi-

912 1909 990 1938 tur:
1026 1907 1087 1940 ἐπὶ
1114 1904 1263 1944 τούτοις
1288 1910 1367 1941 τοῖς
1400 1904 1556 1952 δώροις,
1589 1909 1628 1937 ut

912 1952 1003 1986 haec
1030 1953 1122 1987 dona
1149 1957 1301 1986 tractare
1328 1953 1453 1996 possit.
1515 1952 1624 1986 Scili-.

912 2006 969 2034 cet
996 2002 1073 2045 ipsa
1100 2001 1229 2035 mulier
1254 2001 1368 2034 bobus
1394 2005 1470 2034 arat
1498 2002 1625 2046 (015)

912 2050 1100 2095 virumque
1136 2051 1172 2084 in
1200 2049 1335 2083 bellum
1362 2050 1551 2083 comitatur
1577 2053 1626 2095 (c.

912 2098 931 2132 7
961 2103 996 2132 et
1023 2098 1076 2144 8).

982 2194 1071 2227 leaeo
1097 2205 1237 2227 arcana
1271 2205 1397 2236 sacra,
1437 2194 1500 2227 hos
1535 2204 1621 2226 con-

909 2243 1044 2286 iuqales
1082 2243 1162 2275 deos
1210 2243 1455 2275 arbitrantur:
1509 2252 1625 2286 gene-

911 2300 1012 2322 rosus
1040 2290 1143 2323 liberi
1162 2292 1298 2335 ingenii
1319 2291 1475 2333 spiritus,
1504 2287 1626 2321 ‘Com-

911 2343 1008 2381 parat
1020 2338 1286 2381 simplicitatem
1305 2337 1518 2381 nuptialium
1532 2336 1626 2380 apud

912 2385 1105 2419 Germanos
1133 2387 1285 2428 rituum,
1330 2386 1513 2429 profanam
1540 2395 1626 2428 spe-

912 2435 991 2476 cie,
1042 2434 1171 2467 effectu
1219 2439 1335 2468 autem
1371 2433 1626 2468 validissimam

912 2482 955 2515 ad
982 2481 1147 2516 tuendam
1184 2483 1343 2528 coniugii
1387 2482 1625 2523 sanctitatem,

913 2541 990 2564 cum
1018 2532 1180 2574 operosis
1217 2531 1290 2565 illis
1324 2536 1359 2564 et
1393 2531 1626 2564 sanctissimis

912 2579 1150 2613 Romanorum
1183 2580 1410 2613 caerimoniis
1441 2583 1475 2612 et
1502 2578 1626 2621 auspi-

914 2628 979 2661 ciis
1007 2633 1042 2661 et
1068 2628 1311 2673 coniugalium
1347 2629 1492 2661 deorum
1520 2628 1626 2659 invo-

918 2676 1144 2718 cationibus,
1190 2687 1277 2721 quas
1309 2681 1426 2709 tamen
1463 2679 1625 2708 contem-

916 2730 995 2768 ptus
1033 2725 1247 2758 matrimonii
1296 2729 1330 2757 et
1375 2723 1550 2757 adulteria
1592 2726 1627 2755 et

916 2772 1070 2806 divortia
1096 2773 1196 2817 sequi
1224 2771 1407 2806 solerent’.
1456 2770 1627 2805 Dossnan-

918 2831 1052 2854 munus,

989 2902 1077 2934 quae
1103 2891 1222 2925 liberis
1247 2890 1420 2925 inviolata
1451 2901 1495 2923 ac
1521 2889 1630 2935 digna

917 2939 1064 2972 reddat:
1101 2939 1144 2973 ad
1170 2950 1204 2973 v.
1241 2939 1349 2985 (liqna
1380 2950 1424 2974 ex
1458 2937 1630 2983 proximis

919 2987 1097 3022 ablativus
1142 2987 1261 3022 liberis
1306 2987 1416 3022 facile
1471 2985 1631 3032 suppleri

1401 3053 1427 3098 3
