1768 3216
131 218 167 254 ε’
178 216 220 254 ὓ.
247 217 308 254 fio.
605 208 742 250 LIBER
766 212 841 250 111*
879 212 968 249 Gn.
994 211 1152 249 49—51.

1200 243 1253 302 532
1250 242 1362 309 Γῦἷξ
1484 251 1547 274 xm.
1603 266 1611 274 ,

129 333 330 390 legatum.
390 334 428 375 ls
460 332 671 376 Silvanum
704 331 931 374 socordem
967 330 1079 373 bello
1121 333 1163 372 et
1201 329 1294 371 dies
1321 340 1464 370 rerum
1406 259 1638 392 ‘²⁷33'ss

130 412 334 451 terentem
365 409 510 463 specie
540 407 731 462 obsequii
758 407 958 462 regebat,
1000 405 1051 446 ad
1084 404 1308 458 omniaque
1337 415 1444 457 quae
1474 401 1639 458 agenda

132 467 284 538 iurent,
301 483 439 536 quieta
471 495 565 524 cum
593 480 794 522 industria
827 479 986 521 aderat.
1048 478 1114 520 Ad
1145 478 1221 520 has
1252 477 1397 531 copias
1427 490 1452 519 e
1486 476 1639 518 classi-

133 556 195 598 cis
222 556 557 608 Ravennatibus‚
599 554 876 610 legionariam
906 553 1094 594 militiam
1123 551 1420 606 poscentibus,
1462 551 1640 605 optimus

133 631 308 685 quisque
364 631 542 672 adsciti:
595 629 771 671 classem
824 627 1040 670 Dalmatae
1088 626 1348 681 supplevere.
1420 625 1673 668 Exercituss

133 705 347 760 ducesque
377 705 430 747 ad
462 706 617 747 Fanum
649 704 855 745 Fortunae
886 703 966 744 iter
995 702 1170 753 sistunt,
1213 701 1267 743 de
1295 713 1453 743 summa
1500 713 1640 743 rerum

134 783 394 832 cunctantes,
425 779 536 833 quod
562 783 696 821 motas
728 790 782 819 ex
810 777 916 818 urbe
933 776 1166 830 praetorias
1190 775 1386 817 cohortes
1407 775 1641 827 audierant,

133 858 178 896 et
205 854 341 896 teneri
369 853 596 907 praesidiis
626 852 891 906 Apenninum
919 850 1134 893 rebantur.
1175 850 1227 891 Et
1249 849 1365 903 ipsos
1396 850 1440 890 in
1463 850 1643 904 regione

131 928 243 970 bello
289 927 425 969 attrita
474 927 615 981 inopia
663 931 703 968 et
748 926 978 967 seditiosae
1022 925 1194 966 militum
1235 935 1367 966 voces
1414 924 1642 975 terrebant,

134 1003 361 1046 clavarium
393 1002 603 1054 (donativi
633 1013 786 1043 nomen
819 1005 904 1052 est)
937 1000 1226 1054 flagitantium.
1289 999 1376 1042 Nec
1424 1012 1643 1053 pecuniam
1658 983 1695 1038 ro

133 1082 204 1121 aut
234 1078 482 1120 frumentum
511 1076 813 1130 providerant3
844 1079 885 1116 et
915 1075 1127 1116 festinatio
1141 1079 1292 1142 atque
1312 1074 1491 1116 aviditas
1516 1078 1645 1129 prae-

64 1153 371 1208 51pediebant‚
406 1152 501 1194 dum
533 1164 640 1205 quae
670 1151 807 1204 accipi
836 1154 1031 1204 poterant
1060 1135 1288 1204 rapiuntur.
1300 1133 1642 1192 celeberrimos

133 1232 329 1270 auctores
360 1227 494 1268 habeo
527 1230 682 1267 tantam
712 1225 944 1266 victoribus
985 1224 1190 1266 adversus
1233 1224 1298 1266 sas
1337 1225 1541 1279 nefasque
1572 1225 1643 1266 in-

131 1301 412 1344 reverentiam
443 1300 590 1351 fuisse,
621 1303 666 1340 ut
695 1299 919 1355 gregarius
950 1310 1079 1352 eques
1110 1298 1298 1340 occisum
1329 1311 1353 1340 a
1375 1311 1422 1341 se
1448 1299 1640 1353 proxima

132 1375 224 1418 acie
262 1376 434 1417 fratrem
479 1374 697 1428 professus
747 1373 977 1427 praemium
1018 1386 1043 1414 a
1087 1372 1262 1414 ducibus
1311 1373 1491 1426 petierit.
1552 1372 1695 1414 Necns

132 1449 215 1491 illis
246 1453 316 1491 aut
345 1448 557 1490 honorare
589 1460 680 1490 eam
708 1447 881 1489 caedem
912 1447 976 1489 ius
1007 1447 1220 1488 hominum
1252 1450 1322 1488 aut
1351 1447 1501 1488 ulcisci
1530 1448 1638 1489 ratio

131 1523 231 1566 belli
258 1522 533 1577 permittebat.
577 1522 836 1564 Distulerant
863 1526 1068 1575 tamquam
1099 1521 1259 1563 maiora
1291 1522 1483 1562 meritum
1517 1533 1639 1575 quam

134 1610 240 1652 quae
268 1597 406 1640 statim
437 1596 756 1647 exolverentur3
797 1609 877 1637 nec
907 1596 1132 1650 quidquam
1160 1596 1268 1637 ultra
1298 1596 1489 1638 traditur.
1553 1596 1639 1638 Ce-

274 1766 309 1800 2.
346 1763 394 1797 aa
418 1763 520 1797 deest
548 1761 652 1805 Gala,
689 1761 791 1796 adest
817 1762 910 1806 apud
936 1761 1171 1796 Puteolanum
1192 1774 1201 1804 3
1246 1762 1357 1796 editio
1392 1762 1572 1807 Spirensis
1598 1762 1646 1796 nd

137 1815 269 1849 omnin.
319 1813 355 1848 3.
386 1813 490 1858 copia
514 1823 551 1846 se
577 1811 736 1845 classicis
763 1809 829 1845 Μ3.
887 1811 921 1845 5.
940 1811 1145 1856 supplevere
1171 1809 1238 1852 Μ3,
1263 1810 1426 1856 supplere
1450 1811 1478 1844 B
1494 1816 1530 1845 et
1543 1822 1585 1856 pr
1603 1811 1643 1846 G.

137 1862 171 1896 7.
196 1866 376 1896 cunctam
401 1859 469 1902 Ma,
496 1866 679 1894 contantes
704 1870 746 1904 pr
757 1858 797 1902 G,
826 1865 918 1893 cunt.
952 1859 1086 1893 corrG.
1153 1858 1188 1893 8.
1212 1859 1380 1904 presidiis
1408 1861 1647 1906 appenninum

136 1908 203 1952 Ma,
224 1909 415 1957 praesidiis
440 1909 632 1955 aperuinum
658 1908 697 1942 G.
749 1908 887 1953 legione
914 1907 941 1941 G
945 1907 1025 1942 Ma·
1016 1933 1025 1941 .
1054 1908 1211 1942 correxit
1235 1907 1389 1952 Lipsius.
1462 1908 1520 1943 11.
1546 1921 1647 1955 prep.

135 1957 203 1992 m.
259 1959 315 1994 14.
340 1959 527 2004 gregarios
550 1957 619 1991 litt.
649 1969 668 1990 ο
695 1968 870 2002 super-scr.
898 1969 918 1990 v
945 1955 1011 1991 Μ3.
1084 1957 1139 1991 17.
1168 1957 1334 2001 quanqmi
1361 1956 1416 1991 Μ3
1445 1962 1481 1991 et
1507 1956 1536 1991 G
1565 1960 1650 2003 (per

1487 221 1498 235 ,
1564 210 1642 258 »ει

138 2011 301 2054 comp.):
329 2017 433 2052 quam
458 2017 547 2051 qtaae
575 2005 806 2040 Puteolanus.

208 2153 396 2188 undecima
429 2153 543 2199 legio:
578 2153 682 2187 miles
708 2154 860 2197 provin-

140 2202 217 2236 ciae
278 2202 500 2236 Dalmaticae
559 2212 664 2246 quam
715 2202 861 2236 tenebat

139 2249 330 2294 Pompeius
368 2250 556 2283 Silvanus:
594 2249 635 2283 Η.
675 2249 704 2283 ll
747 2252 788 2284 11
827 2255 862 2284 et

139 2298 184 2333 67
213 2297 296 2331 coll.
326 2309 358 2332 c.
385 2297 445 2332 86.
546 2309 608 2330 sex
631 2298 732 2331 milia
767 2298 862 2332 Dat.

139 2351 334 2379 matarum.-
361 2345 530 2390 intellige
557 2345 725 2379 cohortes
759 2346 862 2380 leves

141 2395 221 2428 sive
234 2393 402 2428 sociales.
478 2394 658 2440 Pompeius
671 2395 838 2429 Silvanus
850 2407 862 2428 .-

238 2490 434 2525 clavarium
451 2501 463 2523 .·
500 2489 612 2535 ‘quod
637 2496 861 2535 praetextum

143 2543 180 2573 et
204 2540 382 2586 originem
412 2538 537 2572 hahuit
569 2541 671 2584 quasi
709 2540 753 2574 ad
792 2542 862 2574 mi-

141 2587 265 2622 litares
292 2587 437 2630 clavos,
470 2587 515 2620 de
542 2589 672 2633 quibus
709 2599 768 2623 res
793 2590 862 2623 iam

142 2641 239 2669 nota.
289 2635 406 2670 Simili
450 2635 565 2668 torma
589 2638 863 2681 unguentarium

144 2683 282 2717 Plinius
308 2682 398 2716 dixit
423 2682 492 2726 Ep.
521 2683 551 2716 ll
581 2686 648 2717 11:
672 2691 863 2729 praeterea

144 2736 332 2777 acceperat
368 2731 565 2764 sestertium
599 2732 717 2766 decem
749 2733 861 2777 milia,

143 2780 354 2825 foedissimo
386 2778 522 2824 quidem
557 2779 655 2813 tilulo
672 2806 682 2821 ‚
722 2782 863 2815 nomine

144 2827 384 2873 unguentarii,
416 2826 647 2861 donationem
675 2829 818 2863 scilicet
843 2841 864 2864 a

145 2874 429 2921 provincialibus
466 2875 595 2909 factam
631 2877 668 2909 in
694 2876 863 2923 legatum'

147 2926 275 2970 (immo
317 2925 354 2957 in
404 2924 659 2968 proconsulem
699 2925 864 2972 Africae)

142 2973 201 3008 ‘ad
227 2976 426 3019 unguenta.
456 2972 514 3007 Sic
542 2974 578 3007 in
605 2973 771 3008 Suetonii
789 2975 866 3009 Ve-

260 3057 386 3088 'tacitus
414 3058 520 3088 nh·—

899 2005 956 2040 18.
973 2005 1160 2050 quidquam
1186 2003 1267 2039 Μ3ε
1294 2006 1481 2051 qtaeiequam
1509 2006 1550 2040 G.

928 2163 1023 2197 spas.
1034 2152 1058 2187 8
1074 2153 1256 2187 classiarii
1267 2159 1391 2199 petunt
1402 2154 1566 2188 constitui
1577 2154 1651 2189 ali-

931 2201 1013 2245 quid
1029 2202 1096 2234 sibi
1117 2201 1292 2235 calcearii
1310 2203 1473 2236 nomine'.
1491 2202 1649 2238 Ln’sms.

934 2249 1051 2283 Verba
1074 2250 1232 2284 donativi
1245 2262 1371 2284 nomen
1397 2257 1445 2284 est
1471 2255 1649 2296 tamquam

931 2297 1051 2331 aliena
1098 2303 1267 2342 suspecta
1307 2299 1410 2332 fuere
1451 2299 1650 2334 Castalioni

933 2346 1084 2381 observ.
1113 2346 1192 2380 dec.
1223 2346 1254 2380 n
1282 2347 1316 2389 5,
1341 2346 1562 2391 approbante
1580 2347 1650 2381 Er.

933 2395 1063 2429 nestio.
1091 2394 1161 2428 Sed
1196 2400 1235 2428 ut
1262 2396 1339 2439 ipsa
1365 2395 1494 2429 militia
1528 2396 1650 2442 legio..

933 2445 1033 2477 naria
1069 2443 1256 2489 plerisque
1291 2444 1530 2478 Romanorum
1565 2450 1651 2479 tunc

932 2503 990 2526 res
1017 2491 1165 2526 insolita
1198 2493 1293 2526 facta
1331 2498 1424 2535 erat,
1461 2494 1511 2527 ita
1549 2495 1650 2527 eius..

932 2540 1028 2574 modi
1057 2541 1254 2575 admonitio
1281 2551 1353 2575 non
1383 2542 1535 2576 absurde
1563 2552 1650 2586 pro-

932 2590 1016 2623 ferri
1049 2595 1201 2634 poterat.

1002 2639 1255 2684 providerant.-
1299 2639 1333 2671 h.
1377 2649 1409 2672 e.
1449 2647 1650 2681 apparave-

932 2692 1010 2720 rant
1035 2687 1095 2721 vel
1123 2691 1335 2721 curaverant
1359 2691 1397 2719 ut
1422 2685 1576 2719 adesset.

1006 2741 1037 2769 et
1049 2736 1231 2779 festinatio
1252 2741 1354 2778 atque
1372 2733 1524 2767 aviditas
1539 2744 1651 2779 prae-

930 2783 1146 2828 pediebant:
1190 2783 1281 2816 haec
1327 2782 1371 2815 ad
1428 2780 1652 2815 excusandos

935 2831 1195 2875 quodammodo
1225 2830 1336 2863 duces
1362 2829 1559 2863 adduntur:
1594 2829 1653 2863 fe-

935 2880 1082 2912 stinatio
1124 2880 1218 2912 enim
1268 2883 1304 2911 et
1340 2877 1493 2912 aviditas
1529 2878 1654 2912 militis

934 2926 1166 2972 intelligitur.

1008 2974 1096 3019 Cap.
1132 2976 1192 3010 51.
1218 2975 1386 3010 adversans
1410 2977 1468 3021 fas
1485 2977 1656 3022 nefasque

1403 3041 1455 3084 16
