1768 3216
111 214 134 239 ι
156 201 199 240 G.
225 201 285 240 69.

587 204 724 242 LIBER
747 205 792 243 11.
845 204 933 242 Cn.
961 206 1120 243 23-24.

1547 206 1623 241 12³

111 320 322 364 exercitus
353 322 418 364 sui
451 322 574 364 fama.
633 321 778 365 Pulsus
808 323 1044 376 Placentia,
1087 324 1224 366 caesis
1264 334 1398 378 nuper
1434 319 1617 378 auxiliis,

110 398 236 440 etiam
267 410 345 453 per
375 410 625 440 concursum
658 399 984 453 exploratorum,
1019 401 1169 442 crebra
1200 399 1335 454 magis
1353 411 1474 454 quam
1491 399 1621 455 digna

109 477 340 516 memoratu
368 474 555 528 proelia,
588 473 790 526 inferior,
822 475 1128 529 propinquante
1160 475 1289 516 Fabio
1322 474 1524 527 Valente,
1566 487 1622 516 ne

109 560 233 592 omne
258 548 358 591 belli
389 548 519 591 decus
550 549 648 591 illuc
680 549 953 602 concederet,
984 550 1229 604 reciperare
1259 550 1438 605 gloriam
1455 549 1621 592 avidius

111 633 232 677 quam
282 621 514 665 consultius
558 624 824 678 properabat.

884 624 952 666 Ad
1001 624 1296 666 duodecimum
1346 637 1369 666 a
1414 624 1653 667 Cremonas

109 698 252 751 (locus
284 698 503 741 Castorum
533 703 741 757 vocatur)
764 699 1055 742 ferocissimos
1086 699 1349 742 auxiliarium
1377 699 1621 757 ‘imminen-

106 773 216 815 tibus
245 751 476 815 viae‘Tdffs
503 773 691 816 occultos
724 774 950 829 componit.
999 774 1171 830 Equites
1191 773 1429 829 procedere
1450 773 1619 829 longius

106 847 233 900 iussi,
275 851 316 888 et
345 847 513 890 inritato
543 847 707 903 proelio
738 853 889 903 sponte
918 848 1059 903 refugi
1089 848 1400 890 festinationem
1432 860 1620 902 sequen-

105 923 208 965 tium
238 921 412 976 elicere,
444 922 582 964 donec
612 923 793 965 insidiae
825 927 1114 965 coorerentur.
1175 922 1387 965 Proditum
1418 922 1460 963 id
1483 921 1620 965 Otho-

104 997 243 1040 nianis
273 997 477 1050 ducibus,
520 1002 561 1039 et
603 981 744 1039 curam
774 998 960 1052 peditum
988 998 1205 1051 Paulinus,
1246 998 1430 1052 equitum
1471 997 1617 1040 Celsus
1630 1011 1671 1040 ιο

105 1084 339 1126 sumpsere.
381 1072 548 1115 Tertiae
579 1074 771 1115 decimae
801 1073 985 1129 legionis
1014 1074 1229 1127 vexillum,
1264 1077 1459 1128 quattuor
1489 1074 1614 1115 auxi-

103 1147 255 1190 liorum
296 1148 494 1191 cohortes
533 1153 574 1191 et
613 1150 830 1204 quingenti
871 1150 1032 1204 equites
1083 1150 1127 1191 in
1178 1149 1349 1192 sinistro
1401 1149 1616 1205 locantur;

106 1235 308 1278 aggerem
349 1223 446 1265 viae
481 1229 569 1267 tres
606 1225 845 1279 praetoriae
885 1225 1084 1267 cohortes
1125 1225 1218 1269 altis
1250 1225 1470 1270 ordinibus
1500 1226 1615 1268 obti-

149 1282 410 1305 Wa—

105 1309 265 1348 nuere3
308 1297 455 1340 dextra
487 1298 625 1341 fronte
656 1300 788 1354 prima
818 1299 933 1355 legio
963 1300 1139 1343 incessit
1177 1312 1270 1343 cum
1302 1301 1462 1344 duabus
1493 1299 1618 1343 auxi-

240 1414 277 1449 4.
303 1414 413 1459 recip.
440 1410 511 1447 Ma:
539 1413 568 1448 G
591 1425 711 1459 recup.

103 1461 279 1497 Alciatus.

106 1512 222 1546 rium:
249 1510 278 1546 G
302 1511 529 1546 auxiliarios.

108 1559 167 1597 Or.
236 1561 464 1606 festinatione
490 1560 555 1595 Ma.

107 1610 374 1656 (morirentur).

109 1658 315 1693 emendavit
339 1659 534 1693 Mercerus.

108 1763 242 1808 scripta
266 1767 366 1797 recte
392 1773 432 1797 se
458 1763 593 1798 habere
626 1764 732 1797 etiam
760 1763 826 1797 ad.-

109 1813 259 1846 versarii
297 1810 457 1847 Orellius
495 1818 532 1847 et
569 1811 825 1846 Doederlinius

109 1860 215 1895 fidem
249 1861 425 1895 feceriut:
466 1872 546 1896 nam
582 1862 680 1906 prior
716 1861 827 1895 verba

109 1909 174 1944 itta
198 1920 264 1955 per
289 1920 329 1944 se
355 1911 565 1953 sanissima,
604 1910 669 1944 sed
695 1911 827 1944 ceteris

108 1969 180 1992 non
223 1960 504 2002 convenientia,
544 1965 711 2003 corrupta
748 1969 828 1992 esse

109 2009 278 2052 opinatur
317 2007 362 2042 de
402 2008 562 2043 remedio
604 2008 823 2052 desperans,

108 2055 200 2090 alter
225 2061 329 2100 turpe
354 2057 482 2090 vitium
514 2057 582 2101 ipsi
608 2056 731 2091 Tacito
760 2057 827 2090 de-

108 2104 233 2151 legare
261 2104 390 2139 voluit.

187 2177 299 2210 variis
335 2176 541 2211 criminibus
580 2176 826 2210 incessebant.-

109 2225 234 2258 vitium
259 2226 500 2268 incesserant,
530 2236 550 2258 a
576 2225 762 2259 Walthero
791 2230 826 2259 et

109 2271 246 2307 Orellio
271 2274 361 2308 mire
388 2274 588 2315 defensum,
617 2285 660 2307 ex
678 2275 825 2319 antiqua

108 2322 283 2365 scriptura
313 2323 357 2356 ab
394 2333 437 2356 eo
465 2322 524 2367 qui
562 2322 721 2356 confecit
748 2324 825 2356 lile-

108 2368 249 2403 diceum
276 2369 420 2404 ductum
447 2375 525 2412 est,
566 2381 644 2404 cum
672 2369 826 2404 INCES-

108 2417 284 2452 SEBANT
310 2418 403 2453 falso
440 2419 581 2464 legeret
614 2412 826 2453 INCESSE-

107 2466 252 2510 RANT,
291 2472 328 2500 ut
362 2469 398 2502 in
427 2467 628 2501 Annalibus
660 2468 739 2501 XVI
778 2470 824 2502 22

107 2515 227 2550 tenebo
254 2526 318 2560 pro
344 2522 388 2559 te,
417 2516 525 2550 Nero.

177 2586 263 2631 Cap.
288 2589 347 2622 24.
390 2588 504 2621 caesis
522 2599 636 2633 nuper
661 2588 825 2622 aaz-iliis:

107 2634 155 2668 ct.
182 2646 215 2668 c.
247 2637 291 2670 14
316 2640 350 2668 ct
381 2637 437 2671 15.

180 2682 276 2716 locus
304 2683 491 2717 Castorum
515 2690 687 2718 vocatur:
715 2685 824 2719 aedes

109 2727 247 2763 Castori
275 2735 310 2764 et
335 2730 473 2764 Polluci
508 2731 677 2766 fratribus
707 2735 824 2777 posita

84 2776 294 2824 >brevitatis
328 2786 434 2812 causa
464 2779 622 2813 castor-'s
659 2780 719 2815 vel
747 2783 822 2815 Ca-

106 2831 236 2859 storum
250 2827 458 2861 vocabatur.
488 2828 681 2862 Suetonius
712 2830 822 2875 igitur

107 2873 152 2907 de
179 2874 248 2909 boc
272 2876 352 2919 ipso
390 2876 471 2910 loco
514 2875 654 2910 locutus
680 2875 822 2913 Othone

107 2932 139 2955 c.
167 2922 191 2958 9
215 2923 263 2957 nd
289 2924 447 2959 Castoris
472 2926 636 2969 scripsit,
673 2924 820 2961 Orosius

110 2967 174 3004 vn
201 2970 250 3007 8:
277 2971 378 3007 circu
401 2971 514 3008 locum
539 2982 638 3018 quem
657 2972 821 3010 curares

812 1413 847 1449 6.
877 1419 1075 1448 castrorum
1099 1413 1154 1449 Ma
1179 1420 1215 1450 et
1242 1416 1375 1451 ceteri:
1414 1415 1619 1452 emendavit

367 1462 580 1497 auxiliarios
604 1471 783 1507 superscr.
811 1462 856 1496 ab
883 1462 1009 1497 eadem
1034 1473 1141 1499 manu
1169 1467 1194 1498 fn
1215 1463 1287 1508 Μ’,
1319 1470 1357 1500 ut
1383 1468 1430 1499 sit
1451 1465 1612 1501 aemilia-

605 1512 641 1546 8.
670 1512 770 1546 iussit
795 1510 850 1546 Ma
875 1517 910 1546 et
936 1514 1070 1547 ceteri:
1098 1515 1255 1548 correxit
1281 1513 1486 1550 Rhenanus

632 1560 666 1596 9.
688 1566 938 1595 coercerentur
966 1559 1071 1596 GMaz
1102 1564 1212 1597 tacite
1240 1564 1396 1598 correxit
1422 1563 1617 1598 Rhenanus

453 1609 509 1644 14.
536 1611 681 1655 ingessit
707 1608 781 1644 Ma:
808 1610 951 1644 incessit
979 1610 1018 1646 G.

1549 1516 1615 1549 irr.

1093 1611 1327 1647 :iecinoribus
1356 1611 1440 1648 GMa
1469 1617 1504 1646 et
1533 1612 1594 1646 alil
1607 1624 1648 1661 τί

896 1769 1034 1798 vocant.
1072 1764 1170 1799 Idem
1194 1776 1261 1800 usu
1287 1767 1388 1801 venit
1419 1767 1455 1800 in
1483 1767 1616 1813 templo

896 1812 994 1846 urbis
1021 1813 1155 1848 Romae
1181 1816 1337 1861 geminis
1365 1815 1534 1851 fratribus
1560 1827 1621 1851 sa-

898 1866 1017 1904 crato,
1061 1864 1118 1897 cui
1144 1864 1250 1898 aedes
1278 1865 1464 1899 Castorum
1489 1876 1620 1900 nomen

895 1911 989 1954 apud
1015 1910 1109 1947 Plin.
1134 1913 1176 1947 N.
1187 1912 1229 1946 Η.
1246 1914 1275 1947 Χ
1295 1913 1343 1948 60
1363 1914 1460 1961 (43),
1476 1913 1621 1949 XXXIV

899 1961 937 1993 ll
969 1960 1045 2005 (6).
1074 1959 1129 1996 Cf.
1154 1961 1455 2008 Regionariorum
1483 1962 1623 1998 deseri..

896 2009 972 2052 ptio
999 2009 1089 2055 fleg.
1123 2009 1225 2044 vul:
1254 2011 1416 2057 templum
1436 2012 1622 2046 Castorum

895 2057 943 2090 ad
967 2057 1085 2091 lacum
1112 2059 1297 2094 Iuturnae.
1333 2061 1483 2095 Sueton.
1513 2061 1619 2096 Caes.

898 2107 966 2142 10:
1002 2107 1157 2141 evenisse
1196 2108 1263 2142 sibi
1298 2108 1470 2154 (Bibulus
1497 2110 1620 2157 dixit),

894 2155 984 2199 quod
1004 2155 1158 2190 Polluci:
1185 2163 1223 2191 at
1249 2159 1341 2191 enim
1365 2159 1513 2204 yeminis
1538 2161 1621 2204 fra-

894 2203 1003 2238 tribus
1029 2205 1134 2239 aedes
1161 2206 1200 2239 in
1224 2208 1304 2251 foro
1329 2208 1518 2241 constituta
1535 2214 1620 2242 tan-

894 2260 964 2286 tum
992 2252 1152 2287 Castoris
1177 2262 1390 2297 vocaretur,
1431 2257 1484 2290 ita
1519 2269 1620 2291 suam

896 2302 1129 2346 Caesarisque
1180 2305 1455 2347 munificentiam
1513 2306 1619 2340 unias

895 2350 1063 2383 Caesaris
1091 2351 1174 2385 dici.

952 2409 1115 2444 aqqerem
1127 2401 1229 2434 viae.-
1254 2402 1348 2434 viam
1366 2412 1504 2447 aggere
1527 2412 1619 2436 con-

895 2452 998 2491 gesto
1025 2446 1096 2482 alte
1125 2448 1288 2483 eductam
1318 2450 1514 2497 intelligit,
1558 2453 1616 2485 cui

893 2504 1023 2530 nomen
1059 2497 1262 2537 Postumiae
1300 2499 1350 2544 (H
1394 2498 1556 2546 11121),
1597 2511 1618 2534 a

894 2542 1070 2579 Cremona
1089 2546 1317 2589 Bedriacum,
1330 2548 1518 2590 Mantuam,
1542 2549 1617 2582 Ve-

893 2602 1015 2627 ronam
1043 2594 1245 2630 duceutem.
1279 2596 1399 2631 Aedes
1428 2595 1616 2631 Castorum

892 2643 987 2676 inter
1018 2641 1229 2678 Cremonam
1257 2649 1292 2679 et
1317 2643 1534 2679 Bedriacum
1560 2646 1615 2678 si-

892 2695 948 2733 ta,
990 2692 1197 2726 Vitellianis
1222 2694 1258 2726 iu
1287 2694 1452 2735 sinistra,
1497 2692 1614 2726 Otho-

892 2740 1009 2773 niauis
1048 2742 1084 2774 in
1115 2741 1252 2786 ‘dextra
1283 2742 1366 2774 viae
1411 2745 1522 2785 parte.
1574 2741 1613 2775 ln

892 2796 936 2820 eo
963 2797 1100 2834 aggere
1125 2784 1207 2822 'cum
1233 2798 1298 2832 per
1327 2790 1441 2823 aciem
1467 2794 1615 2834 praeto-

891 2837 966 2868 riae
991 2836 1160 2870 cohortes
1190 2837 1389 2871 consistere
1416 2837 1475 2872 vel
1506 2838 1610 2873 ince-

892 2883 977 2916 dere
1004 2891 1074 2916 non
1102 2889 1262 2927 possent,
1291 2892 1372 2919 eum
1398 2884 1482 2920 altis
1508 2885 1609 2921 ordi-

892 2931 996 2965 nibus
1022 2933 1077 2978 (in
1106 2931 1303 2981 Ουιωιηεη)
1331 2933 1535 2970 obtinuere.

964 2977 1090 3014 dextra
1123 2981 1243 3025 stoue
1270 2981 1390 3029 prima
1433 3005 1478 3012 -
1505 2984 1611 3030 qnin-

1635 1183 1708 1278 ll„
1738 1249 1768 1282 ε,

1735 1289 1762 1317 ἰ
