1768 3216
121 197 142 222 ι
167 184 208 222 0.
235 186 295 223 69.
389 193 425 240 ’.ρ
596 185 734 222 LIBER
757 184 785 222 I.
837 186 926 223 Gn.
955 186 1114 225 29—31.
1588 192 1636 227 87

118 304 241 348 vobis
274 305 499 347 Caesarem
530 303 647 346 dixit.
709 304 753 346 Si
791 316 862 347 res
901 305 1068 359 publica
1107 310 1148 349 et
1185 311 1356 350 senatus
1388 312 1429 350 et
1458 309 1634 364 populus

118 392 226 423 vana
258 380 427 422 nomina
457 384 567 432 sunt,
600 372 756 432 vestm,
791 381 1121 435 commilitones,
1156 383 1334 425 interest
1363 396 1416 426 ne
1449 384 1636 439 impera-

118 460 253 499 torem
297 456 470 511 pessimi
516 455 687 498 faciant.
749 455 983 511 Legionum
1036 457 1190 500 seditio
1237 459 1442 502 adversus
1503 460 1634 503 duces
1713 505 1721 513 Α

90 543 218 574 ‚suos
255 531 397 574 audita
436 534 502 573 est
539 529 787 594 aliqua-ndo:
826 535 968 573 vestra
1008 532 1112 575 fides
1153 533 1348 589 famaque
1388 535 1549 578 inlaesa
1580 514 1766 609 adpfff-

115 606 226 649 bunc
257 605 368 648 diem
400 606 563 647 mansit.
622 605 673 647 Et
700 605 812 647 Nero
845 617 1012 661 quoque
1050 619 1128 649 vos
1169 608 1378 663 destituit,
1427 623 1513 653 non
1555 623 1632 654 vos
1648 608 1682 657 ε’
1706 599 1768 663 ’4,ῃῖ

114 679 338 724 Neronem.
389 680 525 722 Minus
557 680 727 736 triginta
758 672 1003 737 transfugae
1035 686 1076 724 et
1107 682 1364 737 desertores,
1399 695 1504 740 quos
1528 698 1636 728 cen-

115 755 323 798 turionem
355 761 424 798 aut
454 756 663 798 tribunum
695 756 775 798 sibi
817 756 1020 812 eligentes
1058 770 1182 800 nemo
1214 758 1367 812 ferret,
1416 760 1636 815 imperium

115 830 424 887 adsignabunt‘?
462 831 692 874 Admittitis
725 832 989 887 exemplum?
1030 837 1071 875 et
1109 834 1369 887 quiescendo
1412 847 1635 879 commune

115 906 275 949 crimen
316 907 485 949 facitis?
528 907 818 950 Transcendet
859 908 966 950 haec
997 907 1167 950 licentia
1207 909 1249 950 in
1287 910 1553 964 provincias3
1594 916 1635 954 et

115 982 168 1025 ad
200 995 278 1026 nos
307 982 516 1026 scelerum
547 984 706 1036 exitus,
754 983 958 1026 bellorum
999 983 1052 1026 ad
1091 997 1168 1026 vos
1200 985 1479 1039 pertinebunt.
1542 986 1633 1029 Nec
1650 997 1687 1027 ιο

114 1061 179 1100 est
206 1051 298 1112 pl‘us
337 1057 449 1112 quod
491 1070 568 1112 pro
601 1058 734 1100 caede
771 1058 974 1113 principis
1014 1070 1136 1113 quam
1179 1059 1291 1114 quod
1332 1060 1629 1104 innocentibus

114 1132 249 1186 datur,
281 1133 357 1176 sed
387 1132 563 1188 perinde
595 1146 618 1175 a
649 1133 771 1175 nobis
804 1133 1047 1176 donativum
1078 1135 1132 1176 ob
1163 1134 1287 1177 fidem
1320 1148 1442 1191 quam
1464 1137 1515 1179 ab
1537 1136 1631 1179 aliis

43 1211 98 1251 :31
114 1208 414 1271 pro-facinore
446 1204 691 1263 accipietis.'
750 1208 934 1263 Dilapsis
966 1209 1325 1263 speculatoribus,
1379 1215 1520 1254 cetera
1550 1221 1635 1254 co-

115 1283 214 1326 hors
254 1295 340 1326 non
380 1287 602 1337 aspernata
643 1284 980 1337 contionantem,
1023 1288 1067 1326 ut
1107 1285 1283 1327 turbidis
1314 1286 1441 1328 rebus
1475 1287 1630 1341 evenit,

114 1351 404 1414 forte‘magis
446 1363 487 1400 et
527 1357 638 1400 nullo
680 1358 816 1401 adhuc
858 1359 1036 1401 consilio
1078 1364 1198 1414 parat
1239 1361 1362 1416 signa
1399 1374 1537 1415 quam,
1584 1366 1630 1404 ut
1648 1371 1685 1399 ιε.

113 1439 260 1489 postea
291 1434 495 1477 credit-um
527 1439 604 1488 est,
637 1434 803 1477 insidiis
835 1439 878 1477 et
907 1435 1188 1492 simulatione.
1247 1436 1400 1479 Missus
1424 1441 1465 1480 et
1486 1437 1632 1480 Celsus

255 1598 286 1632 1.
315 1609 384 1632 ces.
417 1596 484 1633 Ma.
536 1609 642 1644 remp.
670 1596 735 1632 Ma.
806 1599 840 1634 2.
867 1609 964 1632 vana
990 1597 1049 1633 CG
1077 1603 1113 1632 et
1139 1597 1388 1634 Oxonienses:
1419 1597 1473 1633 Ma
1500 1609 1629 1634 vacua.

76 1681 78 1683 ,
111 1647 146 1682 3.
173 1646 340 1681 adversus
367 1647 464 1689 Gna,
490 1657 564 1682 non
594 1647 791 1681 adversum.
870 1650 907 1682 4.
944 1647 1012 1691 fide
1040 1646 1104 1682 Ma.
1219 1647 1253 1682 9.
1282 1653 1390 1681 traso.
1422 1646 1488 1682 Ma.
1571 1649 1626 1683 12.

108 1695 216 1742 pinde
243 1706 323 1729 cum
347 1708 370 1741 p
397 1696 548 1730 caudato
575 1696 755 1743 (proinde)
784 1694 850 1738 Ma,
883 1695 1031 1740 prouide
1062 1695 1109 1730 G:
1151 1705 1243 1729 corr.
1277 1695 1484 1730 Rhenanus.
1564 1695 1631 1729 do-

110 1745 268 1779 nativum
292 1744 402 1778 editio
429 1745 618 1789 princeps:
646 1743 730 1778 (ιίΜέι
759 1744 938 1778 donativo.
998 1745 1168 1789 perendie
1198 1763 1234 1770 —-
1266 1744 1431 1778 donativo
1459 1744 1629 1779 Bezzen-

110 1793 255 1840 berger.
335 1795 390 1828 14.
419 1794 689 1828 concionantem
720 1803 816 1826 nunc
843 1791 907 1827 Ma.
984 1794 1141 1827 eventior
1167 1799 1199 1827 te
1222 1794 1334 1838 magis
1363 1792 1435 1828 Ma:
1467 1795 1626 1828 correxit

110 1841 280 1876 Pichena.
368 1843 422 1877 ¹5.
450 1848 483 1876 et
511 1853 583 1876 non
608 1842 705 1876 nullo
733 1840 838 1876 Gllaz
866 1843 1023 1876 correxit
1048 1841 1330 1877 Freinshemius.
1405 1853 1478 1888 par
1503 1844 1627 1888 signas

110 1889 176 1934 Ma,
201 1902 288 1936 pars
314 1891 437 1935 inqens
464 1891 511 1925 G:
536 1897 646 1937 parat
673 1891 778 1936 siqua
804 1890 836 1925 A
863 1895 899 1925 et
926 1890 982 1925 ed.
1011 1891 1192 1936 princeps.
1261 1902 1377 1936 quam,
1409 1897 1447 1926 ut
1475 1890 1628 1926 Freins-

110 1940 271 1975 hemius:
300 1939 445 1974 codices
471 1940 572 1985 quod,
597 1940 766 1974 Heinsius
793 1951 908 1985 quam,
936 1940 1040 1986 quod.

111 2086 162 2120 dit
189 2085 394 2121 Rhenanus.
446 2085 664 2120 Donativum
694 2085 826 2119 totiens

110 2135 259 2170 dilatum
286 2135 367 2169 Piso
393 2145 488 2169 nunc
527 2145 608 2169 sero
640 2135 827 2179 promittit.

897 2090 1024 2130 pturae
1046 2085 1074 2131 T1
1101 2088 1185 2119 ante
1214 2084 1304 2129 quod
1330 2083 1521 2119 delituisse
1549 2088 1627 2118 sta-

898 2139 989 2168 tuas.

185 2183 271 2228 Cap.
297 2185 357 2219 31.
409 2185 544 2227 evenit,
589 2185 682 2229 forte
716 2184 828 2228 magis

112 2238 144 2267 et
177 2232 274 2267 nullo
304 2232 420 2267 adhuc
463 2232 632 2267 consilio.-
669 2243 714 2266 ex
740 2231 830 2266 reli..

111 2281 207 2327 quiis
221 2281 373 2316 Medicei
400 2282 556 2315 eventior
582 2287 614 2315 te
641 2282 752 2326 mayis
773 2281 832 2315 lc-

112 2331 260 2364 nissima
304 2331 504 2364 mutatione
545 2329 704 2364 Pichena
744 2329 832 2364 fecit

114 2379 252 2421 evenit,
279 2380 371 2423 forte
398 2379 510 2424 mayis
535 2382 653 2424 (event
680 2392 724 2408 =
750 2390 831 2412 eoe-

114 2429 178 2470 m't,
209 2428 299 2462 ione
326 2429 503 2472 :sorte),
531 2427 576 2462 de
603 2437 673 2473 quo
702 2428 833 2462 etiam-

113 2487 196 2511 num
223 2476 378 2511 dubitari
406 2488 426 2510 a
452 2476 636 2510 nonnullis
663 2478 741 2510 iure
764 2476 832 2509 rni-

114 2527 215 2560 reris.
245 2525 396 2560 Medicei
411 2536 482 2559 non
500 2525 611 2568 nullo,
634 2526 833 2572 negatione

114 2575 310 2619 superioris
346 2585 471 2608 versus
517 2574 610 2608 male
654 2575 828 2620 repetita,

114 2624 326 2668 provenisse
354 2624 493 2657 monuit
520 2623 788 2658 Doederlinius.

190 2683 317 2717 quam,
349 2678 387 2705 ut
415 2677 537 2717 postea
562 2672 732 2706 creditum
757 2677 805 2706 est
821 2683 832 2704 .·

114 2721 286 2755 librorum
313 2722 491 2765 scriptura
515 2721 617 2765 quod,
633 2731 696 2766 pro
718 2731 832 2765 quam,

114 2775 153 2804 ut
178 2780 222 2804 ex
238 2775 321 2814 qaut
347 2770 425 2803 sive
442 2775 534 2813 quot,
557 2768 591 2802 h.
607 2781 638 2804 e.
670 2780 714 2803 ex
732 2780 834 2814 quam

115 2823 152 2852 ut
177 2818 325 2852 iunctim
351 2819 584 2863 pronuntiato
619 2822 655 2852 et
685 2820 832 2863 scripto,

117 2869 237 2899 natum
263 2866 351 2900 mihi
378 2867 532 2901 videtur.
562 2865 598 2900 Si
626 2875 705 2900 cum
719 2867 833 2901 Hein-

117 2914 172 2948 sio
199 2924 313 2959 quam,
341 2915 431 2961 quod
459 2915 585 2962 legere
612 2914 735 2958 malis,
763 2924 834 2950 vo-

119 2973 196 2997 cem
231 2973 334 3008 quam
373 2964 418 2999 ob
455 2964 706 3010 compendium
742 2965 835 3000 scri-

974 2182 1095 2217 C'elsus
1123 2182 1262 2216 Marius
1303 2182 1351 2216 ad
1377 2182 1506 2216 electos
1533 2182 1627 2227 llly-

899 2231 969 2266 rici
1003 2232 1201 2265 exercitus.-
1253 2231 1350 2266 conf.
1391 2231 1457 2264 XV
1483 2231 1553 2266 25:
1595 2236 1629 2264 et

900 2281 990 2325 legio
1018 2281 1141 2325 quinta
1165 2280 1312 2314 decuma
1339 2279 1485 2314 ducente
1505 2279 1625 2313 Mario

903 2329 1004 2364 Celso
1049 2329 1227 2374 (legionis
1257 2328 1400 2374 legato)
1435 2340 1452 2362 e
1478 2327 1627 2361 Panno-

902 2379 966 2411 nia
991 2378 1132 2412 adiecta
1166 2383 1238 2419 est3
1280 2377 1422 2411 adiecta
1458 2381 1543 2411 tunc
1572 2381 1627 2410 est

904 2426 1101 2461 Corbuloni
1129 2427 1255 2470 Syriae
1284 2427 1508 2471 propraetori
1536 2425 1627 2459 Par-

905 2476 984 2510 thos
1011 2475 1252 2510 debellaturo.
1298 2474 1354 2509 cf.
1373 2475 1411 2509 ll.
1440 2474 1466 2509 1.
1494 2475 1529 2509 6.
1565 2474 1622 2508 Vi·

899 2526 1032 2571 psania
1064 2525 1223 2570 porticus
1261 2525 1296 2557 in
1332 2534 1458 2568 campo
1486 2524 1626 2565 Martio,

905 2574 966 2608 ubi
1008 2573 1183 2619 pleraque
1222 2577 1456 2607 monumenta
1487 2573 1626 2618 Agrip-

904 2634 998 2668 pae3
1026 2633 1061 2657 V.
1090 2626 1211 2656 annot.
1242 2621 1286 2656 ad
1310 2621 1375 2655 XV
1390 2621 1448 2656 39.
1481 2620 1623 2654 *Liber-

904 2673 987 2706 tatis
1016 2672 1147 2705 atrium
1172 2681 1256 2704 mox
1288 2674 1524 2704 memoratum
1553 2677 1625 2700 nou

905 2721 941 2754 in
967 2719 1057 2755 aede
1084 2720 1274 2755 Libertatis
1303 2719 1416 2752 fuisse
1443 2719 1477 2751 in
1499 2717 1626 2750 Aven-

904 2769 980 2804 tino
1010 2772 1127 2813 posita
1146 2795 1155 2810 ,
1201 2767 1264 2802 sed
1297 2766 1395 2800 aliud
1422 2763 1626 2800 aedificium

903 2818 1077 2852 Libertati
1115 2825 1254 2851 sacrum
1295 2825 1414 2860 neque
1451 2813 1577 2857 procul
1606 2824 1628 2847 a

905 2876 1031 2910 campo
1061 2866 1169 2899 situm
1190 2863 1403 2897 monstravit
1422 2861 1564 2897 Becker
1589 2862 1627 2895 in

903 2913 1089 2949 Enchirid.
1130 2911 1251 2958 Antiq.
1286 2911 1388 2947 Rom.
1433 2915 1518 2945 tom.
1548 2910 1561 2945 1
1590 2920 1625 2956 p.

906 2960 1113 2998 457-462.
