1768 3216
719 234 1027 271 Hts'romAvau
1414 246 1446 271 a.
1475 245 1511 271 u.
1539 235 1625 274 822.

134 245 207 283 2¹⁷4

133 362 293 404 ratione
323 357 410 401 sola
443 353 616 396 ruebant
626 366 638 404 3
669 354 710 393 et
738 362 983 405 quamquam
1014 350 1135 404 pulsi,
1166 361 1311 392 rursus
1330 349 1373 392 in
1391 350 1497 394 urbe
1517 363 1627 394 con-

133 434 425 490 gregabantur.
470 427 630 469 Aderat
658 426 938 480 pugnantibus
969 429 1180 480 spectator
1208 424 1398 480 populus,
1429 429 1556 480 utque
1581 426 1696 471 iu83

132 508 290 549 ludicro
324 502 562 554 certamine,
592 501 684 553 hos,
717 512 861 542 rursus
886 500 979 542 illos
1005 500 1187 542 clamore
1214 503 1254 542 et
1276 500 1422 554 plausu
1445 499 1626 542 fovebat.

55 626 59 629 ,
131 580 330 630 Quotiens
361 589 459 631 pars
491 576 621 618 altera
652 575 918 628 inclinasset,
967 575 1131 616 abditos
1173 574 1214 615 in
1255 574 1440 617 tabernis
1480 578 1550 617 aut
1591 574 1630 618 si

57 633 60 637 ¹
98 660 248 708 squam
280 652 323 693 in
355 651 519 693 domum
550 635 846 704 perrugffi,
895 649 985 691 erui
1014 648 1275 704 iugularique
1318 648 1629 704 expostulantes

134 732 249 782 parte
280 727 439 768 maiore
469 725 652 779 praedae
683 723 974 778 potiebantur:
1014 736 1108 766 nam
1140 723 1268 765 milite
1299 724 1350 766 ad
1382 724 1630 781 sanguinem

132 806 171 845 et
203 801 355 844 caedes
389 800 569 842 obverso
604 798 738 854 spolia
769 799 811 840 in
842 798 993 853 vulgus
1025 798 1242 840 cedebant.
1304 799 1438 841 Saeva
1469 811 1520 841 ac
1549 798 1631 841 de-

128 877 272 919 formis
304 876 406 918 urbe
442 879 529 916 tota
564 875 711 916 facies.
772 873 885 916 Alibi
915 873 1076 928 proelia
1108 878 1149 915 et
1181 872 1380 926 vulnera,
1421 873 1521 915 alibi
1549 873 1630 916 ba-

127 945 262 994 lineae
279 950 566 1005 popinaeque3
587 948 709 991 simul
728 960 854 990 cruor
873 952 914 990 et
930 952 1066 990 strues
1086 960 1324 1002 corporum,
1345 948 1458 990 iuxta
1486 951 1628 990 scorta

78 1032 115 1062 ¹⁰
128 1031 169 1068 et
190 1025 340 1068 scortis
360 1023 536 1075 similes3
557 1027 753 1078 quantum
774 1022 816 1064 in
837 1022 1053 1065 luxurioso
1073 1023 1159 1065 otio
1182 1022 1414 1076 libidinum,
1429 1021 1628 1076 quidquid

128 1102 170 1143 in
185 1099 454 1142 acerbissima
471 1098 708 1153 captivitate
725 1097 947 1151 scelerum,
962 1110 1136 1152 prorsus
1155 1102 1200 1139 ut
1220 1098 1393 1140 eandem
1414 1098 1628 1140 civitatem

129 1181 169 1218 et
212 1177 350 1218 furere
398 1175 596 1218 crederes
644 1179 686 1217 et
733 1174 944 1217 lascivire.
1006 1174 1291 1216 conflixerant
1340 1178 1434 1216 ante
1483 1173 1630 1216 armati

131 1251 339 1293 exercitus
370 1251 411 1292 in
442 1250 559 1304 urbe,
605 1250 671 1291 his
717 1249 845 1291 Lucio
879 1249 990 1292 Sulla
1036 1249 1167 1291 semel
1205 1249 1335 1291 Cinna
1377 1248 1632 1300 victoribus;

0 1341 106 1389 gad-,¹
127 1338 206 1367 nec
237 1330 335 1367 tunc
366 1326 501 1367 minus
534 1325 820 1367 crudelitatis:
854 1337 963 1366 nunc
994 1324 1215 1366 inhumana
1249 1324 1477 1394 securitas,
1509 1327 1551 1366 et
1579 1335 1635 1366 ne

0 1386 19 1423 '¹⁵⁴
49 1386 113 1434 *¹⁵
131 1401 303 1442 minimo
336 1400 501 1454 quidem
532 1400 732 1454 temporis
762 1399 996 1454 voluptates
1027 1399 1305 1441 intermissae.
1366 1397 1488 1441 Velut
1517 1397 1634 1440 sestis

1525 1467 1581 1485 f*

1573 1508 1606 1516 ..κ

267 1573 302 1607 3.
341 1572 403 1606 hos
428 1583 550 1606 rursus
575 1570 648 1615 Ma,
676 1572 713 1605 in
739 1582 810 1618 mg.
841 1582 861 1605 a
885 1581 958 1606 rec.
986 1581 1032 1604 m.
1061 1575 1141 1614 post
1165 1569 1227 1604 hos
1253 1568 1395 1604 additur
1421 1569 1545 1613 modo,·
1569 1569 1632 1605 hos

125 1621 223 1654 modo
251 1620 278 1655 G
305 1625 340 1655 et
366 1621 611 1663 Oxonienses,
638 1622 744 1654 etiam
772 1619 929 1654 editores
955 1629 1069 1664 usque
1094 1619 1137 1652 ad
1163 1619 1233 1653 lac.
1264 1618 1494 1654 Gronovium.
1595 1619 1630 1654 7.

125 1670 244 1715 volgus
272 1668 329 1703 Or.
405 1670 439 1704 8.
468 1670 582 1704 lacies
609 1668 681 1703 Ma:
710 1669 737 1703 G
767 1671 891 1714 facies.
969 1668 1034 1702 alii
1057 1680 1113 1713 pr.
1142 1667 1215 1701 Ma:
1242 1672 1441 1701 correctum
1459 1668 1562 1713 ,inest
1589 1667 1629 1702 G.

124 1717 271 1751 volnera
301 1717 360 1752 Or.
453 1718 486 1753 9.
511 1719 706 1764 popineque
733 1716 798 1751 Ma.
903 1723 1043 1751 cruoret
1070 1722 1102 1750 et
1126 1714 1192 1750 Ma.
1279 1717 1334 1752 10.
1364 1715 1528 1761 quidquid
1552 1713 1630 1751 15¹³:

125 1766 286 1811 quicquid
313 1767 341 1801 G
368 1769 452 1812 (per
490 1770 641 1813 comp.).
752 1768 806 1802 12.
838 1766 991 1800 fortasse
1022 1765 1090 1799 fnit
1118 1771 1149 1799 et
1173 1771 1267 1800 ante.
1371 1765 1427 1800 13.
1454 1763 1538 1799 silla
1562 1763 1628 1800 Ma.

125 1943 249 1967 norum
277 1933 371 1978 quod
410 1934 448 1967 in
481 1934 558 1977 ripa
583 1933 720 1967 Tiberis
754 1943 841 1977 pro-

127 1983 236 2015 cessit
278 1987 312 2015 et
353 1982 567 2025 praesidium
608 1981 841 2015 vitellianum

126 2029 210 2063 huic
238 2031 450 2074 oppositum.

199 2090 321 2112 rursus
346 2079 384 2111 in
401 2078 485 2111 urbe
513 2078 839 2123 congregabantur:

125 2126 194 2160 tria
219 2127 361 2172 agmina
389 2131 489 2160 extra
515 2126 636 2160 urbem
653 2137 717 2160 suo
735 2126 842 2171 quid-

80 2190 83 2215 ι,
126 2185 195 2218 que
238 2174 319 2208 loco
357 2174 461 2219 pulsa
503 2176 539 2209 in
584 2175 671 2209 urbe
720 2175 841 2208 rursus

125 2223 447 2268 congregabantur.
464 2223 534 2257 Iam
549 2229 631 2267 apte
645 2223 842 2257 lascivien-

123 2271 168 2303 tis
196 2271 320 2315 populi
347 2271 446 2306 furor
477 2277 512 2306 et
537 2273 700 2306 immanis
729 2271 839 2306 libido

123 2323 277 2366 notatur.

197 2367 282 2411 Cap.
301 2367 359 2402 83.
400 2368 473 2410 hos,
500 2380 623 2403 rursus
647 2369 748 2403 illos.-
777 2380 840 2403 ca-

127 2414 206 2448 dem
233 2415 410 2449 brevitate
438 2416 479 2450 H.
506 2416 552 2450 111
578 2419 624 2452 22
649 2417 702 2451 his
718 2444 727 2459 ,
755 2429 840 2450 rm·-

123 2474 180 2496 sus
206 2463 278 2497 illis
305 2464 493 2497 exitiabile.
593 2466 718 2499 scortis
740 2467 840 2499 simi-

124 2509 199 2544 les.-
226 2516 309 2545 sunt
335 2512 403 2545 viri
431 2512 620 2547 muliebria
646 2514 836 2556 patientes.

196 2561 430 2605 conflixerant
457 2567 538 2594 ante
576 2563 706 2595 armati
734 2573 839 2595 escer-

124 2608 234 2642 citus:
265 2608 440 2652 particula
472 2615 504 2642 et
541 2619 605 2652 per
643 2609 798 2643 litteram
828 2616 840 2643 t

121 2656 223 2690 verbi
250 2658 412 2700 proxime
447 2658 696 2702 praecedentis
735 2660 839 2703 (con-

121 2705 301 2751 flioeerant)
327 2705 455 2739 hausta
480 2716 560 2740 esse
576 2706 752 2740 videatur.
781 2707 839 2740 Sic

126 2752 218 2786 solet
242 2752 382 2788 Tacitus
419 2755 454 2787 in
493 2754 600 2788 rebus
634 2766 678 2788 ex
712 2760 838 2789 vetere

122 2803 293 2836 memoria
325 2803 516 2847 repetitis,
568 2803 682 2838 veluti
730 2803 838 2848 paulo

122 2854 204 2882 ante
231 2852 282 2894 (c.
313 2851 396 2895 72):
432 2858 571 2886 arserat
595 2858 628 2886 et
654 2858 735 2886 ante
763 2852 837 2885 Ca-

117 2897 287 2940 pitolium.
339 2899 436 2933 Idem
463 2911 492 2933 c.
521 2901 590 2935 51:
630 2906 782 2935 ceterum
807 2906 840 2935 et

117 2945 295 2987 prioribus
336 2948 462 2982 civium
497 2948 595 2984 bellis
622 2961 693 2996 par
726 2948 839 2984 scelus

121 2990 308 3028 inciderat.

991 1933 1089 1977 festis
1130 1933 1270 1967 diebus:
1310 1933 1387 1967 dies
1426 1932 1510 1968 festi
1542 1937 1630 1974 >sunt

913 1981 1076 2023 Saturni,
1106 1981 1263 2015 Ocriculi
1297 1981 1340 2015 ab
1371 1982 1534 2016 exercitu
1559 1982 1628 2016 Ve-

911 2031 1066 2072 spasiani
1094 2031 1213 2074 coepti
1239 2034 1346 2075 atque
1373 2031 1564 2064 etiamnum
1593 2030 1629 2064 in

910 2078 998 2112 urbe
1026 2077 1210 2111 celebrati.

971 2127 1175 2160 exultabant
1187 2126 1418 2172 fruebantur.-
1443 2131 1525 2160 sunt
1543 2137 1630 2162 ver-

911 2174 955 2208 ba
972 2201 980 2217 ,
1016 2185 1106 2219 quae
1134 2177 1168 2208 in
1195 2174 1333 2208 ludicro
1363 2176 1558 2210 certamine
1585 2175 1630 2210 de

911 2224 1173 2267 spectatoribus
1211 2223 1281 2257 dici
1320 2223 1464 2267 solent3
1508 2223 1630 2258 Theo-

912 2272 1010 2306 disce
1035 2273 1085 2306 sie
1105 2272 1296 2315 junctu-ten
1322 2274 1397 2317 auf,
1415 2272 1630 2307 viberliesdm

910 2321 985 2354 sich
1013 2321 1088 2354 dem
1116 2321 1279 2355 Genusse.
1314 2319 1537 2355 Fruebantur
1561 2331 1629 2355 au-

911 2373 980 2402 tem
1010 2370 1172 2414 quamvis
1199 2369 1275 2403 diro
1301 2369 1509 2413 spectaculo
1536 2376 1628 2405 tam-

911 2428 1014 2462 quam
1043 2428 1193 2451 amoeno
1229 2423 1264 2451 et
1297 2417 1364 2451 sibi
1392 2423 1505 2463 grato.
1574 2417 1630 2452 De

910 2465 1060 2499 libidine
1106 2466 1251 2510 expleta
1290 2470 1325 2499 et
1364 2466 1551 2510 voluptate
1584 2466 1628 2500 ab

911 2515 989 2557 ipso
1017 2518 1203 2557 spectante
1241 2513 1376 2558 populo
1411 2519 1514 2558 rapta
1553 2515 1628 2549 noli

911 2563 1092 2607 cogitare:
1121 2562 1164 2595 ad
1183 2562 1216 2595 id
1234 2561 1404 2596 licentiae
1422 2562 1527 2597 miles
1546 2567 1628 2597 tan·
1684 2592 1698 2598 ,

910 2615 982 2642 tum
1011 2611 1177 2644 excessit.

983 2657 1068 2702 Cap.
1098 2657 1156 2693 84.
1211 2660 1249 2693 in
1276 2659 1535 2705 oppugnatione
1561 2670 1628 2693 ca-

909 2712 1080 2740 strorum:
1108 2712 1223 2741 castra
1247 2713 1329 2741 sunt
1355 2709 1546 2752 praetoria,
1573 2709 1628 2742 si-

909 2756 1019 2788 nistra
1048 2760 1182 2799 portam
1211 2755 1386 2790 Collinam
1414 2755 1626 2803 ingredien-

909 2803 1014 2837 tibus.

999 2854 1201 2898 praecipuo=
1232 2859 1386 2887 veterum
1432 2852 1626 2887 cohortium

908 2900 1042 2933 studio.-
1070 2907 1203 2935 veteres
1217 2902 1376 2935 cohortes
1403 2900 1490 2945 dicit
1517 2911 1625 2946 prae-

907 2951 1067 2983 torianos
1093 2961 1113 2984 a
1139 2949 1287 2984 Vitellio
1315 2950 1480 2984 dimissos
1505 2949 1567 2994 (H.
1594 2948 1626 2984 11

907 2996 988 3044 67),
1020 3001 1080 3043 qui
1106 3008 1219 3034 novas
1246 3009 1267 3033 a
1292 2997 1441 3034 Vitellio
1473 2998 1628 3043 scriptas
