1768 3216
177 224 248 265 194
749 222 812 259 DE
838 192 1127 260 ORATovas

175 347 397 401 plerosque
425 354 572 396 senes,
619 342 686 396 qui
714 354 761 384 se
791 355 813 384 a
847 342 943 384 divo
976 351 1141 396 quoque
1170 340 1360 396 Au‘gusto
1391 338 1522 382 semel
1552 343 1674 394 atque

177 421 323 461 iterum
357 418 574 472 accepisse
604 417 867 472 congiarium
900 416 1140 459 narrabant.
1201 415 1264 457 Ex
1293 424 1374 469 quo
1404 413 1548 469 colligi
1575 417 1675 467 pot-

177 498 240 536 est
286 497 326 535 et
362 492 587 534 Corvinum
621 492 672 533 ab
713 491 794 533 illis
836 495 877 533 et
913 491 1103 533 Asinium
1143 490 1278 532 audiri
1318 489 1535 544 potuisse:
1578 494 1673 530 nam

177 568 381 610 Corvinus
413 568 455 608 in
482 567 664 609 medium
693 578 826 621 usque
856 566 1033 622 Augusti
1052 565 1341 620 principatum,
1378 563 1551 606 Asinius
1569 575 1676 618 pae—

144 654 228 685 5ne
259 643 310 685 ad
344 647 572 685 extremum
602 642 779 684 duravit.
839 641 900 684 Ne
933 641 1127 684 dividatis
1158 640 1366 693 seculum,
1416 642 1458 682 et
1482 638 1675 693 antiquos

175 730 225 759 ac
255 722 419 760 veteres
462 717 623 759 vocetis
666 720 855 758 oratores
901 726 1004 770 quos
1033 715 1262 758 eorundem
1293 714 1506 757 hominum
1549 719 1672 756 aures

174 804 409 847 agnoscere
440 805 489 834 ac
520 791 632 834 velut
663 790 921 846 coniungere
952 794 993 832 et
1024 790 1221 844 copulare
1250 793 1485 844 potuerunt.
1559 788 1673 831 Haec
1688 787 1743 827 18

175 867 271 909 ideo
299 867 516 921 praedixi,
561 871 605 908 ut
632 866 666 908 si
699 878 777 920 qua
808 872 860 908 ex
889 865 1036 907 horum
1069 869 1279 908 oratorum
1315 865 1423 907 sama
1454 862 1672 920 gloriaque

174 942 263 984 laus
292 942 548 996 temporibus
582 941 837 994 adquiritur,
874 940 1049 982 eandem
1080 940 1278 983 docerem
1307 940 1349 981 in
1378 938 1519 981 medio
1550 938 1671 981 sitam

124 1021 216 1057 met
258 1016 496 1070 propiorem
545 1016 667 1057 nobis
715 1027 837 1069 quam
877 1015 1024 1057 Servio
1067 1014 1223 1057 Galbae
1254 1018 1323 1057 aut
1354 1014 1458 1056 Gaio
1491 1013 1673 1056 Carboni

175 1102 362 1144 quosque
393 1091 497 1132 alios
527 1090 675 1132 merito
701 1090 892 1144 antiquos
911 1090 1218 1132 vocaverimus.
1263 1090 1364 1132 Sunt
1384 1089 1494 1130 enim
1512 1087 1674 1130 horridi

173 1170 214 1207 et
244 1165 415 1219 impoliti
460 1170 501 1206 et
539 1165 664 1207 rudes
696 1169 737 1206 et
767 1165 990 1216 informes,
1025 1169 1065 1205 et
1094 1176 1197 1218 quos
1227 1164 1383 1206 utinam
1415 1163 1527 1205 nulla
1551 1166 1674 1218 parte

172 1240 351 1281 imitatus
396 1243 511 1281 esset
560 1238 710 1280 Calvus
756 1243 899 1281 vester
941 1242 1011 1280 aut
1048 1237 1211 1280 Caelius
1256 1242 1324 1280 aut
1374 1237 1465 1293 ipse
1509 1237 1673 1280 Cicero.

290 1401 326 1434 4.
352 1410 441 1445 pene
468 1399 503 1432 P.
615 1399 650 1434 6.
675 1398 807 1433 nocetis
832 1397 880 1432 P:
907 1398 1064 1433 vocitetis
1090 1397 1128 1432 F.
1249 1399 1284 1434 9.
1312 1397 1512 1443 adquiritur
1541 1397 1576 1440 Ρ,
1599 1407 1671 1431 non

170 1449 377 1493 acquiritur.
545 1447 600 1483 10.
628 1448 752 1493 Serqio
780 1447 816 1482 P.
872 1447 877 1452 “
919 1447 1052 1482 Galbae
1078 1452 1140 1481 aut
1166 1446 1219 1482 ,0.
1249 1448 1397 1481 carboni
1419 1446 1473 1480 FP
1488 1457 1497 1480 ι
1526 1445 1671 1489 Galbae,

172 1497 259 1531 Caio
285 1496 442 1531 Carboni
466 1501 608 1531 veteres
636 1496 825 1531 editiones.
902 1497 958 1532 12.
1009 1495 1110 1530 nulla
1134 1495 1178 1529 P:
1204 1495 1319 1531 inulla
1343 1495 1370 1530 F
1394 1490 1488 1530 teste
1514 1493 1672 1530 Schrau-

170 1547 232 1590 ti0,
259 1557 303 1580 ne
330 1547 369 1580 in
394 1545 459 1579 illa
485 1546 654 1580 Muretus.
736 1546 789 1581 13.
820 1544 959 1579 Coelius
984 1545 1021 1588 P,
1050 1549 1087 1578 ut
1114 1544 1219 1579 solet.

959 1703 1070 1738 libros
1099 1703 1142 1738 de
1158 1703 1320 1747 Oratore,
1349 1703 1546 1746 Oratorem,
1573 1711 1674 1736 com-

959 1753 1171 1787 mentarium
1198 1753 1243 1787 de
1271 1752 1413 1798 Optimo
1440 1761 1575 1798 genere
1589 1761 1673 1785 ora-

959 1806 1072 1835 torum
1101 1801 1297 1848 diligenter
1327 1801 1442 1848 legit,
1482 1805 1672 1846 antequam

170 1702 340 1737 Thesauri
366 1702 568 1736 Morelliani
597 1708 680 1736 tom.
709 1703 740 1738 11
767 1714 801 1748 p.
818 1703 890 1739 369

171 1756 284 1794 exin,
332 1750 499 1786 Eckhelii
545 1751 719 1786 Doctrina
759 1762 890 1786 numo-

169 1811 245 1834 rum
272 1805 434 1834 veterum
462 1804 486 1833 t.
514 1800 558 1834 Vl
587 1811 620 1845 p.
647 1802 719 1836 353
747 1806 782 1835 et
803 1801 889 1836 354.

170 1849 338 1883 Nummus
375 1849 442 1882 'riti
480 1859 500 1882 a
528 1849 757 1883 illediobarbo
797 1849 889 1894 (Im-

170 1903 372 1942 peratorum
390 1898 600 1931 numismata
628 1909 662 1942 p.
678 1899 763 1944 121)
788 1908 887 1932 com-

170 1951 410 1989 memoratus,
447 1947 481 1978 in
521 1956 591 1990 quo
627 1946 760 1981 CONG.
789 1946 887 1981 TER.

170 1994 207 2027 P.
239 1995 279 2027 R.
319 1993 406 2028 IMP.
442 1993 551 2027 MAX.
580 1994 681 2028 DAT.
722 1996 888 2041 (congia-

170 2043 261 2075 rium
299 2042 436 2075 tertium
471 2041 599 2086 populo
626 2044 786 2077 Romano
819 2045 888 2077 im-

166 2091 285 2135 pensis
310 2089 470 2123 mam-imis
495 2089 641 2134 datiam),
677 2091 888 2125 subditicius

171 2143 243 2172 est:
271 2137 316 2172 cf.
343 2137 541 2172 Eckhelius
570 2143 593 2171 t.
610 2139 656 2173 Vl
684 2150 718 2184 p.
735 2141 819 2175 354.

244 2233 328 2278 Cap.
361 2234 416 2269 18.

173 2283 260 2316 Gaio
278 2283 436 2316 Carboni
451 2295 461 2315 .·
479 2282 620 2317 Tacitus
637 2284 779 2317 iuvenis
796 2294 888 2329 quae

171 2331 214 2365 de
241 2332 377 2365 veteris
407 2332 487 2365 aevi
519 2332 718 2366 oratoribus
746 2333 782 2365 in
819 2332 888 2366 boc

170 2390 280 2423 opere
308 2380 502 2423 delibavit,
540 2382 576 2415 in
616 2381 660 2414 iis
701 2380 887 2414 Ciceronis

170 2429 316 2461 Brutum
345 2433 527 2462 auctorem
560 2434 595 2463 et
625 2429 749 2463 ducem
780 2430 887 2463 unice

169 2481 314 2509 secutus
334 2482 399 2518 est,
422 2482 460 2510 ut
486 2488 565 2511 cum
582 2489 626 2511 ex
647 2477 726 2511 aliis
744 2478 887 2511 indiciis

171 2524 346 2570 colligere
376 2526 464 2559 licet
492 2526 560 2570 (cf.
590 2527 695 2559 tertia
711 2531 746 2560 et
761 2531 885 2571 quarta

170 2572 274 2606 huius
302 2574 430 2617 capitis
456 2575 638 2607 annotatio
655 2578 689 2607 et
719 2574 762 2607 ad
789 2585 820 2608 c.
838 2577 883 2611 21

169 2621 261 2656 et28
276 2626 311 2655 et
322 2623 388 2668 40)
410 2626 444 2655 et
463 2622 648 2656 luculente
668 2624 886 2666 perspicitur

169 2680 214 2702 ex
256 2670 378 2704 verbis
415 2681 506 2715 quae
539 2682 570 2704 c.
599 2672 647 2706 30
690 2670 884 2716 leguntur:

167 2724 268 2752 nolus
295 2725 344 2752 est
369 2719 464 2752 vobis
489 2720 605 2763 utique
634 2719 816 2753 Ciceronis
837 2719 884 2752 li-

169 2767 229 2799 ber
254 2768 312 2811 qui
328 2768 455 2801 Brutus
470 2768 702 2810 inscribitur3
728 2769 767 2801 in
786 2768 885 2801 cuius

168 2821 324 2848 extrema
347 2822 450 2861 parte
478 2821 577 2861 (nam
602 2817 705 2863 prior
731 2827 883 2850 comme-

165 2865 395 2897 morationem
421 2870 574 2899 velerum
606 2871 785 2899 oratorum
813 2864 882 2898 ha-

166 2911 235 2957 bet)
260 2923 325 2946 sua
351 2913 474 2956 initia,
510 2925 589 2947 suos
614 2914 746 2959 yradus
771 2915 882 2959 refert

167 2965 235 2994 cet.
287 2960 341 2994 Ex
369 2963 498 2996 ceteris
527 2962 711 2997 Ciceronis
736 2963 880 3008 scriptis

478 2235 602 2268 Servio
649 2235 782 2270 Galbae
829 2241 889 2269 aut

959 1850 1003 1884 ad
1023 1850 1092 1885 hoc
1117 1850 1328 1895 opusculum
1357 1849 1522 1885 accessit.
1573 1848 1674 1883 Nunc

959 1899 1073 1945 igitur
1108 1900 1268 1944 respexit
1300 1909 1391 1944 quae
1423 1899 1459 1932 in
1490 1897 1600 1932 Bruto
1629 1896 1673 1932 de

961 1947 1124 1982 Carbone
1155 1953 1191 1982 et
1217 1947 1329 1982 Galba
1362 1946 1564 1982 oratoribus
1598 1950 1673 1980 tra-

959 1995 1090 2030 duntur
1117 2008 1148 2031 c.
1174 1998 1217 2032 21
1248 2001 1283 2031 et
1309 1998 1355 2032 22
1385 2000 1421 2030 et
1451 1995 1519 2039 27‚·
1546 2005 1672 2030 verum

959 2055 1051 2088 quae
1079 2044 1206 2078 Cicero
1234 2045 1329 2079 laudi
1356 2044 1478 2086 vertit,
1505 2043 1595 2078 haec
1620 2044 1672 2077 ir-

957 2093 1048 2126 risor
1074 2093 1318 2138 antiquitatis,
1357 2092 1498 2137 qualem
1533 2091 1672 2125 Tacitus

958 2141 1090 2185 Aprum
1119 2142 1308 2185 expressit,
1333 2150 1405 2174 non
1430 2141 1583 2184 accepit,
1609 2139 1672 2174 sed

958 2189 1048 2223 nihil
1076 2191 1144 2223 nisi
1173 2189 1371 2235 impolitum
1399 2194 1434 2223 et
1460 2188 1547 2223 rude
1572 2189 1672 2223 iniis

959 2237 1206 2283 deprehendit.

1018 2342 1099 2375 quos
1123 2333 1257 2366 utinam
1272 2330 1372 2365 nulla
1394 2333 1497 2376 parte
1519 2330 1672 2365 imitatus

957 2385 1043 2413 esset
1059 2380 1209 2414 Calvus:
1227 2380 1361 2414 codicis
1385 2379 1410 2412 Ρ
1435 2379 1545 2424 forma
1572 2379 1672 2413 mdia

954 2428 1129 2462 solvenda
1152 2429 1293 2463 videtur
1311 2440 1355 2462 ne
1374 2427 1492 2461 nulla:
1530 2436 1611 2461 nam
1634 2432 1673 2460 ut

953 2476 1039 2520 Apri
1059 2482 1180 2510 votum
1196 2479 1288 2511 iuste
1302 2478 1481 2519 efferatur,
1496 2475 1672 2520 particula

952 2535 997 2557 ne
1011 2526 1136 2570 utique
1151 2525 1343 2559 desiderari
1356 2523 1508 2558 videtur.
1528 2523 1672 2558 Ablati-

954 2583 1019 2606 vus
1045 2574 1124 2608 sine
1152 2574 1422 2618 praepositione
1446 2573 1485 2606 in
1504 2572 1669 2606 vindica-

953 2626 1009 2654 tur
1034 2622 1231 2666 similibus,
1268 2622 1380 2656 veluti
1413 2621 1514 2655 nulla
1551 2627 1668 2666 parte,

953 2671 1048 2704 omni
1070 2677 1193 2717 parte,
1233 2671 1277 2705 de
1305 2670 1434 2716 quibus
1462 2669 1669 2704 cf.Forcel-

954 2718 1061 2753 liuius
1093 2730 1120 2753 s.
1148 2730 1182 2754 v.
1214 2720 1313 2753 Pars.
1347 2718 1486 2753 Utinam
1510 2719 1546 2752 in
1573 2718 1668 2752 votis

953 2769 1133 2813 negativis
1183 2769 1385 2812 promiscue
1426 2777 1504 2801 cum
1547 2776 1592 2800 ne
1633 2770 1670 2800 et

952 2827 1024 2849 non
1049 2818 1234 2862 iungitur:
1261 2827 1341 2849 num
1371 2816 1510 2849 dicatur
1531 2816 1669 2849 utinam

955 2864 1046 2898 nihil
1071 2866 1207 2899 videam
1240 2874 1304 2909 pro
1337 2865 1473 2898 utinam
1506 2873 1552 2897 ne
1588 2862 1670 2908 quid

951 2913 1111 2957 videam,
1161 2917 1222 2948 aut
1252 2913 1387 2947 utinam
1423 2911 1557 2946 nullam
1594 2920 1668 2946 rem

951 2962 1094 2997 audiam
1119 2972 1183 3009 pro
1209 2962 1344 2997 utinam
1376 2970 1422 2995 ne
1454 2959 1563 2995 ullam
1593 2960 1667 2995 rem
