1768 3216
686 208 772 243 Car.
801 209 956 246 23-25.
1533 206 1580 241 41

89 321 209 376 stior,
239 322 418 379 adligari
447 335 493 366 se
520 336 570 366 ac
600 323 745 365 venire
774 323 938 377 patitur.
999 323 1057 365 Ea
1084 326 1148 365 est
1177 322 1220 364 in
1248 333 1297 364 re
1325 333 1453 377 prava
1482 332 1583 376 per-

90 397 276 440 vicacia:
321 399 400 453 ipsi
429 398 551 441 fidem
603 403 768 440 vocant.
846 399 1001 440 Servos
1047 398 1302 452 conditionis
1345 397 1466 439 huius
1508 409 1584 452 per

92 473 346 516 commercia
374 473 569 527 tradunt,
604 478 647 514 ut
678 485 724 515 se
751 485 916 530 quoque
948 474 1109 527 pudore
1139 473 1344 516 victoriae
1377 471 1584 517 exolvant.

22 547 252 605 250eteris
282 548 418 590 servis
446 560 531 590 non
561 549 603 589 in
634 552 820 590 nostrum
852 561 1024 602 morem,
1057 548 1277 603 descriptis
1295 561 1370 603 per
1389 546 1584 590 famiHam

91 621 349 675 ministeriis,
385 626 577 664 utuntur:
612 635 728 665 suam
755 623 929 677 quisque
959 623 1117 676 sedem,
1150 635 1250 665 suos
1270 626 1441 677 penates
1460 621 1617 677 regite»

91 696 301 738 Frumenti
330 697 497 739 modum
530 697 721 739 dominus
754 703 822 739 aut
851 698 1017 752 pecoris
1053 703 1120 739 aut
1148 698 1305 750 vestis,
1336 701 1380 738 ut
1418 697 1584 749 colono,

92 771 292 827 iniungit3
341 776 382 813 et
429 784 575 814 servus
621 773 822 814 hactenus
868 776 1000 826 paret.
1076 772 1225 814 Cetera
1268 772 1414 814 domus
1448 771 1587 813 officia

91 858 199 888 uxor
229 859 279 888 ac
311 846 433 888 liberi
466 851 735 901 exequuntur.
796 847 1031 888 Verberare
1059 859 1224 888 servum
1260 859 1309 888 ac
1341 846 1518 887 vinculis
1549 848 1589 888 et

95 913 222 974 opere
253 923 456 962 coercere
485 932 638 962 rarum.
699 921 907 963 Occidere
937 921 1099 973 solent,
1150 932 1235 962 non
1284 920 1503 974 disciplina
1548 922 1589 960 et

95 994 334 1048 severitate,
369 994 445 1035 sed
476 995 629 1048 impetu
661 999 701 1035 et
732 995 809 1047 ira,
842 999 886 1036 ut
916 994 1143 1047 inimicum,
1171 995 1253 1036 nisi
1282 994 1391 1048 quod
1423 995 1643 1047 impunem

95 1073 171 1111 est.
231 1069 389 1110 Liberti
418 1081 504 1111 non
539 1069 707 1110 multum
751 1081 874 1123 supra
920 1081 1068 1111 servos
1111 1073 1234 1121 sunt,
1281 1081 1378 1112 raro
1422 1068 1589 1124 aliquod

95 1147 350 1186 momentum
382 1144 425 1186 in
457 1143 596 1197 domo,
629 1155 838 1199 nunquam
868 1144 910 1185 in
944 1144 1142 1197 civitate,
1175 1143 1360 1198 exceptis
1393 1143 1592 1185 duntaxat

234 1335 266 1369 1.
293 1332 441 1378 alliqari
466 1332 503 1367 P.
605 1339 705 1368 πεῖνα
731 1332 768 1368 Ρ.
1266 1333 1300 1367 5.
1327 1333 1499 1367 ministris
1528 1343 1591 1367 su-

97 1382 230 1428 pers'cr.
257 1382 300 1415 ab
327 1381 373 1416 al.
398 1392 444 1416 m.
472 1382 570 1416 teriis
595 1380 630 1415 Ρ.
756 1382 789 1416 7.
828 1388 865 1416 ut
902 1394 1021 1416 servus
1053 1391 1229 1426 superscr.
1266 1380 1309 1414 ab
1345 1381 1391 1415 al.
1417 1392 1463 1415 m.
1492 1387 1524 1415 et
1551 1381 1589 1417 Ρ.

101 1433 156 1468 10.
183 1431 322 1476 impunc
343 1430 363 1463 ἔ
388 1432 449 1474 (-.-,
479 1433 542 1474 est)
572 1429 597 1463 P
627 1441 704 1464 cum
730 1429 927 1476 plerisque.
1036 1432 1090 1464 11.
1134 1431 1250 1464 liberti
1279 1451 1323 1458 —-
1350 1435 1592 1475 argumentum

97 1481 192 1527 sune]
213 1480 249 1512 in
262 1478 287 1512 P
304 1478 394 1512 haec
410 1478 446 1511 in
461 1478 531 1512 fine
547 1478 687 1512 demum
700 1490 730 1512 c.
745 1479 791 1513 26
810 1490 829 1512 a
854 1480 966 1523 prima
982 1489 1087 1512 manu
1113 1480 1245 1522 scripta
1270 1483 1363 1521 sunt,
1391 1478 1455 1512 sed
1482 1479 1589 1512 etiam

99 1527 158 1562 hic
183 1528 218 1562 in
247 1526 419 1561 inferiore
458 1528 639 1573 margine,
678 1528 783 1572 signo
820 1528 863 1560 ad
903 1528 1042 1572 impune
1068 1533 1118 1560 est
1145 1528 1284 1571 posito,
1328 1526 1482 1571 ascripta
1508 1531 1590 1560 sunt

98 1580 296 1610 atramento
332 1575 500 1609 dilutiore
542 1580 578 1609 et
603 1576 743 1608 omissis
773 1582 805 1609 et
830 1587 933 1621 super
965 1577 1135 1620 ingenuos
1170 1586 1261 1620 quae
1300 1575 1414 1610 altero
1452 1575 1532 1610 loco
1561 1587 1592 1610 c.

100 1625 147 1660 26
173 1635 243 1658 non
271 1624 419 1668 desunt,
459 1634 538 1658 cum
567 1624 810 1660 admonitione
833 1625 884 1658 ‘in
916 1624 983 1660 boc
1009 1623 1089 1659 loco
1123 1625 1264 1671 potius².

870 1335 903 1368 2.
935 1333 1104 1370 afflictor-s
1129 1333 1167 1366 Ρ.

102 1784 318 1829 exprimeret
352 1787 537 1825 narrator,
579 1783 726 1817 formam
754 1794 814 1817 ra-

101 1833 232 1866 riorem
259 1831 402 1865 videtur
429 1831 600 1877 elegisse.
656 1832 752 1866 Haec
779 1833 815 1865 in

102 1880 240 1915 duobus
279 1880 472 1924 exemplis,
508 1891 600 1925 quae
635 1879 815 1914 Forcelli-

102 1930 183 1963 nius
209 1928 327 1962 attulit
354 1939 398 1962 ex
425 1928 528 1962 Plinii
555 1927 668 1972 Epist.
706 1929 754 1962 lv
780 1928 815 1971 8,

102 1976 233 2022 Apulei
280 1977 420 2011 Metam.
470 1976 568 2018 vul,
611 1976 701 2010 nihil
742 1976 814 2010 dif-

104 2026 174 2060 fert
199 2037 218 2060 a
237 2025 385 2071 vulgata
412 2029 447 2059 et
475 2030 656 2059 contracta
682 2026 814 2060 iunior.

178 2122 263 2167 Cap.
280 2123 338 2158 25.
367 2123 492 2156 ceteris
516 2123 626 2156 servis
647 2146 692 2151 -
709 2128 816 2156 utun-

106 2176 185 2205 tur:
219 2182 240 2205 a
273 2171 388 2205 servis
424 2172 484 2216 qui
524 2181 655 2204 venum
690 2171 818 2204 dantur

107 2219 151 2253 ad
177 2229 239 2253 eos
263 2220 364 2254 venit
389 2220 516 2264 quibus
551 2220 619 2263 ipsi
657 2224 814 2253 utuntur.

108 2268 292 2302 Sententia
330 2272 384 2301 est
417 2268 542 2300 ceteris
576 2268 685 2301 servis
710 2274 818 2301 utun-

108 2321 190 2357 tur,
233 2316 294 2349 sed
318 2326 390 2348 non
425 2316 464 2348 in
499 2321 656 2348 nostrum
687 2327 818 2349 morem

109 2363 290 2409 descriptis
314 2375 378 2408 per
403 2361 579 2407 familiam
601 2363 815 2397 ministeriis.

109 2411 319 2446 Massmanni
343 2412 550 2445 coniectura
576 2410 618 2444 ab
647 2408 732 2454 ipso'
750 2411 818 2445 du-

110 2461 262 2494 bitanter
301 2460 484 2504 proposita
526 2462 710 2507 (celerum)
746 2470 818 2492 non

109 2518 198 2554 opus
225 2513 291 2543 est.

183 2585 221 2614 ut
245 2579 392 2613 colono.-
429 2584 467 2612 ut
502 2582 535 2614 ei
562 2581 621 2625 qui
650 2590 772 2625 agrum
801 2590 820 2613 a

109 2637 318 2672 possessore
343 2627 530 2662 colendum
551 2628 732 2662 conduxit.
761 2627 820 2661 Si-

109 2675 213 2710 miles
249 2676 344 2710 servi
387 2674 640 2710 Germanorum
675 2676 821 2709 clienti-

109 2723 176 2757 hus
203 2724 440 2758 Romanorum
468 2726 594 2767 priscis
620 2724 672 2757 rei
699 2723 822 2768 publi..

112 2782 175 2805 cae
203 2771 433 2816 temporibus.

113 2817 258 2864 officia-²
286 2824 404 2854 narrat
428 2831 578 2863 vernas,
620 2819 653 2854 h.
684 2831 715 2854 e.
742 2831 821 2854 ser-

112 2878 177 2902 vos
204 2868 297 2902 domi
334 2872 436 2902 natos
471 2874 506 2902 et
535 2868 695 2911 habitos,
730 2868 820 2902 Ger-

112 2917 225 2951 manis
250 2927 321 2950 non
347 2917 480 2959 fuisse,
520 2917 676 2962 denique
712 2917 820 2951 mini-

112 2969 202 3000 stros
231 2966 291 3012 qui
320 2964 516 3001 domestica
560 2964 681 3000 munia
715 2975 821 3000 cura-

543 2779 661 2806 cetera
703 2773 821 2806 doinus
834 2794 841 2797 ν

880 1788 972 1825 rent,
999 1782 1169 1817 defuisse.
1201 1783 1332 1816 Domus
1353 1785 1502 1815 vocatur
1517 1780 1594 1815 heri

881 1831 1082 1866 aedificium
1122 1836 1157 1865 et
1197 1831 1388 1875 opponitur
1410 1830 1595 1875 penatibus

880 1880 974 1915 servi
1005 1881 1040 1913 in
1068 1890 1154 1926 agro
1181 1879 1264 1913 huic
1291 1877 1497 1925 assignatis.

963 1963 1066 1997 opere
1113 1955 1301 1985 coErcere:
1353 1961 1458 1994 opere
1500 1949 1596 1984 idem

883 1999 1004 2034 valere
1040 2004 1147 2045 atque
1194 2011 1297 2046 opere
1342 1998 1516 2032 laborioso
1551 2009 1596 2033 ex

883 2049 1059 2083 adiunctis
1075 2048 1207 2082 clarum
1226 2052 1291 2082 est.
1330 2046 1490 2090 Respicit
1503 2056 1595 2090 poe..

883 2108 945 2131 nas
971 2107 1157 2131 servorum
1183 2097 1276 2141 apud
1291 2096 1482 2138 Romanos,
1511 2095 1595 2140 qui..

883 2147 948 2180 bus
988 2146 1161 2180 dabantur
1196 2147 1232 2179 in
1272 2143 1418 2179 metalla
1460 2148 1520 2178 aut
1559 2144 1596 2178 in

884 2195 1084 2240 pistrinum.

956 2278 1028 2300 non
1072 2264 1260 2310 disciplina
1308 2269 1339 2296 et
1385 2263 1594 2296 severitate:

885 2324 955 2347 non
991 2320 1028 2347 ut
1058 2315 1170 2347 ceteri
1204 2312 1299 2345 servi
1336 2311 1501 2344 conservi
1540 2313 1597 2343 sui

885 2362 1062 2406 supplicio
1093 2362 1230 2395 discant
1268 2369 1394 2403 parere
1422 2363 1458 2392 et
1482 2359 1598 2392 vitare

886 2410 981 2455 quod
1007 2411 1107 2456 gravi
1136 2419 1251 2454 poena
1278 2407 1373 2441 ultus
1401 2412 1456 2441 est
1480 2407 1598 2440 (lomi-

886 2469 963 2492 nus.
1006 2458 1207 2504 Disciplina
1234 2462 1265 2490 et
1295 2456 1480 2490 severitate
1503 2454 1598 2490 idem

886 2506 981 2552 quod
999 2507 1070 2541 H.I
1093 2507 1137 2541 51
1167 2505 1351 2540 severitate
1378 2503 1598 2549 disciplinae.

888 2556 927 2589 Ο.
956 2555 1025 2590 28:
1071 2556 1101 2588 si
1135 2555 1233 2600 prius
1267 2553 1307 2587 cle
1342 2555 1529 2587 severitate
1556 2563 1600 2585 ac

888 2604 1075 2649 disciplina
1099 2604 1271 2636 maiorum
1289 2623 1331 2628 -—
1349 2613 1467 2646 pauca
1490 2611 1599 2645 prae-

888 2654 1021 2686 dixero.
1051 2652 1198 2687 Scilicet
1219 2650 1408 2694 disciplina
1429 2654 1488 2683 aut
1507 2658 1599 2692 pue-
1633 2684 1636 2687 ,

888 2702 936 2734 ris
967 2705 1027 2734 aut
1057 2701 1170 2734 servis
1198 2703 1258 2733 aut
1291 2698 1464 2731 militibus
1494 2695 1599 2730 adhi-

887 2750 1003 2783 betur.

959 2830 1136 2863 nunquam
1172 2819 1211 2851 in
1251 2816 1416 2853 civitate:
1460 2817 1598 2849 notavit

891 2868 1069 2901 diversum
1113 2865 1206 2911 apud
1249 2865 1426 2899 Romanos
1464 2873 1599 2898 morem

892 2915 992 2949 malis
1056 2913 1119 2950 sub
1182 2912 1413 2958 principibus.
1492 2910 1596 2948 Conf.

892 2962 971 2998 XlV
998 2962 1055 2998 39.
