1768 3216
152 225 229 265 852
752 225 812 263 DE
839 227 1040 267 MATERNI

151 343 213 386 ad
239 343 368 386 Taciti
398 343 526 385 verba
554 342 647 385 luce
680 343 920 387 illustranda
953 347 1195 389 necessaria
1227 351 1344 390 crant
1382 359 1526 402 parum
1554 360 1655 402 per-

154 418 300 471 spexit.
360 418 420 459 Ea
452 418 577 472 igitur
608 431 684 460 nos
717 419 798 462 iam
832 421 873 461 in
906 422 1234 475 supplementum
1265 423 1541 476 proferemus.

151 535 154 539 A
292 491 334 534 Si
364 491 590 546 Maternus,
623 494 662 535 id
693 494 803 549 quod
840 496 927 549 ipse
959 497 1066 550 apud
1096 497 1279 540 Tacitum
1313 498 1526 551 profitetur
1555 503 1655 550 (ne-

154 578 233 620 que
266 566 486 621 quidquam
521 568 658 623 arguit
690 581 830 612 coram
867 571 1010 612 amicis
1044 571 1285 625 aequalibus
1319 584 1413 614 eum
1445 572 1655 616 mentitum

152 644 222 682 aut
252 641 386 684 minus
418 655 517 685 vere
546 643 727 685 locutum
760 650 906 697 esse),
955 646 1202 689 recitatione
1232 647 1401 689 Domitii
1431 647 1663 700 potentiam·

161 713 337 769 Vatinii,
378 716 611 761 foedissimi
644 719 686 760 in
715 719 806 761 aula
834 720 1014 763 Neronis
1049 722 1216 774 ostenti,
1250 721 1387 776 '‘r-equ,
1421 726 1490 765 aut
1525 723 1658 778 ipsum

150 790 357 833 Vatinium
389 797 458 834 aut
486 793 696 837 hominem
728 795 912 837 moribus
944 795 1002 837 illi
1034 796 1209 838 similem
1242 797 1282 838 in
1314 810 1363 840 ea
1406 796 1545 840 fabula
1584 794 1678 839 in-'

152 866 247 909 duci
280 867 474 921 oportuit,
535 868 627 922 Ipse
658 869 800 911 induci
831 882 914 912 non
947 872 1090 925 potuit,
1125 871 1234 926 quod
1267 871 1429 914 Claudii
1453 871 1647 915 Caesaris

151 941 420 995 temporibus,
452 942 563 985 unde
594 949 882 998 argumentum
918 946 1082 988 fabulae
1114 951 1318 1001 sumptum
1350 958 1445 988 esse
1468 950 1563 988 ante
1585 945 1655 997 vif

151 1015 301 1068 dimus,
334 1016 520 1059 Vatinius
550 1019 752 1060 obscurus
788 1019 863 1061 suit
895 1025 934 1061 et
965 1021 1145 1075 ignotus.
1217 1021 1397 1063 Emersit
1429 1034 1482 1063 ex
1511 1020 1655 1064 sordi-

149 1090 227 1132 bus
255 1094 296 1131 et
326 1091 510 1133 tenebris
542 1093 628 1135 suis
660 1093 784 1135 homo
817 1095 981 1136 detorto
1013 1108 1191 1149 corpore
1222 1095 1474 1150 conspicuus
1519 1096 1653 1138 mori-

148 1165 310 1220 busque
351 1166 515 1209 infamis
557 1167 719 1210 demum
760 1170 836 1210 sub
882 1170 1114 1223 principatu
1157 1170 1337 1212 Neronis
1378 1182 1654 1225 magnamque

148 1241 373 1295 potentiam
403 1243 623 1294 postremis
668 1245 786 1285 annis
828 1246 916 1286 eius
956 1244 1219 1298 imperatoris
1260 1248 1404 1286 nactus
1441 1248 1517 1287 est.
1586 1243 1654 1287 Ad

147 1326 348 1357 summum
382 1316 592 1371 fastigium
624 1318 880 1372 imperatorii
911 1319 1068 1361 favoris
1101 1323 1271 1361 evectus
1300 1319 1382 1362 iam
1412 1324 1501 1362 erat
1540 1332 1650 1364 anno

147 1394 241 1445 post
272 1390 479 1432 Christum
516 1396 655 1434 natum
686 1394 951 1448 sexagesimo
987 1398 1150 1448 quarto,
1183 1394 1224 1435 in
1258 1394 1376 1436 cuius
1406 1393 1532 1437 rebus
1562 1398 1652 1436 tra-

147 1464 298 1507 dendis
319 1466 470 1507 Vatinii
503 1467 755 1510 mentionem
773 1468 936 1509 Tacitus
970 1469 1011 1509 in
1040 1468 1150 1510 hunc
1182 1468 1349 1518 modum
1366 1468 1466 1511 fecit
1480 1469 1554 1511 XV
1569 1466 1647 1511 34:

145 1538 338 1585 ,Vatinius
370 1540 476 1581 inter
501 1541 743 1595 foedissima
769 1543 858 1584 eius
881 1543 1004 1584 aulae
1033 1547 1196 1584 ostenta
1222 1542 1324 1598 fuit,
1355 1543 1546 1585 sutrinae
1577 1547 1647 1584 la·

143 1613 301 1657 hernae
333 1615 546 1668 almanus,
580 1628 756 1669 corpore
780 1618 964 1673 detorto,
1001 1617 1167 1672 facetiis
1197 1616 1473 1667 scurrilibus,
1511 1617 1649 1671 primo

146 1688 190 1729 in
219 1690 484 1731 contumelias
516 1690 755 1744 adsumptus
770 1705 785 1740 ;
814 1692 958 1733 dehinc
988 1692 1130 1745 optimi
1150 1692 1346 1745 cuiusque
1366 1691 1650 1734 criminatione

148 1776 197 1804 eo
221 1776 347 1817 usque
366 1764 495 1806 valuit
522 1769 569 1806 ut
586 1766 726 1820 qratia
741 1767 936 1819 pecunia,
963 1767 1006 1807 vi
1027 1766 1200 1808 nocendi
1221 1766 1342 1808 etiam
1365 1766 1497 1808 malos
1513 1778 1649 1819 prae-

145 1838 327 1880 mineret.
361 1840 423 1881 Ex
443 1841 628 1883 sutrinae
652 1842 852 1884 tabernae
874 1842 1070 1884 sordibus
1093 1846 1328 1896 protractus
1351 1846 1392 1883 et
1415 1842 1523 1884 inter
1538 1841 1650 1884 Cae-

146 1914 254 1956 saris
285 1913 511 1956 familiares
543 1920 735 1970 receptus
767 1917 868 1958 nihil
900 1917 1129 1971 promptius
1158 1917 1243 1972 egit
1270 1929 1390 1970 quam
1420 1920 1464 1958 ut
1482 1915 1647 1964 nobiles

148 1988 362 2040 (optimum
391 1997 606 2042 quemque)
632 2004 681 2032 ac
708 1992 911 2033 senatorii
943 1992 1102 2033 ordinis
1134 1992 1324 2034 homines
1351 1991 1458 2046 apud
1484 1991 1647 2046 princi-

145 2074 239 2115 pem
271 2062 573 2105 criminaretur.
607 2065 672 2106 Ad
698 2066 808 2107 hunc
838 2067 971 2119 ipsum
1001 2066 1229 2108 identidem
1252 2066 1396 2108 dicere
1415 2067 1562 2108 solitus
1584 2071 1647 2108 est

145 2136 260 2189 μισῶ
287 2151 348 2188 σε,
385 2138 576 2190 Καῖσαρ,
608 2133 673 2179 ὅτι
706 2137 982 2193 συγκλητικὸς
1015 2139 1195 2190 (ordinis
1221 2139 1445 2192 senatorii)
1473 2134 1524 2181 εἶ.
1565 2140 1644 2181 Dio

149 2211 255 2264 apud
298 2211 451 2265 Xiphit
485 2212 611 2254 LXIII
645 2214 710 2254 15.
787 2214 1002 2256 Eiusmodi
1048 2214 1212 2255 facetiis
1264 2213 1509 2255 scurrilibus
1557 2226 1644 2257 non

144 2286 280 2327 solum
310 2286 415 2328 alios
450 2287 555 2341 apud
586 2287 795 2329 Neronem
827 2288 1052 2330 insectatus
1085 2292 1173 2340 est,
1218 2288 1295 2329 sed
1327 2288 1451 2330 etiam
1483 2287 1647 2330 studio-

145 2373 235 2402 rum
267 2373 414 2413 sacra,
449 2361 487 2403 b.
521 2376 556 2404 e.
589 2375 731 2404 veram
765 2364 991 2405 carminum
1024 2368 1168 2415 artem,
1201 2363 1387 2405 Materno
1419 2363 1644 2417 profanare

145 2435 223 2477 ist-e
255 2436 487 2478 videbatur.
552 2438 691 2491 Itaque
724 2437 878 2491 duplici
911 2438 963 2480 de
994 2451 1121 2480 causa
1160 2442 1280 2492 poeta
1323 2437 1460 2479 audax
1499 2441 1539 2478 et
1576 2437 1645 2478 in·-

143 2522 304 2565 genuus
336 2510 541 2552 Vatinium
587 2525 639 2552 ex
679 2512 838 2567 ingenti
886 2512 1161 2565 pessimorum
1204 2511 1430 2554 aulicorum
1470 2523 1643 2553 numero

146 2584 287 2638 elegit,
319 2584 361 2625 in
393 2597 513 2638 quem
544 2598 628 2627 non
660 2590 774 2628 recta
805 2587 871 2628 via
903 2586 978 2628 sed
1014 2599 1066 2627 ex
1097 2587 1265 2640 obliquo
1299 2587 1493 2640 impetum
1524 2597 1643 2626 suum

145 2659 362 2714 dirigeret.
425 2660 545 2710 Quod
574 2660 653 2702 hac
684 2660 773 2702 fere
807 2662 875 2702 via
906 2661 1135 2704 instituisse
1166 2661 1369 2703 videatur.
1449 2659 1644 2702 Nefarius

145 2734 311 2788 quidam
342 2734 536 2777 Valeriae
563 2734 814 2777 Messalinae
844 2735 1081 2797 adulator„
1105 2736 1269 2778 detorto
1312 2746 1490 2787 corpore
1521 2734 1645 2775 face-

145 2809 295 2863 tiisque
326 2809 571 2851 scurrilibus
603 2809 805 2864 insignis,
837 2809 1225 2851 libidinosissimam
1258 2808 1473 2850 mulierem
1501 2808 1643 2863 gravis

145 2884 319 2938 periculi
356 2883 596 2936 admonuit,
635 2884 746 2938 quod
791 2884 871 2938 ipsi
920 2883 1088 2938 filioque
1116 2883 1357 2926 Britannico
1391 2895 1415 2925 a
1445 2881 1642 2934 Domitio,

146 2956 402 3014 Agrippinae
431 2958 514 3001 filio
548 2962 588 3002 et
607 2958 844 3003 Germanici
874 2962 1041 3013 nepote,
1074 2958 1178 3002 flore
1205 2957 1432 3001 nobilitatis
1450 2961 1490 3001 et
1505 2955 1644 3012 populi
