1768 3216
202 234 249 267 32
777 216 1012 255 HISTORIAR
1018 215 1080 250 VM
1471 217 1503 242 a.
1529 214 1567 241 1.
1591 204 1681 243 822.

200 347 374 403 piandos
414 344 583 399 plurium
626 340 795 382 animos.
855 337 1084 388 Suscepere
1132 332 1213 374 (luo
1265 324 1544 382 manipulares
1590 323 1682 370 »im-

202 423 357 477 perium
401 418 535 474 populi
573 413 743 457 Romani
782 408 1133 461 transferendum,
1183 410 1223 448 et
1261 400 1572 446 transtulerunt.
1632 397 1707 452 ln,

205 495 493 540 conscientiam
531 490 727 533 facinoris
772 487 893 542 pauci
941 484 1101 528 adsciti.
1162 482 1395 535 Suspensos
1442 479 1682 520 ceterorum

205 572 357 614 animos
388 567 561 610 diversis
593 565 747 608 artibus
778 562 997 614 stimulant,
1029 560 1230 614 primores
1261 554 1432 598 militum
1450 563 1527 608 per
1546 549 1685 595 bene-

173 646 291 687 sficia
317 641 550 698 Nymphidii
579 644 622 681 ut
651 642 886 693 suspectos,
918 636 1065 690 vulgus
1097 638 1137 676 et
1167 635 1330 674 ceteros
1361 629 1424 671 ira
1454 630 1496 671 et
1525 625 1684 680 despe—

201 720 358 764 ratione
390 717 503 759 dilati
534 717 682 758 totiens
713 712 907 756 donativi.
969 704 1095 752 Erant
1126 719 1229 762 quos
1260 703 1461 748 memoria
1501 699 1684 749 Neronis

203 807 251 837 ac
302 792 550 835 desiderium
600 789 751 844 prioris
808 786 999 829 licentiae
1049 783 1310 826 accenderet.
1373 779 1418 821 In
1467 787 1687 821 commune

207 881 347 911 omnes
377 865 732 917 metuvmutandae
761 863 927 905 militiae
958 860 1229 903 terrebantur.
1292 855 1442 898 Infecit
1481 855 1530 896 ed
1569 849 1758 896 labeum

207 943 414 997 legionum
445 953 604 996 quoque
635 944 674 981 et
704 938 943 980 auxiliorum
975 940 1105 977 motas
1137 934 1215 975 iam
1247 935 1430 983 mentes,
1469 931 1688 985 postquam

161 1017 413 1072 invulgatum
458 1019 544 1058 erat
585 1015 724 1056 labare
762 1011 992 1055 Germanici
1040 1009 1245 1052 exercitus
1289 1006 1425 1050 iidem.
1483 1003 1692 1058 Adeoque

211 1096 350 1147 parata
380 1091 483 1145 apud
514 1090 642 1132 malos
673 1089 844 1140 seditio,
886 1087 1009 1129 etiam
1051 1085 1156 1140 apud
1194 1084 1382 1138 integros
1415 1078 1690 1123 dissimulatio
1756 1081 1760 1085 '

213 1166 307 1218 fuit,
351 1170 394 1207 ut
430 1169 594 1219 postero
634 1164 771 1205 iduum
809 1162 1046 1204 redeuntem
1086 1173 1108 1201 a
1148 1171 1250 1200 cena
1290 1157 1497 1199 Othonem
1534 1152 1692 1208 rapturi

212 1240 386 1293 suerint,
423 1240 464 1280 ni
502 1240 656 1280 incerta
687 1238 818 1279 noctis
850 1241 889 1279 et
919 1240 1004 1278 tota
1034 1235 1134 1277 urbe
1164 1245 1309 1288 sparsa
1351 1230 1524 1274 militum
1555 1232 1693 1272 castra

213 1327 290 1356 nec
321 1314 481 1356 facilem
511 1315 616 1356 inter
646 1313 887 1355 temulentos
921 1323 1166 1353 consensum
1207 1307 1461 1360 timuissent,
1507 1316 1592 1348 non
1629 1302 1695 1347 rei

163 1389 398 1443 ispublicae
442 1401 563 1441 cura,
611 1400 728 1442 quam
766 1387 936 1429 foedare
973 1385 1169 1440 principis
1207 1384 1271 1426 sui
1311 1381 1517 1437 sanguine
1561 1378 1695 1423 sobrii

214 1463 423 1518 parabant,
453 1463 525 1505 sod
558 1476 608 1504 ne
638 1476 710 1516 per
740 1462 943 1514 tenebras,
975 1465 1018 1503 ut
1048 1461 1221 1515 quisque
1242 1457 1470 1514 Pannonici
1501 1455 1568 1498 vel
1586 1455 1696 1496 Ger-

216 1537 363 1578 manici
383 1537 585 1579 exercitus
609 1537 799 1578 militibus
817 1536 975 1578 oblatus
1000 1540 1123 1588 esset,
1157 1532 1446 1590 ignorantibus
1467 1529 1694 1585 plerisque,

216 1624 289 1665 pro
322 1611 480 1654 Othone
511 1612 796 1654 destinaretur.
855 1612 977 1653 Multa
1008 1610 1259 1664 erumpentis
1290 1607 1510 1652 seditionis
1541 1605 1698 1648 indicia

0 891 22 951 a}
28 906 115 936 nm

348 1745 380 1779 5.
410 1744 586 1790 nympltidi
610 1744 675 1778 Ma.
752 1743 840 1789 volq.
867 1743 924 1778 Or.
976 1744 1008 1778 7.
1041 1742 1213 1776 communi
1239 1739 1340 1775 Gula:
1368 1739 1525 1774 correxit
1549 1737 1698 1775 Rhena-

218 1803 295 1828 nus.
365 1793 400 1827 8.
424 1792 525 1826 militi
551 1793 749 1826 emebantur
778 1803 855 1826 cum
882 1792 944 1825 lin.
974 1793 1010 1824 in
1038 1793 1149 1835 primo
1177 1796 1200 1834 t,
1228 1789 1263 1824 id
1290 1794 1343 1824 est
1367 1787 1472 1823 militi
1492 1785 1700 1822 ceca-reban-

220 1847 292 1883 tur,
318 1840 409 1873 unde
423 1840 490 1873 lac.
514 1841 710 1874 Gronovius
737 1840 859 1874 elicuit
885 1840 1030 1873 militiae
1054 1839 1286 1880 terrebantur,
1317 1843 1399 1872 ante
1424 1847 1528 1882 quem
1544 1834 1701 1871 Pichena

221 1888 365 1922 dederat
389 1888 532 1922 militiae
558 1894 685 1921 eaeterr.
753 1889 806 1923 10.
833 1888 922 1933 volq.
950 1887 1007 1921 Or.
1087 1889 1142 1922 12.
1165 1887 1298 1931 iduum]
1329 1886 1447 1919 iduum
1473 1885 1607 1918 dierum
1634 1882 1700 1929 Μ’,

221 1936 336 1970 iduum
362 1935 416 1969 die
441 1936 512 1969 AG.
593 1937 646 1970 13.
676 1937 714 1968 m'
738 1935 812 1969 Ma:
841 1935 867 1969 G
893 1936 962 1969 nisi
1036 1933 1090 1969 14.
1119 1934 1306 1968 emulentos
1331 1932 1404 1967 Ma:
1431 1929 1459 1967 G
1485 1932 1698 1968 temulentos.

226 1984 280 2019 15.
311 1984 404 2029 faed.
431 1982 493 2018 Ma.
547 1983 600 2018 18.
628 1984 877 2029 erumpentibus
902 1983 976 2017 Ma:
1007 1983 1034 2017 G
1060 1983 1268 2029 erumpentis
1294 1983 1353 2028 (tis
1379 1982 1415 2015 in
1439 1988 1590 2030 rasura).

224 2101 383 2134 sestertia
407 2106 672 2146 repraesentata
699 2107 731 2135 et
754 2102 925 2146 quinqua-

224 2160 314 2194 gena
337 2150 518 2194 promissa.

274 2196 356 2240 Cap.
385 2197 442 2233 26.
483 2197 605 2242 infecit
632 2208 673 2230 ea
699 2197 792 2230 tabes
818 2197 929 2242 legio-

225 2257 306 2279 num
339 2256 466 2290 quoque
504 2251 535 2279 et
578 2245 788 2292 auceiliomm
821 2252 931 2279 motas

225 2295 296 2327 iam
322 2300 469 2327 memes:
498 2298 551 2327 est
575 2290 671 2339 legib
700 2293 848 2328 classica
874 2299 932 2328 at-

227 2342 506 2386 queHispanica,
536 2342 618 2375 dein
644 2344 780 2376 numeri
810 2343 931 2377 eGer-

227 2391 342 2423 inania
368 2401 409 2423 ac
430 2390 611 2423 Britannia
638 2395 672 2423 et
687 2390 847 2434 lllyricO.
875 2391 929 2425 Cf.

186 2456 198 2471 φ
228 2438 270 2471 H.
300 2437 347 2471 ΠΙ
377 2440 440 2472 11:
477 2438 629 2483 legiones
654 2439 744 2472 velut
772 2439 847 2472 labe
872 2441 932 2473 in-

226 2488 352 2530 sectae.

295 2539 434 2580 postero
460 2534 599 2574 iduum.-
643 2534 842 2577 corruptela
879 2534 933 2569 Ma

222 2589 361 2628 postero
403 2583 520 2616 iduum
557 2582 690 2616 dierum
720 2588 803 2616 nala
829 2582 933 2616 vide-

226 2636 302 2674 tur,
324 2635 414 2666 “cum
442 2632 477 2664 in
515 2630 708 2674 exemplari
746 2631 838 2664 unde
870 2631 933 2665 ille

226 2679 424 2724 descriptus
441 2683 495 2712 est
517 2685 656 2724 postero
673 2679 701 2713 1.
724 2679 825 2712 duum
846 2689 933 2712 exa-

225 2733 336 2761 ratum
359 2732 466 2770 esset,
494 2726 587 2760 unde
613 2728 792 2771 proximus
819 2728 934 2762 scriba

224 2776 341 2810 iduum
386 2776 519 2809 dierum
563 2785 746 2820 perperam
796 2776 931 2811 elicuit.

226 2823 327 2866 Quod
353 2834 431 2858 cum
459 2828 621 2858 auctores
658 2824 820 2858 codicum
849 2824 880 2858 A
906 2824 933 2858 G

224 2883 410 2907 removere
458 2873 574 2906 conati
616 2877 698 2907 sunt
734 2873 932 2907 scribentes

226 2921 291 2963 die,
318 2921 443 2955 malam
470 2931 609 2955 causam
640 2921 803 2955 fecerunt
828 2921 932 2956 dete-

228 2970 370 3004 riorem.
434 2969 519 3004 Nam
551 2976 688 3016 postero
723 2970 841 3006 iduum
878 2971 932 3005 (lie

996 2110 1067 2133 non
1094 2104 1211 2144 potest
1246 2100 1314 2134 (lici
1355 2100 1397 2134 de
1423 2099 1481 2134 die
1516 2103 1597 2144 post·
1621 2098 1702 2134 idun

997 2150 1180 2192 proximo,
1215 2148 1278 2183 sed
1315 2149 1345 2183 is
1364 2153 1433 2196 {sest
1463 2147 1555 2183 alter
1579 2146 1701 2182 iduum

999 2197 1086 2232 dies.
1140 2198 1269 2231 Verum
1310 2192 1380 2231 unii
1418 2198 1476 2232 die
1516 2207 1596 2231 cum
1624 2196 1704 2231 idus

1000 2246 1250 2290 conficiantur,
1282 2246 1372 2280 nihil
1406 2246 1520 2292 magis
1555 2244 1704 2280 soloeee

1000 2294 1070 2328 dici
1107 2300 1224 2339 potest
1271 2306 1372 2340 quam
1413 2300 1553 2341 postero
1586 2294 1705 2328 iduum
1740 2331 1748 2341 u

1001 2343 1066 2386 die,
1094 2355 1210 2389 neque
1238 2344 1273 2377 id
1295 2343 1390 2378 ullus
1407 2345 1619 2388 scriptorum
1634 2328 1754 2411 Ῑιιιξ

1000 2393 1152 2425 tinorum
1178 2403 1312 2437 ponere
1339 2402 1443 2426 ausus
1471 2397 1537 2436 est,
1564 2402 1611 2426 ne
1635 2390 1707 2427 hoc
1747 2397 1753 2401 “

1003 2440 1162 2484 quidem,
1205 2441 1372 2486 postridie
1409 2442 1547 2484 iduum,
1588 2439 1706 2487 pridie

1001 2489 1138 2531 iduum,
1176 2490 1239 2523 sed
1268 2489 1383 2535 prid-‘e
1407 2490 1506 2534 idus,
1537 2489 1707 2536 postridie

1003 2536 1170 2571 kalendas
1201 2542 1268 2572 cet.
1312 2538 1401 2572 Hinc
1427 2548 1498 2572 non
1523 2536 1707 2584 probanda

1004 2587 1210 2620 coniectura
1246 2586 1533 2633 Bezzenbergeri
1563 2591 1706 2636 pawn

1003 2633 1119 2668 iduum
1132 2635 1184 2668 die
1201 2635 1341 2670 ebrium.
1378 2635 1479 2678 Quod
1506 2635 1574 2670 hac
1598 2639 1707 2670 nocte

1004 2685 1131 2727 exequi
1154 2694 1223 2717 non
1246 2684 1591 2726 audentothoniani,
1612 2684 1707 2718 idem

1003 2729 1061 2764 die
1087 2733 1245 2775 proximo
1273 2734 1434 2779 aggressi
1461 2738 1554 2767 sunt.
1599 2730 1709 2766 Aliud

1003 2784 1055 2812 est
1082 2780 1173 2824 quod
1197 2787 1313 2815 narrat
1339 2782 1530 2815 Suetonius
1554 2779 1636 2815 oth.
1664 2780 1708 2815 6:

1003 2828 1129 2862 tulerat
1156 2833 1291 2864 animus
1307 2836 1382 2875 post
1400 2830 1619 2875 adoptionem
1631 2835 1708 2863 sta-

1002 2876 1060 2909 tim
1087 2884 1204 2911 castra
1241 2890 1414 2924 occupare
1441 2884 1710 2924 manantemque

1000 2923 1038 2957 ‘in
1066 2925 1201 2960 Palatio
1232 2926 1378 2961 Galbam
1404 2927 1560 2973 adqredi.
