1768 3216
149 229 221 265 160
711 227 772 263 DE
804 226 1104 266 ORATORIBVS.

150 346 246 380 bant.
298 344 355 379 Ita
380 353 445 376 nec
467 347 677 388 praeceptor
704 342 837 386 deerat,
863 344 922 388 qui
945 343 1074 388 faciem
1100 342 1330 388 eloquentiae,
1355 353 1429 378 non
1457 343 1646 390 maginem

145 410 357 453 praestaret,
384 413 449 436 nec
474 402 675 437 adversarii
699 408 732 437 et
757 403 897 448 aemuli,
922 405 1034 449 ferro,
1063 415 1136 438 non
1160 404 1303 439 rudibus
1329 405 1546 440 dimicantes.
1584 405 1646 440 Sic

148 466 281 500 iuvenis
304 464 363 498 ille
391 468 571 498 oratorum
596 462 797 510 discipulus,
823 464 896 509 fori
920 464 1081 508 auditor,
1119 471 1272 500 sectator
1303 465 1516 500 iudiciorum
1553 464 1646 500 sotus

146 525 265 558 statim
298 530 329 558 et
361 535 450 558 unus
486 524 686 569 cuicumque
722 535 854 559 causae
884 536 956 570 par
990 531 1068 559 erat
1103 526 1193 573 (34).
1251 526 1358 560 Nunc
1391 523 1645 560 adolescentuli

146 584 362 619 deducuntur
401 585 440 618 in
477 596 602 619 scenas
640 584 929 620 scholasticorum
970 586 1028 630 qui
1071 586 1230 620 rhetores
1265 591 1459 628 vocantu-r,
1507 585 1568 620 ubi
1608 589 1644 620 et

145 643 241 679 locus
265 645 339 691 ipse
364 650 395 678 et
419 655 527 690 qenus
552 645 744 679 studiorum
765 645 954 691 plurimum
985 646 1106 680 damni
1135 646 1289 692 inqeniis
1314 646 1471 692 afferunt
1494 646 1585 694 (35).

282 715 359 749 Iam
385 727 462 749 cum
487 716 525 749 in
551 726 590 749 eo
617 721 703 750 esset
732 715 887 750 Messala
911 721 948 750 ut
971 715 1068 750 mala
1098 728 1141 750 ea:
1171 718 1491 752 controversiarum
1511 721 1544 752 et
1560 716 1646 751 sua-

145 776 320 811 seriarum
351 775 661 810 declamationibus
686 775 926 810 redundantia
949 783 1238 822 persequeretur,
1271 778 1384 812 oratio
1412 778 1485 812 eius
1509 776 1647 823 defectu

146 836 304 871 codicum
339 847 446 870 manu
480 837 690 883 scriptorum
724 837 823 871 nobis
858 843 1024 871 truncata
1059 843 1118 872 est.
1192 837 1298 872 Deest
1333 843 1448 872 autem
1486 835 1647 872 clausula

149 898 321 932 orationis
360 897 536 932 Messalae
577 902 609 931 et
645 897 861 943 principium
903 897 1050 932 alterius
1089 909 1191 943 quam
1230 897 1411 933 inchoavit
1448 896 1643 933 Maternus.

148 956 335 992 Maternus
357 958 536 1003 professus
561 962 638 990 erat
677 968 713 990 se
748 957 945 990 consentire
976 957 1151 991 Messalae
1190 957 1231 991 de
1262 957 1389 992 veteris
1430 956 1647 1002 eloquentiae

145 1016 263 1063 qloria
289 1022 320 1050 et
349 1017 445 1062 flore,
473 1016 533 1050 sed
563 1016 719 1050 diversas
746 1017 818 1050 eius
844 1017 898 1050 rei
923 1027 1048 1051 causas
1076 1028 1150 1051 sese
1177 1017 1318 1063 afferre.

283 1087 427 1121 Scilicet
450 1097 580 1133 maqna
607 1093 638 1122 et
663 1086 789 1121 nobilis
817 1086 1030 1132 eloquentia,
1058 1088 1146 1122 sicut
1172 1089 1332 1133 flanima,
1359 1087 1511 1123 materia
1536 1085 1647 1122 alitur

148 1151 180 1180 et
203 1146 347 1181 motibus
374 1147 550 1181 eoecitatur
576 1152 607 1180 et
641 1147 774 1181 urendo
810 1147 986 1182 clarescit.
1045 1147 1121 1181 1100
1155 1148 1379 1192 antiquorum
1415 1145 1647 1192 eloquentiam

147 1207 248 1241 uinxit
274 1211 306 1241 et
330 1207 502 1253 provexit.
557 1207 643 1241 Cum
669 1207 814 1241 obtinuit
840 1208 991 1241 omnium
1017 1218 1135 1241 rerum
1160 1206 1396 1253 perturbatio,
1432 1218 1510 1241 cum
1533 1203 1646 1241 domi-

144 1267 298 1301 nabatur
323 1273 479 1302 extrema
506 1267 663 1311 licentia,
692 1273 850 1302 oratores
879 1278 1011 1302 summa
1038 1268 1216 1302 consecuti
1240 1273 1330 1302 sunt.
1383 1267 1480 1310 Quae
1509 1264 1644 1303 distra-

145 1327 273 1362 hebant
300 1339 374 1362 rem
395 1327 584 1374 publicam,
613 1328 732 1362 eadem
761 1328 994 1373 eloquentiam
1020 1329 1242 1363 exercebant.
1306 1327 1363 1363 Ad
1399 1339 1532 1363 summa
1570 1327 1646 1362 elo-

147 1389 307 1435 quentiae
334 1390 497 1434 praemia
526 1389 631 1423 etiam
656 1389 847 1423 necessitas
873 1389 1084 1423 accedebat:
1122 1400 1206 1423 nam
1237 1394 1366 1423 ‚nutum
1401 1394 1434 1423 et
1471 1387 1667 1434 elin-quem,

148 1449 263 1483 videri
297 1449 451 1494 deforme
487 1449 680 1483 habebatur
715 1451 803 1496 (36).
865 1449 1046 1495 Principes
1078 1450 1149 1483 viri
1171 1461 1243 1483 nort
1278 1449 1410 1484 viribus
1442 1448 1543 1483 modo
1578 1453 1641 1483 aut

144 1510 265 1551 armis,
293 1509 353 1543 sed
377 1510 520 1555 inqenio
551 1521 682 1554 quoque
709 1516 740 1544 et
767 1510 927 1543 oratione
961 1509 1137 1544 valebant.
1203 1508 1393 1543 Plurimum
1427 1507 1644 1556 eloquentiae

140 1570 346 1616 praestabat
380 1570 545 1616 splendor
581 1582 721 1604 reorum
757 1576 787 1604 et
819 1570 1023 1616 magnitudo
1059 1580 1247 1604 causarum
1281 1570 1374 1615 (37).
1442 1568 1571 1603 Forma
1613 1573 1647 1603 ct

145 1629 352 1663 consuetudo
379 1629 589 1664 iudiciorum
613 1641 708 1664 nunc
733 1630 875 1664 ceritati
901 1631 1040 1676 aptior,
1066 1629 1127 1664 sed
1153 1629 1248 1676 apud
1264 1634 1396 1663 veteres
1414 1627 1647 1673 eloquentiam

143 1691 254 1735 maqis
281 1689 467 1724 excitabat.
523 1690 661 1724 Causae
688 1690 968 1733 centumvirales,
995 1701 1082 1735 quae
1109 1701 1204 1724 nunc
1230 1690 1382 1735 primum
1407 1687 1643 1729 obtinentia-

145 1761 240 1792 cum,
273 1749 354 1784 olim
389 1750 476 1784 adeo
511 1750 695 1796 splendore
731 1750 883 1785 aliorum
911 1750 1120 1784 iudiciorum
1145 1749 1401 1792 obruebantur,
1441 1754 1480 1783 ut
1513 1747 1644 1783 nullius

143 1810 264 1854 maqni
288 1809 441 1843 oratoris
467 1810 605 1853 antiqui
629 1809 718 1843 liber
744 1810 838 1856 apud
864 1811 1094 1844 centumviros
1121 1809 1232 1843 dictus
1259 1808 1396 1854 legatur
1426 1809 1519 1854 (38).
1560 1804 1645 1842 Alia

146 1868 309 1913 diqnitati
336 1868 546 1902 iudiciorum
570 1880 665 1903 nunc
691 1870 854 1912 adversa,
877 1869 1054 1915 paenulae
1078 1868 1389 1910 circumstantium,
1416 1866 1595 1901 auditoria
1613 1871 1646 1900 et

147 1928 348 1962 tabularia.-
377 1928 458 1962 olim
487 1930 792 1963 concursatotius
819 1930 969 1963 civitatis
1001 1929 1134 1963 nobiles
1163 1930 1218 1962 rei
1252 1934 1284 1963 et
1314 1927 1474 1962 accusati
1497 1931 1577 1961 sum
1612 1931 1645 1960 et

146 1988 280 2033 defensi
307 1989 398 2036 (39).
453 1989 528 2023 lam
554 2000 636 2023 vero
666 1990 845 2023 contiones
872 1990 1034 2023 assiduae
1069 1995 1101 2023 et
1136 1989 1253 2022 datum
1286 1989 1340 2022 ius
1373 1987 1646 2034 potentissimum

146 2058 308 2092 quemque
333 2048 486 2082 veaeandi
505 2049 852 2094 ardorem'inqeniis,
878 2050 977 2093 faces
1002 2047 1200 2082 oratoribus
1225 2047 1379 2091 antiquis
1404 2046 1647 2081 admovebant.

146 2106 319 2141 Nimirum
343 2118 473 2154 maqna
502 2113 534 2142 et
559 2108 723 2142 notabilis
750 2108 948 2153 eloquentia
969 2119 1040 2141 non
1063 2107 1237 2153 probitate
1264 2113 1296 2140 et
1322 2106 1490 2140 modestia
1503 2105 1644 2152 9audet,

144 2166 206 2200 sed
229 2172 278 2200 est
304 2167 449 2201 alumna
475 2166 651 2211 licentiae,
680 2179 782 2212 quam
807 2167 903 2201 stulti
927 2166 1122 2200 libertatem
1145 2166 1343 2208 vocabant,
1381 2175 1470 2210 quae
1495 2165 1536 2198 in
1561 2164 1646 2198 bene

146 2227 341 2260 constitutis
367 2227 563 2261 civitatibus
588 2238 659 2261 non
686 2228 799 2262 oritur
824 2228 918 2273 (40).
959 2227 1080 2261 Etiam
1106 2226 1196 2271 quod
1219 2236 1314 2260 nunc
1339 2230 1493 2271 superest
1509 2224 1646 2268 antiqui

145 2285 361 2329 oratoribus,
399 2288 536 2331 forum,
560 2297 633 2320 non
659 2287 864 2321 emendatae
887 2297 953 2320 nec
977 2297 1083 2330 usque
1111 2286 1158 2320 ad
1180 2290 1295 2320 votum
1321 2284 1532 2331 compositae
1557 2283 1647 2318 cici-

152 2346 232 2380 tatis
261 2352 502 2391 argumentum
528 2352 588 2381 est.
642 2347 740 2381 Inter
762 2347 968 2381 innocentes
995 2352 1118 2381 orator
1144 2357 1399 2392 supervacuus,-
1438 2345 1528 2379 sicut
1553 2343 1646 2378 inter

146 2417 252 2441 sanos
277 2407 429 2441 medicus
456 2408 546 2456 (41).
599 2407 720 2442 Amice
749 2408 938 2442 disceditur
964 2409 1060 2454 (42).

283 2479 356 2520 Quo
383 2478 529 2512 consilio
557 2484 588 2512 et
615 2479 752 2523 quando
784 2479 849 2529 hoc
875 2479 916 2513 de
941 2485 1084 2512 oratore
1111 2478 1318 2523 colloquium
1355 2488 1379 2511 a
1417 2477 1534 2512 Tacito
1569 2475 1647 2510 edi.

148 2543 218 2571 tum
243 2538 309 2580 sit,
336 2538 374 2571 in
402 2537 579 2572 Prooemio
606 2540 653 2585 (c.
685 2540 796 2586 4—5)
825 2539 1036 2584 disputatum
1063 2543 1131 2581 est3
1167 2537 1294 2572 ibidem
1319 2539 1478 2582 refutare
1505 2545 1649 2582 operam

149 2597 229 2632 dedi
254 2598 462 2633 temerarias
488 2599 530 2633 de
555 2604 699 2633 auctore
725 2599 967 2634 dubitationes.

718 2794 1056 2802 ..μ-..ῳ-
