1768 3216
758 245 846 281 on.
873 246 1030 283 21—22.
1574 219 1648 280 soa

149 363 299 405 aetatis
330 363 518 406 eiusdem
549 364 782 418 praecurrit
811 376 931 418 quam
962 363 1134 405 iudicio.
1194 363 1353 404 Primus
1382 362 1494 406 enim
1515 374 1648 405 exco-

149 437 224 480 luit
254 439 500 491 orationem,
530 440 686 493 primus
709 444 751 481 et
782 439 924 480 verbis
956 439 1162 480 delectum
1192 437 1379 480 adhibuit
1403 442 1444 480 et
1472 449 1649 492 compo-

149 513 292 555 sitioni
323 518 465 556 artem.
525 514 745 568 Locosque
772 514 968 556 laetiores
994 513 1248 567 attemptavit
1268 517 1310 554 et
1326 512 1525 567 quasdam
1545 523 1648 554 sen·-

150 589 300 631 tentias
331 589 513 642 invenit,
555 589 695 643 utiquc
737 590 779 630 in
817 589 868 630 iis
900 588 1157 630 orationibus
1189 600 1292 642 quas
1324 588 1404 629 iam
1434 587 1579 630 senior
1605 590 1648 628 et

149 663 261 705 iuxta
290 663 415 706 linem
443 664 555 706 vitae
586 665 843 718 composuit,
887 663 928 705 id
957 668 1048 715 est,
1090 667 1307 716 postquam
1339 663 1472 717 magis
1501 662 1683 716 prose-s

150 742 278 791 cerat,
307 751 468 793 usuque
499 743 540 780 et
570 739 864 793 experimentis
897 738 1103 779 didicerat
1134 737 1244 792 quod
1264 737 1461 791 optimum
1481 736 1651 778 dicendi

149 825 284 868 genus
314 817 442 855 esset.
503 813 607 855 Nam
641 813 804 867 priores
848 812 938 854 eius
982 812 1195 854 orationes
1235 823 1322 853 non
1359 814 1503 853 carent
1539 810 1651 852 vitiis

149 887 426 941 antiquitatis:
459 887 594 929 lentus
624 891 688 929 est
719 887 759 928 in
791 886 1030 941 principiis,
1062 886 1213 941 longus
1245 887 1287 927 in
1318 885 1643 936 narrationibus,

150 962 311 1004 otiosus
327 962 442 1004 circa
461 974 681 1014 excessus3
701 961 820 1003 tarde
836 965 1135 1013 commovetur,
1158 973 1256 1002 raro
1274 961 1512 1012 incalescit3
1530 959 1653 1014 pauci

150 1047 300 1080 sensus
330 1041 424 1091 apte
452 1041 494 1078 et
524 1048 617 1078 cum
649 1036 828 1090 quodam
855 1036 1009 1078 lumine
1040 1036 1326 1078 terminantur.
1367 1034 1478 1076 Nihil
1500 1045 1706 1076 excer-no

149 1122 268 1166 pere,
300 1111 404 1153 nihil
426 1111 590 1154 referre
611 1111 773 1166 possis3
805 1115 845 1152 et
863 1111 976 1153 velut
993 1111 1035 1152 in
1056 1110 1149 1152 rudi
1167 1109 1375 1162 aedificio,
1394 1108 1536 1151 firmus
1552 1121 1655 1151 sane

149 1186 290 1240 paries
312 1191 353 1229 et
383 1186 620 1239 duraturus,
642 1186 717 1228 sed
750 1198 835 1227 non
866 1186 966 1227 satis
993 1185 1196 1239 expolitus
1228 1189 1269 1226 et
1292 1184 1529 1238 splendens.
1562 1184 1654 1238 Ego

151 1264 287 1303 autem
318 1265 544 1313 oratorem,
577 1260 962 1314 sicut'locupletem
1005 1272 1055 1300 ac
1084 1259 1238 1300 lautum
1267 1262 1426 1312 patrem
1456 1258 1651 1310 familiae,

151 1348 236 1378 non
261 1339 420 1378 tantum
450 1347 501 1377 eo
526 1334 623 1377 volo
650 1338 760 1376 tecto
790 1334 873 1388 tegi
902 1333 1012 1387 quod
1031 1333 1204 1374 imbrem
1230 1345 1280 1373 ac
1301 1336 1468 1374 ventum
1492 1335 1649 1383 arceat,

155 1410 230 1453 sed
261 1411 383 1453 etiam
415 1409 527 1464 quod
555 1410 691 1452 visum
722 1413 762 1450 et
793 1408 939 1450 oculos
975 1407 1155 1448 delectet
1167 1420 1178 1457 3
1211 1419 1294 1448 non
1325 1419 1374 1448 ea
1415 1406 1549 1447 solum
1583 1405 1704 1446 in-ns

151 1485 254 1528 strui
295 1484 555 1540 supellectile
599 1497 705 1539 quae
747 1483 1002 1525 necessariis
1046 1482 1189 1524 usibus
1231 1481 1440 1534 sufficiat,
1483 1480 1558 1523 sed
1598 1481 1652 1522 sit

298 1637 332 1671 2.
360 1649 404 1671 ea.-
427 1637 541 1672 verbis
566 1636 604 1670 P.
722 1637 757 1671 3.
785 1635 944 1680 locosque
971 1635 1017 1669 P:
1057 1633 1083 1668 F
1110 1633 1204 1668 locos
1229 1645 1371 1679 quoque.
1402 1632 1448 1666 cf.
1476 1632 1519 1666 ad
1543 1634 1567 1667 4
1591 1633 1650 1667 21.

153 1686 294 1720 leniores
311 1686 439 1730 (priori
459 1686 651 1730 eproxime
676 1686 954 1730 superscriptum
981 1696 1000 1718 c
1018 1688 1055 1717 ut
1081 1684 1126 1717 sit
1153 1683 1326 1725 lectiores,
1356 1686 1429 1715 tum
1455 1681 1521 1715 lali
1544 1685 1582 1714 ut
1607 1681 1654 1714 sit

155 1734 318 1781 latiores)
343 1734 381 1769 P.
409 1745 453 1768 ex
479 1734 507 1768 F
532 1734 676 1768 affertur
696 1733 873 1768 laetiores.
950 1734 1135 1766 altenlauie
1163 1731 1199 1765 P.
1294 1734 1330 1765 4.
1356 1730 1417 1763 ι”ἀ
1443 1730 1587 1773 sen-'‘ior,
1616 1729 1652 1764 h.

160 1794 193 1819 e.
219 1783 340 1818 senior
363 1784 447 1826 iam,
473 1782 511 1816 P.
539 1782 630 1817 falsa
654 1781 698 1816 ad
725 1781 759 1815 h.
789 1782 812 1816 1.
841 1781 885 1815 de
912 1780 1003 1814 libro
1031 1780 1055 1814 Ρ
1081 1785 1198 1814 narrat
1225 1778 1393 1814 Orellius.
1500 1779 1534 1813 5.
1561 1779 1654 1811 iusta

156 1832 194 1866 P.
294 1832 328 1867 7.
358 1833 463 1879 esset]
491 1837 541 1865 est
564 1830 640 1864 FP:
669 1831 825 1864 cori-exit
849 1829 1044 1864 Acidalius.
1139 1830 1193 1864 10.
1222 1834 1288 1874 ope.
1318 1833 1349 1861 ει
1375 1828 1510 1871 (spatio
1548 1827 1652 1860 trium

156 1881 233 1915 fere
258 1880 454 1914 litterarum
481 1879 608 1914 relicto
635 1884 715 1924 post
738 1882 828 1925 opt.)
856 1878 893 1921 P,
923 1884 1012 1924 optet
1041 1877 1086 1911 F:
1126 1878 1282 1911 cori-exit
1305 1874 1503 1910 Acidalius.
1603 1874 1651 1907 li..

154 1930 259 1972 mine,
286 1929 397 1974 priori
421 1929 437 1963 s·
461 1938 639 1973 superscr.
664 1928 708 1962 ab
734 1927 806 1961 alia
830 1938 876 1961 m.
901 1939 935 1969 u,
963 1926 999 1960 P.
1125 1927 1179 1960 13.
1210 1925 1389 1959 laudatum
1415 1923 1491 1958 FP:
1527 1933 1653 1957 emen-

154 1977 252 2012 davit
276 1977 430 2022 Lipsius.
532 1977 588 2012 14.
615 1982 750 2011 tantum
774 1987 814 2010 εο
841 1975 885 2009 P:
914 1986 953 2009 eo
980 1980 1113 2010 tantum
1139 1975 1263 2016 ceteri,
1294 1978 1333 2006 ut
1362 1972 1515 2007 videtur.
1598 1977 1653 2005 te-

154 2032 246 2061 ctum
272 2036 449 2071 superscr.
477 2037 547 2060 aen
571 2025 609 2060 P.
702 2025 758 2060 16.
785 2024 846 2059 sed
870 2025 914 2058 sit
931 2023 977 2057 P:
996 2023 1064 2058 -sed
1091 2024 1195 2058 etiam
1219 2024 1263 2057 sit
1288 2026 1432 2056 veteres
1461 2021 1652 2055 editiones.

940 2184 994 2214 est
1036 2180 1130 2213 circa
1176 2190 1334 2213 excessus
1375 2178 1434 2222 qui
1484 2177 1655 2211 admiscet

211 2183 400 2218 viderimus
426 2183 465 2216 in
482 2188 703 2228 quantum—
721 2182 870 2228 suffece-

941 2229 1169 2274 egressiones
1195 2237 1266 2260 non
1293 2237 1338 2260 ex
1365 2226 1442 2269 ipsa
1463 2235 1568 2258 causa
1586 2235 1653 2268 pe..

153 2233 224 2266 rit.-
253 2236 307 2266 est
334 2231 539 2273 ἀπόδοσις,
557 2232 658 2264 cuius
681 2232 872 2276 πρότασις

154 2280 340 2325 deperdita
366 2284 432 2322 est,
459 2280 496 2312 in
521 2279 617 2312 hunc
634 2278 776 2311 modum
794 2278 871 2312 for-

153 2333 249 2362 tasse
288 2327 532 2362 conformata:
572 2327 604 2360 si
638 2332 761 2360 nostra
796 2332 872 2359 scu-

154 2377 235 2419 dia,
268 2377 385 2410 nostri
409 2376 488 2409 aevi
511 2374 646 2408 iudicia
671 2379 703 2407 et
728 2374 872 2418 negotia

154 2426 228 2471 fori
253 2430 416 2471 expertus
442 2429 539 2465 esset,
566 2422 753 2456 viderimus
778 2426 847 2455 cet.

226 2494 312 2540 Cap.
326 2496 384 2531 22.
418 2504 539 2541 pugna
565 2504 642 2527 cum
668 2491 873 2538 aequalibus

154 2545 248 2580 suis:
274 2555 308 2579 v.
336 2548 458 2577 annot.
489 2542 532 2577 ad
559 2554 591 2576 c.
623 2540 678 2576 18.

243 2616 333 2661 quod
378 2617 541 2661 optimum
585 2612 725 2646 dicendi
764 2623 872 2657 qenus

158 2671 244 2700 esset
261 2677 273 2697 .-
300 2663 425 2698 vitium
453 2664 489 2696 in
517 2660 701 2696 codicibus
727 2660 870 2694 obvium

156 2719 206 2748 est
232 2723 277 2746 ex
304 2709 516 2755 compendio
545 2714 605 2743 ἒεἿ
631 2714 746 2742 ortum
774 2713 840 2743 est.

248 2783 388 2830 priores
430 2782 503 2815 eius
546 2780 744 2814 orationes:
804 2778 872 2814 hoc

160 2832 354 2876 praecipue
379 2830 477 2864 valet
504 2828 548 2863 de
575 2840 617 2863 ea
645 2839 714 2874 qua
743 2827 872 2862 defen-

159 2882 209 2914 dit
246 2880 412 2914 Roscium
450 2878 655 2913 Amerinum
693 2882 728 2911 et
765 2887 867 2922 quam

161 2929 285 2963 babuit
312 2937 374 2973 pro
402 2927 560 2970 Quintio.

229 2978 356 3015 otiosus
381 2978 481 3012 circa
518 2987 699 3012 excessus:
736 2975 872 3011 otiosus

940 2278 1023 2310 titas
1047 2275 1111 2309 sed
1137 2275 1282 2309 aliunde
1308 2274 1510 2307 arcessitas.
1547 2270 1651 2306 Conf.

942 2323 1183 2365 Quintilianus
1209 2321 1256 2355 111
1280 2322 1302 2356 9
1327 2325 1368 2355 4:
1396 2321 1546 2366 egressio
1570 2331 1652 2354 vero

942 2371 997 2404 vel
1023 2370 1113 2415 quod
1137 2370 1299 2404 usitatius
1336 2380 1407 2402 esse
1443 2369 1554 2414 coepit
1586 2380 1651 2402 ez·-

945 2431 1059 2453 cessus
1079 2444 1088 2460 ‚
1136 2420 1207 2452 sive
1255 2423 1303 2451 est
1339 2423 1442 2450 extra
1483 2427 1625 2451 causam
1642 2443 1652 2459 ‚

942 2479 1014 2500 nou
1038 2472 1148 2512 potest
1174 2478 1246 2500 esse
1269 2477 1355 2512 pars
1390 2477 1519 2499 causae
1534 2490 1544 2507 ‚
1583 2466 1655 2499 site

944 2521 993 2550 est
1018 2516 1057 2548 in
1086 2526 1216 2557 causa,
1246 2514 1458 2548 adiutorium
1484 2519 1516 2547 et
1542 2524 1654 2547 orna-

941 2569 1092 2598 mentum
1113 2565 1268 2609 partium
1297 2568 1346 2596 est
1373 2573 1493 2596 earum
1516 2573 1559 2595 ex
1575 2563 1654 2605 qui-

942 2613 1003 2646 bas
1029 2612 1216 2656 egreditur.
1244 2611 1351 2645 Fines
1378 2611 1549 2643 orationis
1576 2611 1654 2643 sive

941 2661 1186 2705 perorationes
1228 2670 1386 2693 excessus
1425 2657 1498 2691 noli
1540 2658 1653 2690 inter..

943 2709 1097 2753 pretori:
1139 2719 1218 2742 nain
1246 2709 1280 2740 in
1310 2706 1363 2739 his
1391 2707 1543 2738 otiosum
1573 2715 1652 2739 esse

942 2756 1151 2791 Ciceronem
1181 2767 1225 2789 ne
1253 2765 1331 2788 cum
1358 2753 1479 2798 specie
1506 2753 1647 2798 quidem

940 2806 1103 2840 veritatis
1136 2803 1363 2847 pronuntiare
1396 2801 1502 2843 licet,
1541 2806 1648 2846 atque

942 2854 1032 2887 hanc
1057 2857 1151 2886 certe
1179 2856 1322 2885 secutus
1348 2854 1402 2883 est
1424 2850 1500 2884 eius
1521 2859 1647 2894 repre..

942 2901 1083 2936 hensor.

1011 2970 1101 3007 nihil
1125 2973 1288 3019 referre.-
1317 2971 1454 3018 referre
1481 2979 1560 3005 esse
1588 2978 1652 3016 pro
