1768 3216
7 1332 30 1356 μ
66 1330 267 1395 <K{svium
309 1351 533 1392 concessit.

174 193 247 227 206

168 312 242 350 est.

750 186 1049 222 HISTORIARVM

1456 200 1487 224 a.
1515 195 1550 224 u.
1576 188 1661 226 822.

164 381 336 423 Moesici
383 379 587 421 exercitus
630 378 811 433 legatum
854 391 904 420 eo
947 379 1130 421 atrocius
1172 377 1498 432 adgrediuntur,
1550 378 1661 433 quod

164 467 259 506 non,
294 458 335 493 ut
362 452 498 506 prius,
532 452 676 494 labore
708 457 748 495 et
779 465 907 506 opere
941 453 1100 505 fessae,
1135 452 1208 494 sed
1242 452 1380 494 medio
1415 452 1502 494 diei
1533 464 1663 495 exar-

161 531 324 578 serant,
363 526 539 581 vulgatis
586 527 770 581 epistulis
814 540 915 581 quas
950 527 1194 569 Saturninus
1226 527 1277 568 ad
1311 526 1519 568 Vitellium
1550 527 1664 571 sori-

0 589 292 663 ssssjssspsisse
324 601 583 643 credebatur.
647 601 696 643 Ut
728 602 824 668 olim
856 602 1018 644 virtutis
1050 603 1391 656 modestiaeque,
1433 606 1530 644 tunc
1558 615 1664 657 pro-

160 676 346 717 cacitatis
393 680 433 717 et
470 676 721 729 petulantiae
769 680 981 719 certamen
1026 681 1138 730 erat,
1181 690 1234 718 nc
1274 677 1407 719 minus
1449 677 1658 720 violenter

158 749 364 803 Aponium
398 762 518 804 quam
541 751 780 793 Flavianum
811 751 861 793 ad
894 751 1139 806 supplicium
1173 752 1467 806 deposcerent.
1503 752 1663 808 Quippe

158 824 367 866 Moesicae
397 825 588 880 legiones
622 826 802 867 adiutam
837 840 859 868 a
894 839 939 869 se
970 827 1306 869 Pannonicorum
1346 827 1545 870 ultionem
1589 840 1663 870 re-

161 898 358 952 ferentes,
392 903 431 940 et
460 900 702 953 Pannonici,
735 900 848 943 velut
879 901 1199 944 absolverentur
1230 896 1405 944 allorum
1437 901 1661 955 seditione,

110 973 311 1016 reiterare
342 975 500 1028 culpam
531 975 782 1030 gaudebant.

161 1048 402 1091 Saturninus
421 1082 431 1102 ,
464 1055 653 1104 pergunt.

849 976 894 1017 In
924 976 1082 1034 hortos,
1116 978 1157 1018 in
1190 977 1338 1031 quibus
1370 976 1664 1019 devertebatur

715 1051 802 1092 Nec
834 1055 913 1092 tam
941 1051 1099 1093 Primus
1132 1056 1171 1094 et
1201 1051 1446 1106 Aponianus
1479 1055 1519 1093 et
1548 1052 1663 1095 Mes-

160 1123 261 1177 sala,
292 1137 533 1185 quamquam
566 1125 677 1166 omni
709 1125 833 1167 modo
857 1126 962 1179 nisi,
997 1127 1188 1180 eripuere
1219 1127 1508 1180 Saturninum,
1541 1139 1661 1181 quam

161 1199 389 1241 obscuritas
432 1200 679 1242 latebrarum
728 1201 874 1255 quibus
926 1201 1219 1254 occulebatur,
1266 1202 1503 1244 vacantium
1552 1201 1662 1245 sorte

158 1272 397 1316 balnearum
429 1275 670 1317 fornacibus
703 1276 878 1317 abditus.

475 1333 613 1351 m

941 1275 1037 1318 Mox
1069 1277 1235 1318 omissis
1274 1276 1493 1319 lictoribus
1538 1276 1662 1320 Pata-

592 1351 794 1406 Digressu
834 1351 1115 1393 consularium
1155 1352 1226 1393 uni
1277 1352 1471 1394 Antonio¹
1503 1352 1567 1394 vis
1609 1364 1659 1395 ac

158 1428 341 1478 potestas
385 1425 426 1466 in
465 1430 681 1479 utrumque
721 1427 948 1468 exercitum
992 1427 1089 1479 suit,
1132 1427 1377 1469 cedentibus
1410 1427 1586 1482 collegis
1618 1432 1660 1470 et

299 1701 327 1732 1.
355 1699 458 1734 uelud
486 1699 548 1735 Ma.

160 1748 268 1791 (corr.
294 1749 342 1793 is)
371 1747 435 1782 Ma.
538 1749 572 1783 6.
599 1749 760 1783 nolenter
786 1749 880 1786 Gala.

157 1795 262 1829 uelud
288 1795 350 1830 Ma.
446 1797 499 1831 10.
528 1797 649 1831 hortus
676 1797 741 1833 Ma.

158 1843 321 1877 militibus
349 1843 421 1878 Ma:
449 1844 508 1878 BG
532 1845 690 1880 militum.

633 1703 667 1736 4.
697 1701 786 1747 τοῖς.
815 1701 873 1736 Or.

162 1981 231 2052 qlua
259 1970 302 2030 de
330 1982 368 2005 re
395 1971 518 2007 eadem
555 1979 660 2008 nocte
696 1975 731 2007 in
765 1980 878 2009 castra

162 2029 180 2052 a
199 2019 278 2052 latis
297 2045 303 2052 .

235 2066 321 2112 Cap.
354 2069 409 2103 11.

461 2069 553 2104 velut
587 2071 663 2104 tabe
698 2073 878 2116 infectae.-

163 2114 210 2149 cf.
238 2115 278 2149 H.
309 2115 322 2149 1
349 2118 407 2152 21.

520 2119 698 2153 Moesicae
725 2121 878 2166 quiones

161 2163 317 2198 adiutam
348 2176 371 2198 a
395 2178 431 2199 se
461 2166 744 2202 Pannonicorum
769 2169 877 2203 ultio-

160 2223 238 2246 nem
270 2208 483 2257 refer-eules:
532 2217 771 2259 periclitatum
811 2228 876 2251 ex·-

166 2260 414 2307 turbatumque
446 2262 655 2298 Flavianum
693 2265 877 2300 Pannoni-

164 2320 281 2342 corum
308 2311 473 2344 ultionem
489 2312 635 2347 Moesici
662 2314 850 2348 vocabant.

219 2359 415 2393 cedentibus
441 2359 604 2406 colleqis:
630 2363 708 2406 ipse
737 2363 875 2409 legioni

160 2407 333 2449 septimae
359 2407 552 2443 Galbianae
578 2410 718 2456 legatus
745 2422 876 2455 praee-

159 2458 235 2497 rat,
271 2454 332 2489 sed
369 2461 566 2491 ceterarum
599 2458 783 2504 legionum
818 2460 875 2494 le-

161 2503 234 2548 gati
269 2503 327 2537 vel
368 2503 476 2538 duces
511 2511 677 2550 quattuor
717 2510 749 2542 ei
783 2514 875 2542 tam-

162 2561 264 2595 quam
292 2550 413 2597 legato
446 2554 624 2589 consulari
652 2566 815 2599 paruere.

232 2599 385 2634 obversis
407 2601 554 2635 militum
578 2604 718 2638 studiis.-
759 2605 874 2639 Medi-

161 2648 216 2681 cei
250 2648 414 2682 mendum
453 2650 618 2685 militibus
653 2653 873 2687 assimilandi

161 2697 387 2731 aberratione
422 2704 658 2742 procreatum.
718 2701 874 2735 l'ichena

160 2746 360 2788 suspicatur
386 2746 606 2791 militar-ibus,
637 2753 675 2782 ut
708 2754 761 2783 est
786 2749 800 2782 1
827 2751 873 2784 32

160 2792 368 2828 militaribus
384 2795 483 2839 odiis,
511 2796 575 2830 sed
594 2798 873 2843 ingratissimum

162 2841 197 2873 in
225 2843 380 2887 quinque
417 2844 567 2878 vocibus
601 2846 754 2880 eundem
794 2847 874 2880 exi-

162 2892 233 2922 tum
253 2889 345 2924 haud
363 2890 469 2926 dubie
494 2894 567 2928 stili
583 2895 744 2930 variandi
765 2906 874 2942 egre-

164 2937 243 2983 gius
268 2943 402 2972 amator
427 2941 567 2977 vitavit.

839 1801 892 1833 11.
924 1799 1080 1834 Messala
1108 1798 1203 1842 Giufi,
1231 1809 1302 1833 non
1331 1799 1513 1834 Messalla.

0 1480 89 1559 ‹1ssssss
162 1497 353 1555 obfflsis
389 1499 561 1540 militum
591 1499 751 1542 studiis.
797 1500 884 1542 Nec
917 1501 1091 1544 deerant
1123 1501 1191 1555 qui
1210 1501 1432 1544 crederent
1446 1505 1662 1557 utramque

2 1567 106 1615 lem*
158 1572 406 1614 seditionem
441 1573 585 1616 fraude
616 1573 788 1616 Antonii
821 1580 1034 1630 coeptam,
1076 1580 1120 1617 ut
1149 1576 1264 1618 solus
1295 1575 1406 1618 bello
1439 1576 1659 1619 frueretur.

1451 1703 1483 1738 5.
1511 1702 1661 1743 virtutes

979 1751 1015 1786 8.
1044 1751 1192 1795 teqionis
1219 1761 1397 1795 superscr.
1427 1763 1444 1786 c
1471 1749 1537 1786 Ma.
1605 1752 1662 1836 ὁ).

967 1702 1051 1747 eplis
1081 1713 1160 1736 cum
1189 1701 1251 1737 lin.
1283 1701 1349 1737 Ma.

1022 1974 1106 2020 Cap.
1131 1978 1184 2012 12.
1215 1976 1371 2010 Lucilius
1398 1977 1548 2011 Bassus.-
1575 1987 1665 2011 con-

949 2024 1105 2057 tinuatur
1138 2026 1292 2058 narratio
1326 2025 1368 2059 H.
1395 2024 1426 2058 11
1456 2026 1662 2062 loo—101

947 2072 1127 2107 inchoata.
1241 2075 1279 2107 in
1300 2074 1485 2119 principia
1510 2073 1666 2120 desecto-

947 2132 1003 2154 res
1031 2123 1188 2155 coirent:
1216 2122 1350 2156 milites
1378 2122 1553 2157 classiarii
1572 2123 1667 2167 apud

946 2169 1152 2204 Ravennam
1182 2172 1306 2205 castris
1322 2170 1502 2216 degebant
1517 2172 1666 2216 perinde
1715 2192 1718 2214 2

304 307 530 361 Legiones,
581 303 694 345 velut
742 303 836 344 tabe
883 304 1090 356 infectae,
1139 302 1348 356 Aponium
1397 304 1729 347 Saturninumll

1716 2106 1724 2153 l

1714 2168 1718 2186 l

948 2223 1054 2263 atque
1085 2219 1251 2264 legiones
1279 2219 1542 2265 cohortesque,
1573 2231 1665 2266 quae
1714 2218 1718 2252 ⁴.

947 2269 1151 2310 provincias
1181 2269 1304 2302 castris
1341 2269 1481 2303 stativis
1515 2272 1667 2304 coerce-
1717 2262 1719 2277 “’

947 2315 1043 2350 hant.
1115 2316 1247 2351 Domus
1288 2318 1363 2362 (ein
1400 2317 1535 2362 Palais)
1574 2327 1667 2363 quae

946 2366 1063 2398 statim
1094 2366 1316 2409 nominatur,
1346 2365 1444 2400 urbis
1472 2366 1666 2402 Ravenna·-

946 2414 990 2446 tis
1019 2413 1100 2448 fuit.

1019 2462 1235 2495 trierarchi:
1262 2461 1298 2495 hi
1320 2462 1357 2495 in
1383 2461 1557 2496 classibus
1583 2468 1666 2496 sunt

946 2511 1007 2554 qui
1039 2509 1171 2543 tribuni
1203 2511 1506 2556 centurionesque
1542 2512 1579 2544 in
1606 2511 1664 2546 le..

945 2558 1132 2603 gionibus,
1170 2558 1344 2602 praefecti
1371 2560 1406 2592 in
1438 2558 1660 2594 cohortibus.

946 2607 983 2639 ln
1014 2605 1067 2639 Ma
1094 2607 1314 2642 trierarchus
1338 2612 1539 2651 peccatum,
1567 2608 1662 2654 quod

889 2675 916 2699 0
944 2654 1061 2689 scriba
1097 2654 1131 2688 id
1163 2666 1293 2690 nomen
1327 2667 1406 2690 cum
1448 2656 1560 2691 verbo
1598 2669 1664 2704 op-

940 2703 1145 2749 periebatur
1170 2704 1262 2738 falso
1292 2705 1419 2738 iunxit.

1017 2752 1139 2786 classis
1156 2753 1358 2787 Cornelium
1385 2753 1533 2788 Fuscum
1559 2761 1661 2799 sqq.2

945 2799 1035 2834 haec
1062 2811 1141 2834 cum
1169 2801 1467 2836 antecedentibus
1493 2811 1565 2835 non
1595 2811 1662 2836 co-

945 2848 1094 2884 haerere
1111 2850 1293 2884 nonnullis
1311 2850 1565 2894 interpretibus
1585 2851 1662 2885 visa

944 2902 1045 2939 sunt3
1075 2903 1109 2932 et
1136 2909 1222 2933 sane
1249 2898 1276 2933 1.
1295 2898 1352 2933 Fr.
1378 2898 1579 2934 Gronovius
1594 2898 1662 2934 Sti-

944 2945 1023 2980 vilii
1050 2946 1093 2981 de
1119 2946 1188 2982 hoc
1213 2947 1295 2982 loco
1321 2947 1563 2983 dubitationes
1589 2957 1662 2982 non

1716 2279 1726 2369 l
