1768 3216
715 195 802 234 Gn.
830 196 986 236 29-3o
1555 196 1630 233 mo

68 322 79 332 ·
132 308 356 362 scribitur3
387 310 429 353 in
463 309 580 353 cuius
611 315 795 358 extrema
823 317 942 368 parte
972 319 1088 366 (nam
1119 314 1236 368 prior
1264 313 1633 358 commemoratio-

134 395 229 428 nem
258 387 446 429 veterum
479 390 691 428 oratorum
720 387 866 441 habet)
896 399 970 429 sua
1001 388 1141 440 initia,
1182 400 1282 431 suos
1312 388 1496 443 gradus,
1530 400 1631 430 suae

130 457 397 513 eloquentiae
427 459 541 504 velut
572 461 775 514 quandam
807 461 1095 504 educationem
1126 462 1277 505 refert:
1309 475 1355 506 se
1375 462 1481 517 apud
1500 461 1634 512 Quin-

132 536 217 583 tum
246 533 425 579 Mucium
458 534 521 580 ius
549 535 672 577 civile
703 536 927 589 didicisse,
960 537 1066 591 apud
1084 537 1295 579 Philonem
1311 537 1623 589 Academicum,

132 606 240 661 apud
279 607 503 651 Diodotum
540 609 725 652 Stoicum
763 623 909 653 omnes
953 611 1243 665 philosophiae
1285 615 1423 665 partes
1463 611 1662 665 penituss

132 680 325 727 hausisse
335 696 348 734 ;
397 694 534 737 neque
566 684 630 725 his
662 684 906 727 doctoribus
938 690 1200 738 contentum,
1233 697 1405 739 quorum
1438 685 1476 726 ei
1508 684 1629 738 copia

130 753 174 796 in
204 755 308 804 urhe
337 757 597 811 contigerat,
639 758 841 805 Achaiam
887 771 1053 813 quoque
1096 763 1137 803 et
1168 759 1312 802 Asiam
1354 771 1622 814 peragrasse,

129 833 174 873 ut
203 841 368 877 omnem
400 832 581 876 omnium
610 834 758 874 artium
787 834 1031 875 varietatem
1060 834 1417 887 complecteretur.
1486 833 1628 888 ltaque

130 902 276 952 berula
308 905 352 945 in
381 903 499 950 libris
530 905 747 947 Ciceronis
780 906 1096 959 deprehendere
1126 908 1223 949 licet
1247 919 1331 948 non
1353 907 1626 962 geometriae,

129 989 214 1024 non
242 978 443 1030 musicae,
482 991 568 1020 non
600 980 911 1034 grammaticae,
944 993 1030 1022 non
1062 981 1243 1034 denique
1272 981 1396 1022 ullius
1428 981 1527 1022 artis
1559 981 1629 1022 in-
1643 996 1681 1026 ιο

127 1064 295 1108 genuae
322 1052 540 1098 scientiam
572 1054 611 1095 ei
643 1053 844 1095 defuisse.
877 1054 947 1096 Ille
979 1054 1226 1097 dialecticae
1251 1055 1530 1107 subtilitatem,
1560 1054 1629 1095 ille

128 1126 299 1172 moralis
328 1127 458 1181 partis
489 1127 728 1179 utilitatem,
762 1128 830 1170 ille
859 1141 996 1170 rerum
1028 1133 1162 1170 motus
1193 1141 1425 1182 causasque
1457 1139 1628 1183 cogno-

128 1204 259 1249 verat.
319 1201 377 1244 lta
411 1205 476 1242 est
507 1202 630 1254 enim,
663 1202 806 1255 optimi
836 1203 929 1254 viri,
963 1203 1031 1245 ita.
1074 1203 1136 1245 Ex
1167 1203 1290 1244 multa
1320 1203 1555 1245 eruditione
1587 1207 1627 1244 et

130 1273 317 1331 plurimis
347 1275 504 1318 artibus
536 1280 576 1316 et
606 1276 786 1318 omnium
817 1288 954 1317 rerum
986 1277 1162 1318 scientia
1195 1276 1375 1318 exundat
1406 1280 1445 1317 et
1466 1276 1628 1317 exube-

130 1353 196 1395 rat
223 1349 292 1394 illa
323 1349 582 1396 admirabilis
614 1350 848 1404 eloquentia
859 1365 870 1401 ;
903 1363 1038 1404 neque
1066 1351 1246 1396 oratoris
1278 1351 1341 1392 vis
1374 1355 1413 1392 et
1433 1351 1678 1403 facultas,15

130 1424 239 1466 sicut
270 1428 503 1465 ceterarum
530 1436 683 1476 rerum,
717 1426 903 1479 angustis
936 1430 975 1466 et
1002 1425 1209 1483 brevibus¹
1230 1425 1415 1466 terminis
1434 1425 1623 1477 cluditur,

125 1497 199 1539 sed
231 1498 267 1545 is
302 1502 366 1539 est
393 1503 537 1540 orator
569 1499 636 1552 qui
668 1499 719 1540 de
754 1499 865 1540 omni
907 1500 1153 1553 quaestione
1190 1499 1361 1552 pulchre
1399 1503 1440 1540 et
1479 1503 1626 1541 ornate

127 1575 168 1614 et
197 1571 249 1614 ad
279 1572 614 1626 persuadendum
647 1577 739 1627 apte
770 1573 912 1615 dicere
942 1585 1017 1628 pro
1052 1573 1253 1628 dignitate
1282 1586 1434 1625 rerum,
1469 1573 1520 1615 ad
1541 1573 1626 1615 uti-

175 1734 211 1769 3.
239 1735 377 1778 referre
396 1743 575 1777 superscr.
603 1734 637 1766 in
659 1734 728 1768 fine
746 1739 757 1767 t
773 1738 808 1767 ct
824 1744 862 1767 re
875 1734 1016 1778 punctis
1031 1733 1172 1767 subnot.
1192 1733 1228 1774 P,
1256 1734 1393 1777 referre
1408 1732 1446 1766 F.
1512 1734 1564 1775 .Q.
1586 1731 1622 1766 P.

125 1782 160 1816 4.
191 1782 338 1817 Mucium
367 1781 404 1816 P.
480 1781 744 1816 achademicum
770 1782 805 1815 P.
890 1783 923 1816 5.
953 1782 1146 1815 Diodorum
1171 1782 1253 1816 FP:
1287 1781 1442 1815 correxit
1470 1780 1621 1825 Lipsius.

129 1841 174 1864 ex
199 1829 227 1864 F
253 1830 440 1866 Diodotum
466 1830 604 1864 rettulit
630 1830 852 1872 Schrautius,
879 1831 1072 1864 Diodorum
1097 1830 1324 1864 Niebuhrius.
1414 1840 1530 1862 omncs
1556 1828 1623 1871 FP,

125 1888 196 1912 non
223 1879 343 1913 omnis.
416 1878 451 1913 6.
502 1879 545 1912 iis
574 1878 611 1912 P.
689 1880 791 1924 copia
817 1878 867 1912 P:
896 1878 921 1911 F
948 1881 1095 1924 copiam.
1170 1879 1203 1914 9.
1227 1879 1344 1912 hercle
1372 1877 1407 1920 P,
1439 1888 1508 1910 non
1530 1877 1624 1911 Her-

127 1927 216 1961 cule.
308 1928 364 1963 10.
390 1927 480 1960 artis
506 1927 680 1972 ingenuae
708 1927 758 1961 P:
784 1929 959 1972 inqenuae
987 1929 1075 1962 artis
1102 1932 1243 1961 veteres
1274 1926 1464 1961 editiones.
1568 1927 1622 1959 11.

124 1975 350 2021 suptilitatem
376 1974 412 2008 P.
529 1978 583 2009 11.
611 1976 670 2010 itte
696 1981 779 2010 ante
803 1975 948 2009 moralis
975 1977 1010 2009 in
1037 1976 1061 2009 P
1089 1980 1143 2009 est
1169 1976 1206 2008 in
1232 1985 1365 2009 rasura.
1495 1973 1548 2007 13.
1577 1978 1625 2006 est

126 2024 218 2057 enim
242 2023 308 2066 FP,
335 2033 407 2057 non
435 2024 526 2057 enim
553 2029 614 2058 est.
695 2026 749 2059 14.
777 2025 943 2058 exuberat
971 2029 1054 2058 ante
1080 2024 1146 2058 litt.
1174 2036 1196 2058 u
1222 2023 1265 2058 ab
1295 2023 1342 2058 al.
1371 2034 1415 2057 m.
1446 2031 1625 2066 superscr.

125 2072 149 2106 1·
172 2071 211 2107 P.
291 2072 347 2107 15.
374 2072 444 2105 ista
468 2072 506 2106 P.

126 2238 171 2261 ex
205 2226 245 2260 G.
278 2227 325 2261 45
356 2229 538 2273 frumenta
584 2248 620 2254 —
663 2227 840 2266 laborant,

125 2285 218 2320 quae
248 2274 390 2311 dicendi
417 2276 507 2308 ratio
533 2274 575 2308 ad
603 2275 700 2308 atiud
727 2285 840 2320 genus

124 2322 316 2358 referenda
342 2327 416 2364 θεὴ
447 2322 492 2356 cf.
521 2322 570 2355 ibi
597 2327 777 2356 annotata.

199 2392 285 2439 Cap.
313 2393 372 2428 30.
408 2393 525 2426 statim
550 2393 730 2427 dicturus.-
755 2393 841 2426 dicit

125 2453 156 2475 c.
187 2442 247 2477 35.

196 2490 254 2535 qui
279 2489 408 2524 Brutus
436 2490 663 2524 inscribitur.-
698 2490 744 2524 cf.
773 2500 839 2523 an-

124 2543 200 2573 not.
227 2539 270 2572 ad
298 2549 329 2571 c.
362 2538 416 2572 18.
444 2538 543 2572 Bruti
560 2538 744 2572 Ciceronis
761 2549 838 2571 eam

124 2591 259 2629 partem
292 2586 511 2631 significavit
546 2597 648 2631 quam
685 2586 839 2630 legimus

124 2644 155 2668 c.
180 2633 339 2674 89-92,

213 2681 274 2716 itte
317 2692 433 2715 rerum
474 2687 582 2714 motus
621 2691 838 2725 causasque.-

124 2729 213 2764 dicit
252 2725 295 2764 ιᾰ
350 2734 438 2775 περὶ
478 2729 634 2777 φύσεως
671 2730 750 2763 sive
792 2725 834 2764 ui

126 2778 289 2826 φυσικά,
316 2783 460 2812 secutus
487 2777 699 2812 divisionem
715 2777 834 2822 philo-

124 2826 274 2871 sophiae
310 2828 345 2860 in
382 2832 453 2860 tres
491 2830 608 2870 partes
645 2826 834 2867 discretae,

125 2886 228 2920 quam
256 2875 388 2919 primus
417 2876 570 2909 institnit
593 2873 704 2909 Plato.
729 2873 835 2908 Conf.

126 2924 286 2963 Senecae
322 2922 434 2968 Epist.
460 2922 508 2959 89
533 2924 568 2965 §.
598 2923 642 2958 8:
676 2922 836 2969 philoso-

908 2227 1015 2272 phiae
1043 2233 1111 2260 tres
1135 2232 1255 2271 partes
1285 2238 1356 2259 esse
1393 2226 1555 2258 dixerunt
1594 2230 1625 2258 et

911 2276 1055 2307 maximi
1081 2281 1112 2307 et
1133 2274 1277 2319 plurimi
1304 2281 1477 2314 auctores,
1503 2284 1624 2306 mora-

911 2323 989 2364 lem,
1017 2321 1227 2363 naturalem,
1256 2321 1478 2356 rationalem.
1508 2321 1626 2355 Prima

913 2371 1085 2415 componit
1113 2371 1287 2412 animum,
1329 2369 1482 2404 secunda
1509 2380 1626 2404 rerum

912 2424 1078 2451 naturam
1102 2423 1302 2460 scrutatur,
1330 2419 1435 2453 tertia
1459 2418 1625 2463 proprie-

912 2473 999 2500 tates
1025 2466 1208 2500 verborum
1235 2467 1342 2512 exigit
1361 2473 1392 2501 et
1412 2472 1624 2501 structuram

910 2521 941 2548 et
975 2515 1320 2560 argumentationes,
1356 2527 1400 2549 ne
1440 2526 1504 2560 pro
1543 2526 1624 2548 vero

908 2562 1004 2607 falsa
1028 2563 1227 2609 subrepant.
1283 2563 1383 2597 Adde
1413 2562 1623 2605 Quintiliani

980 2685 1009 2716 is
1035 2689 1083 2716 est
1122 2689 1244 2715 orator
1288 2702 1331 2707 —-
1369 2687 1447 2726 apte
1481 2680 1622 2713 dicere:

911 2731 1037 2765 ducem
1053 2732 1213 2775 sequitur
1234 2728 1443 2762 Ciceronem
1461 2728 1504 2762 de
1523 2727 1617 2762 Orat.

907 2779 921 2812 1
952 2780 1012 2813 15:
1040 2778 1260 2822 quamobrem
1286 2778 1317 2810 si
1333 2778 1407 2821 quis
1419 2777 1620 2811 universam

906 2833 937 2859 et
963 2828 1145 2871 propriam
1183 2827 1335 2860 oratoris
1371 2826 1439 2858 vim
1475 2825 1620 2868 definire

906 2874 1150 2919 complectique
1164 2874 1246 2916 cult,
1273 2874 1304 2907 is
1322 2879 1443 2907 orator
1461 2875 1527 2907 erit
1541 2884 1619 2907 mea

905 2923 1077 2957 sententia
1124 2922 1189 2956 hoc
1230 2927 1301 2956 tam
1354 2922 1456 2970 94·αυί
1494 2922 1618 2968 άίφιαε
