1768 3216
149 237 185 262 a.
211 237 248 263 u.
275 227 362 263 838.
419 238 440 262 a
470 228 509 263 C.
536 228 596 264 85.
749 227 837 264 Car.
863 230 1028 266 39-4o‚
1575 227 1648 266 ¹46

152 343 352 400 quidquid
381 357 458 400 pro
490 344 696 400 triumpho
727 339 860 399 ditur,
892 345 1018 388 multo
1049 346 1274 389 verborum
1304 345 1467 390 bonore
1497 330 1647 390 cumua

148 417 247 472 lata,
278 419 523 463 decerni-in
553 424 702 463 senatu
730 420 858 473 iubet,
890 420 1072 475 addique
1088 420 1260 475 insuper
1277 421 1532 477 opinionem,
1562 421 1648 477 Sy·-

147 493 259 539 riam
282 494 545 548 provinciam
574 494 802 550 Agricolae
833 494 1049 548 destinari,
1079 508 1254 539 vacuam
1271 500 1355 538 tum
1375 494 1647 539 morteAtili‘s

147 568 501 614 Rnficonsularis
534 573 575 610 et
605 570 832 612 maioribus
862 574 1132 613 reservatam.
1203 571 1432 613 Credidere
1460 567 1649 625 plerique

147 642 342 685 libertum
385 655 437 685 ex
478 644 778 686 secretioribus
823 645 1066 687 ministeriis
1105 645 1275 687 missum
1315 645 1367 687 ad
1402 641 1684 700 Agricolame

148 717 384 771 codicillos,
417 718 566 772 quibus
597 718 637 759 ei
668 718 786 772 Syria
818 718 1009 771 dabatur,
1041 719 1186 761 tulisse
1214 732 1307 761 cum
1337 724 1562 773 praecepto
1586 723 1647 772 ut,

146 792 185 834 si
214 792 257 833 in
283 792 496 835 Britannia
528 793 662 845 soret,
700 792 965 835 traderentur
976 808 988 845 3
1035 805 1211 847 eumque
1251 793 1443 836 libertum
1482 794 1527 835 in
1554 794 1648 847 ipso

92 871 122 904 ‘i
146 866 258 914 freto
286 867 446 910 Oceani
477 867 644 909 obvium
673 867 928 921 Agricolae,
977 880 1030 909 ne
1058 867 1262 922 appellato
1309 868 1476 922 quidem
1507 879 1559 908 eo
1591 867 1644 909 ad

144 941 424 992 Domitianum
443 953 673 994 remeasse,
693 941 785 982 sive
812 954 958 983 verum
982 942 1106 994 istud,
1135 942 1226 984 sive
1252 955 1303 984 ex
1327 942 1501 996 ingenio
1526 942 1647 995 prin-³

146 1014 252 1069 cipis
275 1014 414 1065 fictum
443 1027 494 1057 ac
525 1015 800 1069 compositum
829 1019 905 1057 est,
1379 1037 1385 1042 -
1658 1025 1701 1056 ιο

279 1089 528 1141 Tradiderat
551 1090 718 1132 interim
747 1089 952 1145 Agricola
974 1090 1223 1151 successori
1266 1101 1343 1131 suo
1384 1089 1646 1143 provinciam

145 1164 326 1218 quietam
355 1168 579 1218 tutamque.
658 1165 722 1206 Ac
752 1176 805 1206 ne
835 1163 1033 1206 notabilis
1065 1163 1308 1206 celebritate
1341 1167 1382 1204 et
1412 1163 1647 1217 frequent-ia

146 1240 453 1282 occurrentium
488 1239 681 1280 introitus
711 1242 836 1291 esset,
868 1239 997 1280 vitato
1032 1238 1261 1279 amicorum
1291 1237 1430 1279 officio
1455 1242 1582 1279 noctu
1602 1237 1649 1279 in

147 1314 320 1368 urbem,
363 1318 491 1356 noctu
522 1314 564 1354 in
594 1313 813 1366 Palatium,
862 1313 917 1354 ita
959 1317 1003 1353 ut
1045 1316 1311 1366 praeceptum
1352 1316 1454 1363 erat,
1505 1312 1619 1367 venit
1633 1325 1646 1362 ;

266 1429 302 1465 3.
327 1429 417 1463 Atili
442 1430 479 1464 Γ.
589 1428 623 1464 7.
652 1429 690 1462 in
718 1428 942 1463 Britanniam
967 1428 1048 1463 I'A:
1076 1427 1231 1461 correxit
1259 1423 1489 1460 Puteolanus.
1591 1422 1645 1461 14‘.

142 1483 395 1524 praetemptant
418 1480 461 1520 Δ,
488 1487 558 1511 non
586 1480 624 1512 Γ.

145 1589 266 1633 potins
307 1598 473 1622 arcanum
510 1586 600 1621 illud
639 1592 675 1621 et
713 1585 860 1630 odium,

145 1635 240 1683 quod
265 1636 310 1671 de
335 1635 529 1682 Agricolae
567 1635 684 1682 gloria
720 1635 861 1670 sollici-

145 1690 203 1720 tus
228 1685 347 1719 animo
375 1684 571 1727 volutabat,
597 1684 763 1729 quodque
789 1684 862 1718 alte

143 1732 345 1768 recondidit
370 1738 410 1767 nt
434 1743 517 1766 mox
547 1738 688 1767 auctum
716 1742 862 1776 prome-

145 1786 210 1816 ret.
272 1781 447 1826 Exempla
474 1785 639 1815 recenset
669 1781 861 1814 Suetonius

144 1830 247 1865 Dom.
290 1832 351 1872 11,
398 1841 472 1864 reni
505 1831 655 1863 strictim
690 1834 862 1863 memorat

143 1877 212 1914 Dio
238 1877 365 1912 van
395 1881 428 1913 1.
487 1879 646 1912 Satiatus
681 1883 736 1911 est
773 1889 862 1911 con-

142 1932 268 1970 tentus,
295 1931 334 1960 ut
358 1925 374 1960 1
399 1927 457 1961 75.
516 1927 653 1960 Similia
681 1927 717 1959 in
753 1926 861 1960 simili

144 1986 251 2010 causa
291 1974 336 2009 de
368 1974 512 2009 occulto
546 1974 677 2008 Tiberii
714 1974 861 2020 ingenio

143 2024 300 2058 narravit
325 2022 468 2058 Tacitus
494 2022 510 2056 Ι
535 2024 610 2058 59:
648 2023 862 2056 accendebat

143 2070 233 2108 haec
258 2072 496 2117 onerabatque
522 2072 698 2113 Seianus,
731 2072 863 2116 peritia

142 2132 277 2156 morum
307 2118 434 2155 Tiberii
458 2121 539 2154 odia
573 2121 611 2154 in
637 2119 777 2164 lonqum
803 2121 862 2153 ia-

144 2170 267 2212 ciens,
313 2180 401 2214 quae
439 2168 646 2204 reconderet
690 2173 861 2213 auctaque

139 2223 340 2265 promeret,·
368 2217 413 2251 cf.
440 2217 490 2251 ibi
517 2221 696 2251 annotata.

216 2311 302 2356 Cap.
319 2311 377 2346 40.
404 2309 632 2355 triumphalia
653 2314 861 2342 ornamenta

145 2365 178 2394 et
207 2360 366 2394 inlustris
407 2364 544 2392 statuae
577 2357 770 2391 taonorem:
818 2367 862 2389 ex

146 2408 276 2443 ceteris
312 2406 479 2451 triumphi
515 2405 733 2439 ornamentis
776 2406 862 2448 (co-

145 2467 232 2491 rona
279 2455 429 2498 laurea,
484 2453 605 2488 trabea
642 2451 860 2496 triumphali,

146 2505 237 2540 sella
271 2503 406 2549 curuli)
446 2503 676 2547 praecipuum
717 2501 862 2533 nomine

145 2558 298 2588 iocasse
328 2556 518 2587 contentus
545 2555 611 2584 est.
651 2549 773 2583 Statua
799 2557 861 2592 pro

146 2601 325 2646 triumpho
352 2601 433 2634 data
458 2600 622 2633 laureata
647 2601 796 2631 vocatur
818 2596 862 2629 lv

146 2653 208 2694 23,
235 2647 455 2695 triumphalis
475 2648 516 2682 tl.
543 2647 558 2680 1
585 2647 642 2689 79,
667 2644 864 2690 triumpha-

147 2697 191 2733 lis
216 2698 332 2743 imaqo
366 2696 425 2730 XV
455 2697 513 2731 72.
562 2697 773 2731 ἐπινικίους
808 2706 865 2727 u-

146 2741 225 2793 μὰς
263 2743 457 2792 Agricolae
505 2743 715 2777 memoravit
758 2741 864 2775 etiam

147 2795 219 2830 Dio
241 2793 346 2828 LXVI
372 2794 431 2828 20.
553 2796 584 2825 et
614 2790 778 2835 quidquid
799 2800 865 2835 pro

151 2841 324 2889 triumpho
352 2841 482 2875 datur:
525 2838 745 2885 significavit
778 2848 866 2882 sup-

149 2891 380 2938 plicationem
408 2894 443 2923 et
468 2898 580 2923 sacra.

155 2988 158 2990 v
205 2963 356 3008 addique
370 2962 515 3008 insuper
538 2959 736 3008 opinionem
750 2969 763 2992 .·
781 2967 866 2993 ver·

259 3047 383 3078 Tacitus
403 3045 457 3076 IV.

934 1587 978 1621 ba
1003 1590 1146 1620 senatus
1176 1581 1331 1618 consulti
1373 1582 1421 1618 ita
1451 1580 1649 1628 composita

933 1639 1026 1678 sunt,
1054 1639 1092 1668 ιιι
1119 1633 1215 1668 lecto
1242 1643 1286 1667 eo
1304 1631 1474 1677 Agricola
1501 1633 1537 1665 in
1564 1633 1647 1676 opi-

933 1684 1077 1717 nionem
1122 1681 1352 1716 induceretur
1398 1680 1465 1724 ipsi
1507 1680 1647 1724 Syriam

932 1732 1152 1776 provinciam
1180 1729 1363 1764 destinari.
1403 1729 1504 1762 Hunc
1537 1728 1646 1770 enim,

933 1791 1002 1813 non
1038 1784 1226 1822 senatum,
1268 1777 1396 1812 tallere
1422 1775 1646 1811 Domitianus

932 1828 1059 1862 voluit.
1113 1827 1150 1860 ld
1175 1826 1352 1872 quomodo
1379 1825 1577 1858 institutum
1600 1824 1648 1857 sit

931 1877 1073 1911 Tacitus
1097 1875 1315 1921 significavit
1344 1873 1464 1907 verbis
1498 1883 1648 1906 vacuam

935 1949 975 1954 —
1005 1930 1233 1959 reservatam.
1272 1923 1350 1957 Non
1378 1921 1471 1956 bene
1490 1921 1647 1955 Muretus

934 1975 1087 2008 coniecit
1114 1972 1288 2016 additque.

1010 2045 1211 2086 codicillos,
1239 2042 1358 2087 quibus
1383 2041 1416 2074 ei
1442 2041 1550 2085 Syria
1580 2040 1646 2074 da-

932 2095 1034 2128 batur
1049 2106 1059 2126 .·
1089 2093 1190 2137 Syria
1207 2090 1370 2125 Caesaris
1388 2088 1575 2134 provincia
1601 2088 1646 2122 ab

932 2144 1147 2187 imperatore
1183 2150 1246 2185 per
1272 2137 1459 2173 codicillos
1486 2135 1646 2171 dabatur.

1002 2215 1074 2247 sire
1102 2224 1146 2245 ea:
1170 2210 1311 2255 inqenio
1335 2208 1509 2253 principis
1529 2209 1648 2250 fictum

931 2273 976 2294 ac
1002 2261 1224 2305 compositum
1240 2270 1251 2290 .-
1294 2258 1322 2289 si
1350 2266 1421 2289 non
1449 2265 1572 2288 verum
1598 2253 1647 2287 il-

932 2309 992 2342 lud
1019 2309 1103 2349 suit,
1142 2311 1240 2340 certe
1266 2315 1309 2338 ex
1336 2303 1483 2348 ingenio
1508 2302 1647 2346 princi-

931 2358 985 2400 pis
1015 2355 1193 2398 suspicaci
1228 2350 1531 2393 et‘mcticuloso‚
1573 2354 1648 2382 tum

933 2405 1039 2437 etiam
1073 2401 1204 2436 callido
1245 2405 1280 2433 et
1314 2398 1487 2432 insidioso
1526 2397 1647 2431 fictum

934 2457 967 2485 et
996 2454 1204 2485 exornatum
1242 2447 1516 2493 (compositum)
1555 2449 1644 2480 erut.

934 2500 1076 2544 Quippe
1102 2498 1172 2531 hoc
1207 2495 1430 2530 machinatus
1464 2494 1646 2528 ferebatur

933 2553 971 2581 ιιι
1023 2545 1229 2593 Agricolam
1278 2544 1392 2577 suetis
1438 2542 1644 2588 legionibus

934 2595 1168 2630 abstraheret.

1001 2666 1196 2700 successori
1211 2675 1294 2700 suo,-
1322 2663 1414 2695 hunc
1433 2660 1544 2694 tuisse
1565 2658 1646 2693 Sal-

935 2715 1080 2749 lustium
1108 2712 1294 2747 Lucullum
1332 2709 1524 2743 Suetonius
1559 2706 1647 2741 facit.

934 2768 974 2796 ut
999 2762 1205 2802 credamus,
1246 2759 1377 2792 Domit.
1410 2757 1474 2791 ¹0:
1521 2754 1646 2788 Satta-

934 2813 1036 2845 stium
1074 2809 1257 2843 Lucullum
1290 2804 1501 2840 Britanniae
1543 2802 1645 2847 lega.-

936 2866 1028 2901 tum,
1062 2857 1151 2902 quod
1182 2856 1327 2889 lanceas
1361 2862 1473 2886 novae
1509 2853 1647 2896 fornae

936 2905 1111 2953 appellari
1145 2902 1331 2938 Luculleas
1366 2911 1488 2948 passus
1539 2904 1647 2942 esset,

938 2953 1125 3002 (occidit).

1392 3024 1442 3067 10
