1768 3216
163 234 238 268 ,ω
740 220 1047 261 ulsromAnvu
1449 239 1481 264 a.
1508 223 1654 267 ιιωπ.

163 349 442 403 Superssuente
474 343 730 386 multitudine
761 355 903 384 curam
935 343 1123 385 delectus
1156 342 1197 383 in
1230 342 1424 386 consules
1466 344 1655 398 partitur.

166 425 389 466 Servorum
431 431 643 460 numerum
688 422 726 458 et
772 418 935 472 pondus
954 418 1456 478 ³Qt1-{9¹ffi⁰ribu⁸
1495 419 1657 461 indicit.

167 496 334 548 Equites
358 479 541 534 Romani
570 478 757 534 obtulere
788 504 957 546 operam
988 493 1287 546 pecuniasque,
1310 492 1434 534 etiam
1453 491 1660 535 libertinis

165 569 272 608 idem
305 576 449 607 munus
480 559 586 607 ultro
619 565 914 620 flagitantibus.
975 566 1033 607 Ea
1066 566 1274 608 simulatio
1318 558 1450 607 officii
1489 577 1513 607 a
1550 569 1661 608 metu

128 641 344 694 sprofecta
374 644 555 681 verterat
586 640 627 680 in
659 640 875 690 favorem
917 653 966 681 ac
996 640 1185 694 plerique
1228 639 1337 682 haud
1366 639 1543 694 perinde
1581 639 1660 682 Vi-

159 715 311 755 tellium
344 726 463 768 quam
495 726 635 755 casum
666 714 887 768 locumque
918 714 1173 769 principatus
1204 714 1521 757 miserabantur.
1571 713 1659 756 Nec

159 789 303 830 deerat
334 789 420 842 ipse
452 788 564 830 vultu
594 801 701 830 voce
731 788 915 832 lacrimis
943 789 1278 833 misericordiam
1309 788 1488 842 elicere,
1515 788 1659 845 largus

156 863 387 917 promissiS,
421 867 461 904 et
493 875 600 916 quae
631 867 778 904 natura
809 863 1100 917 trepidantium
1134 868 1211 916 est,
1242 863 1505 905 immodicus.
1553 863 1660 914 Quin

162 941 202 978 et
233 937 454 979 Caesarem
484 949 530 979 se
562 937 646 978 dici
676 937 836 990 voluit,
870 942 1114 992 aspernatus
1147 942 1290 988 antea3
1337 937 1414 981 sed
1442 942 1541 982 tuno
1583 949 1661 1000 §u-

108 1012 398 1066 ioperstitione
429 1012 606 1053 nominis
626 1043 636 1063 ,
687 1016 727 1053 et
767 1013 862 1068 quia
902 1013 944 1053 in
976 1017 1086 1055 metu
1117 1012 1294 1055 consilia
1324 1011 1587 1067 prudentium
1619 1015 1662 1054 et

160 1085 271 1140 vulgi
302 1098 442 1128 rumor
482 1086 592 1127 iuxta
637 1086 870 1128 audiuntur.
933 1086 1122 1130 Ceterum
1169 1091 1214 1129 ut
1256 1087 1395 1131 omnia
1436 1086 1661 1130 inconsulti

160 1161 345 1230 Qtus
360 1165 510 1224 coepta
542 1161 668 1202 initiis
700 1161 839 1203 valida
870 1162 1005 1215 spatio
1036 1161 1340 1216 languescunt,
1388 1161 1516 1205 dilabi
1553 1173 1662 1217 pau-

159 1234 272 1276 latim
305 1225 523 1276 senatores
553 1236 811 1290 equitesque,
843 1236 976 1290 primo
1009 1240 1258 1278 cunctanter
1289 1240 1329 1278 et
1357 1236 1428 1278 ubi
1457 1236 1548 1290 ipse
1576 1247 1661 1279 uon

1467 1141 1649 1156 Μ
1697 1146 1707 1152 x

160 1308 326 1360 aderat,
359 1321 455 1350 mox
486 1311 751 1364 contemptim
784 1314 824 1352 et
855 1311 947 1352 sine
977 1311 1246 1363 discrimine,
1297 1311 1434 1353 donec
1471 1310 1661 1360 Vitellius
1730 1339 1738 1343 -

113 1393 147 1420 ιε
160 1383 318 1437 pudore
349 1384 461 1425 inriti
493 1389 681 1437 conatus,
715 1397 821 1439 quae
853 1397 937 1426 non
972 1385 1189 1438 dabantur,
1222 1385 1394 1428 remisit.

299 1458 348 1499 Ut
381 1462 583 1500 terrorem
616 1458 757 1501 ltaliae
782 1471 981 1513 possessa
1013 1459 1203 1501 Mevania
1235 1472 1286 1501 ac
1327 1459 1442 1505 velut
1470 1462 1733 1507 renatum59

163 1545 216 1573 ex
246 1532 408 1586 integro
440 1532 591 1575 bellum
623 1533 840 1586 intulerat,
884 1534 937 1575 ita
970 1534 1079 1576 haud
1111 1534 1281 1576 dubium
1313 1547 1415 1590 erga
1445 1534 1664 1576 Flavianas

161 1610 296 1660 partes
327 1607 505 1653 studium
537 1612 619 1650 tam
649 1608 824 1664 pavidus
856 1608 1010 1652 Vitellii
1035 1608 1248 1662 discessus
1273 1607 1447 1654 addidit.
1486 1607 1664 1653 Erectus
1695 1615 1699 1618 '

300 1775 329 1807 1.
359 1773 501 1807 dilectus
528 1773 592 1807 Ma.
674 1774 708 1808 4.
737 1774 857 1818 officia
881 1779 973 1808 metu
999 1771 1053 1807 Ma
1079 1777 1115 1807 et
1144 1772 1172 1807 G
1200 1775 1241 1818 (a
1266 1782 1359 1806 man.
1390 1775 1511 1819 ποθι
1538 1781 1663 1807 corre-

163 1826 256 1855 ctum
284 1822 319 1854 in
343 1822 446 1856 Bodl.
473 1827 509 1856 et
533 1822 576 1855 ab
604 1821 764 1856 Heinsio.
831 1823 863 1856 5.
893 1833 937 1855 ac
966 1821 1043 1856 Ma:
1071 1828 1103 1855 et
1129 1821 1166 1856 G.
1225 1821 1333 1866 pindo
1361 1831 1440 1854 cum
1457 1831 1482 1866 p
1508 1819 1659 1857 caudato

162 1870 341 1917 (proinde)
366 1869 438 1903 Ma:
463 1870 570 1914 piade
600 1869 637 1904 G.
715 1871 748 1904 7.
777 1869 875 1904 uultu
902 1869 966 1912 Ma,
995 1880 1064 1903 non
1091 1870 1200 1903 uoltu.

162 1917 255 1962 volqi
282 1917 339 1951 Or.
430 1919 484 1952 12.
514 1924 638 1962 caepta
664 1917 729 1952 Ma.
809 1919 863 1953 13.
891 1930 927 1952 se
952 1924 1150 1952 senectui-es
1177 1915 1255 1952 Ma·
1283 1916 1311 1950 G
1334 1923 1528 1953 senatores.
1606 1917 1663 1953 14.

153 1966 348 2010 'contempti
371 1967 469 1999 mesti
494 1978 538 2000 ne
565 1965 634 1999 Ma:
663 1967 818 2000 correxit
845 1966 1011 2000 Pichena.
1093 1965 1147 2000 16.
1176 1966 1369 2000 maeuam'a
1394 1965 1470 2000 Ma.

165 2014 205 2051 G.
285 2013 339 2049 18.
367 2019 501 2048 erectus
527 2013 600 2048 Ma:
626 2020 762 2059 ereptus
792 2014 851 2049 BG
877 2019 913 2048 et
941 2013 1017 2048 alii.

1496 1965 1665 2001 menania

163 2162 310 2205 scriptio
359 2161 453 2206 apud
485 2161 703 2195 Fabrettium
744 2172 778 2205 p.
806 2161 877 2196 395

165 2215 200 2244 et
227 2209 413 2244 Gruterum
442 2221 474 2254 p.
502 2210 572 2246 246
597 2210 630 2245 8.
683 2209 877 2254 Utrumque

947 2161 1013 2194 tini
1041 2158 1254 2203 cupiebant,
1295 2161 1334 2190 ut
1358 2156 1446 2196 licet
1471 2156 1667 2192 videre‘ex

948 2209 1057 2245 Tacit.
1088 2206 1167 2241 xm
1197 2207 1254 2243 27.
1299 2205 1391 2243 Hinc
1422 2205 1665 2251 colligendum

1277 1868 1311 1904 8.
1339 1869 1423 1905 inm.
1453 1867 1518 1904 Ma.
1607 1870 1662 1903 11.
1722 1877 1736 1882 “

164 2258 305 2292 titulum
318 2257 473 2292 Orellius
496 2259 718 2303 transcripsit
736 2270 769 2292 n.
782 2258 878 2293 3064

163 2306 271 2342 3065.
299 2307 399 2340 Prior
424 2307 623 2351 descriptus
647 2312 703 2340 est
729 2318 774 2341 ex
797 2316 878 2339 mo-

165 2360 347 2398 numento,
374 2355 467 2400 quod
491 2356 587 2400 plebs
610 2356 750 2390 urbana
772 2355 876 2399 quin—

166 2414 229 2447 que
255 2410 286 2437 et
311 2405 459 2448 triginta
491 2404 641 2438 tribuum
666 2404 877 2438 Germanico

166 2450 310 2485 Caesari
349 2458 544 2495 posuerunt
592 2456 682 2486 aerex
711 2451 880 2485 conlato.-

167 2500 316 2534 nlterum
354 2505 619 2533 monumentum
658 2501 806 2544 quinque
848 2504 880 2531 et

166 2548 314 2592 triyinta
339 2548 447 2581 tribus
469 2546 617 2581 Traiano
645 2548 766 2581 fecere
793 2546 882 2591 quod

167 2595 378 2630 liberalitate
419 2596 539 2641 optimi
577 2596 750 2641 principis
786 2606 879 2628 com-

166 2644 271 2678 moda
308 2655 452 2686 earum,
493 2645 596 2678 etiam
634 2643 790 2677 locorum
825 2644 880 2687 (in

169 2694 282 2738 circo)
319 2693 538 2735 adiectione,
587 2691 758 2738 ampliata
799 2691 880 2724 sint.

168 2741 221 2775 Ad
240 2746 468 2775 monumenta
480 2739 693 2775 Caesaribus
718 2739 883 2785 ponenda

170 2790 310 2824 sordida
352 2789 545 2834 plebecula
587 2788 679 2823 nihil
731 2787 884 2823 contulit

170 2849 288 2882 neque
323 2838 487 2872 conferre
520 2837 710 2883 quidquam
748 2837 882 2882 potuit:

172 2886 284 2920 tribus
327 2891 444 2920 autem
495 2886 669 2921 eiusmodi
713 2885 884 2930 impensis

176 2934 364 2979 erogandis
391 2934 629 2969 sufficiebant.
669 2933 793 2968 Tribus
820 2944 884 2968 ae-

175 2981 420 3025 mulabantur,
443 2983 481 3017 iu
506 2981 568 3019 has
594 2984 746 3019 transire
772 2981 886 3018 liber-

949 2261 1034 2301 puto
1062 2257 1098 2289 in
1131 2255 1243 2288 tribus
1279 2259 1446 2298 receptos
1484 2264 1566 2289 esse
1604 2254 1666 2300 qui
1698 2275 1704 2279 -
1765 2280 1768 2286 .

947 2315 1013 2340 suo
1038 2315 1122 2338 aere
1150 2308 1186 2338 et
1211 2305 1290 2337 sine
1314 2302 1460 2346 publico
1486 2302 1666 2337 frumento

949 2355 1057 2388 vitam
1084 2352 1239 2386 tolerare
1267 2356 1434 2395 possent,
1471 2355 1558 2384 tam
1567 2361 1590 2384 a
1616 2350 1666 2386 li-

948 2403 1168 2436 bertinorum
1215 2399 1445 2434 multitudine
1495 2409 1602 2444 quam
1647 2409 1668 2433 a

949 2450 1056 2495 plebe
1084 2448 1227 2483 sordida
1252 2448 1440 2482 discretos.
1478 2446 1668 2482 Discrimi-

950 2499 1005 2532 nis
1031 2503 1157 2531 auctor
1191 2496 1259 2529 fuit
1294 2495 1405 2528 lulius
1436 2494 1595 2536 Caesam
1628 2506 1678 2530 ψ.

951 2546 1018 2581 Dio
1034 2544 1142 2579 XLllI
1171 2545 1230 2579 21.
1277 2544 1473 2578 Suetonius
1486 2541 1591 2577 Caes.
1606 2545 1667 2578 41:

952 2606 995 2627 ex
1024 2593 1150 2638 viginti
1173 2591 1404 2636 trecentisque
1438 2591 1578 2626 milibus
1603 2601 1669 2625 ac-

953 2643 1153 2687 cipientium
1178 2642 1389 2696 frumentum
1416 2651 1433 2673 e
1457 2639 1602 2685 publico
1621 2639 1669 2674 ad

953 2696 1089 2725 centum
1115 2689 1370 2734 quinquaqinta
1387 2688 1550 2723 retraxit.
1579 2686 1669 2723 lmi-

953 2744 1044 2774 tatus
1089 2743 1142 2772 est
1179 2738 1364 2784 Augustus
1409 2742 1446 2772 et
1490 2735 1669 2774 sordidam

952 2787 1077 2832 populi
1104 2791 1238 2831 partem
1266 2796 1414 2822 numero
1434 2785 1669 2823 ducentorum

952 2836 1089 2871 milium
1117 2835 1292 2870 definivit.
1361 2834 1430 2868 Dio
1459 2833 1520 2871 LV
1554 2832 1668 2870 10:15

956 2885 996 2921 δὲ
1021 2883 1249 2929 Αὔγουστος
1281 2879 1323 2919 τὸ
1355 2883 1421 2919 τοῦ
1449 2883 1572 2941 δήμου
1599 2881 1669 2919 τοῦ

957 2933 1278 2993 σιιοὸοτουμένου
1303 2932 1453 2976 πλῆθος
1478 2928 1668 2978 ἀόριστον

956 2979 1002 3020 ὂν
1026 2985 1076 3024 εἰς
1097 2983 1220 3019 εἴκοσι
1231 2979 1428 3029 μυριάδας
1445 2980 1667 3018 κατέκλεισε.
