1768 3216
789 242 876 278 Car.
903 244 1010 279 3-5.
1594 247 1665 283 1⁶7

165 355 208 400 iu
240 356 388 411 quibus
418 358 518 400 mihi
544 360 647 401 satis
677 372 886 414 superque
916 361 1104 403 sudatum
1136 366 1222 415 est,
1268 363 1523 406 sanctiorem
1553 363 1663 407 illam

165 435 208 474 et
233 433 516 487 augustiorem
547 434 825 488 eloquentiam
856 435 1004 476 colam.

123 513 156 553 5
300 507 391 563 Ego
420 520 541 560 vero,
572 509 704 562 inquit
733 510 966 561 Secundus,
999 514 1218 564 antequam
1251 523 1317 552 me
1347 511 1528 554 iudicem
1547 512 1663 567 Aper

164 586 344 634 recuset,
377 582 528 624 faciam
559 583 669 636 quod
703 584 824 636 probi
855 587 896 624 et
927 583 1129 625 moderati
1162 584 1322 626 iudices
1351 585 1516 638 solent,
1546 590 1590 627 ut
1618 587 1662 628 in

164 655 217 699 iis
246 656 561 711 cognitionibus
591 670 639 699 se
670 662 887 711 excusent,
914 659 955 699 in
987 659 1134 712 quibus
1166 659 1428 701 manifestum
1460 665 1525 702 est
1553 661 1694 703 alte-s

162 741 253 775 ram
282 730 389 784 apud
422 743 496 772 eos
528 735 687 785 partem
727 732 862 786 gratia
903 732 1162 785 praevalere.
1231 733 1333 783 Quis
1375 734 1486 775 enim
1529 735 1663 777 nescit

163 804 372 849 neuiiuem
402 805 502 847 mihi
533 806 862 848 coniunctiorem
907 819 1002 848 esse
1032 810 1073 848 et
1102 818 1181 848 usu
1222 807 1430 849 amicitiae
1469 812 1509 849 et
1547 809 1664 850 adsi-

164 877 321 925 ciuitate
350 879 611 921 contubernii
642 892 764 934 quam
795 880 975 922 Saleium
1006 881 1205 933 Bassum,
1249 894 1341 923 cum
1372 883 1568 936 optimum
1596 883 1663 925 vi-

163 964 268 998 tum.
292 956 376 998 tum
407 953 761 997 absolutissimum
791 956 988 1008 poetam?
1030 956 1159 997 Porro
1178 956 1217 997 si
1242 957 1409 1010 poetica
1427 962 1660 1011 accusatur,

163 1037 250 1069 non
283 1026 409 1074 alium
438 1027 564 1069 video
595 1040 714 1071 reum
743 1028 1076 1083 locupletiorem.
1678 1043 1716 1073 io

299 1102 480 1145 Securus
510 1103 591 1155 sit,
635 1103 765 1157 inquit
797 1103 935 1157 Aper,
962 1107 1003 1144 et
1033 1103 1194 1146 Saleius
1224 1103 1378 1146 Bassus
1410 1108 1451 1145 et
1479 1104 1663 1158 quisquis

164 1176 270 1218 alius
297 1177 478 1219 studium
506 1178 698 1230 poeticae
729 1182 769 1219 et
796 1178 1026 1219 carminum
1056 1178 1236 1232 gloriam
1264 1178 1403 1230 fovet,
1436 1191 1528 1220 cum
1560 1190 1665 1220 cau-

164 1264 234 1294 sas
270 1264 399 1308 agere
443 1264 528 1293 non
570 1251 714 1306 possit.
787 1251 879 1305 Ego
921 1251 1053 1303 enim,
1102 1256 1302 1305 quatenus
1343 1252 1540 1294 arbitrum
1578 1252 1663 1294 litis

165 1326 286 1370 huius
316 1326 472 1379 inveni,
505 1338 591 1367 non
622 1326 756 1379 patiar
774 1325 1004 1367 Maternum
1031 1325 1237 1367 societate
1263 1325 1439 1379 plurium
1469 1325 1663 1369 defendi:

273 1461 303 1494 l.
331 1460 417 1493 milti
441 1460 527 1494 satis
553 1459 602 1492 P:
628 1458 714 1492 satis
739 1458 826 1491 mihi
850 1457 1026 1491 editiones
1054 1462 1209 1492 veteres.
1332 1457 1432 1491 illam
1455 1457 1482 1491 F
1509 1462 1546 1492 et
1573 1458 1661 1492 alii:

163 1509 189 1544 P
216 1509 332 1543 istam.
393 1511 428 1543 4.
455 1507 630 1549 moderati
655 1507 679 1539 P
705 1511 739 1540 et
769 1506 963 1540 Vaticanus
998 1505 1116 1541 1862:
1143 1505 1206 1539 alii
1233 1505 1387 1540 modesti.
1473 1507 1506 1540 5.
1535 1506 1589 1540 ln's
1616 1506 1662 1539 P:

163 1559 209 1592 iis
232 1557 272 1592 F.
348 1568 384 1591 se
412 1557 569 1590 additum
597 1566 617 1589 a
642 1555 805 1589 Pithoeo.
898 1555 931 1589 7.
959 1554 1163 1588 assiduitate
1188 1553 1214 1586 P
1242 1553 1304 1598 qui
1329 1555 1380 1587 ita
1408 1554 1513 1588 solet.
1624 1554 1660 1589 8.

168 1605 347 1641 Galerium
376 1605 443 1639 litt.
473 1605 502 1639 G
527 1614 703 1648 superscr.
733 1605 758 1637 S
788 1607 823 1637 et
849 1604 884 1636 in
912 1613 983 1648 ing.
1011 1602 1054 1636 ab
1082 1602 1126 1636 al.
1156 1613 1202 1636 m.
1224 1602 1382 1635 Saleium
1397 1601 1434 1636 P.
1462 1602 1555 1636 idem
1581 1612 1663 1635 mox

166 1653 338 1688 senterius.
466 1653 520 1688 10.
546 1653 638 1686 alius
667 1652 718 1685 P:
747 1651 773 1686 F
800 1651 919 1685 alium.
999 1652 1054 1685 13.
1087 1654 1165 1696 eqo]
1199 1655 1231 1683 et
1257 1661 1318 1695 eqo
1344 1649 1399 1683 FP
1430 1651 1603 1695 (repetito
1631 1655 1664 1684 et

167 1714 213 1738 ex
238 1713 345 1737 versu
376 1701 588 1747 praeced.):
619 1701 776 1735 correxit
801 1699 983 1733 Pithoeus.
1071 1699 1242 1732 arbitrum
1267 1708 1443 1742 superscr.
1471 1698 1515 1731 ab
1542 1698 1589 1733 al.
1615 1708 1662 1732 m.

160 1752 272 1786 ‘trium
297 1751 334 1785 Ρ.
415 1753 471 1785 14.
499 1750 656 1784 inueniri
682 1748 756 1782 FP:
784 1748 903 1782 inveni
929 1747 1110 1782 Pithoeus.
1187 1747 1351 1780 societate
1378 1747 1415 1789 P,
1443 1747 1478 1780 in
1506 1757 1577 1792 mg.
1604 1757 1665 1779 so-

166 1801 273 1843 licite,
294 1804 332 1833 ut
357 1804 411 1834 est
436 1799 473 1832 in
500 1797 587 1832 edit.
613 1798 782 1842 antiquis.
876 1796 1065 1842 plurimum
1092 1795 1136 1828 P:
1170 1796 1325 1841 plurium
1347 1793 1375 1828 F
1401 1795 1451 1840 (si
1477 1800 1576 1828 recte
1605 1795 1666 1829 vi-

174 1849 226 1883 dit
250 1848 411 1894 Lipsius)
440 1852 474 1880 et
501 1846 683 1880 Pithoeus.

955 1987 1026 2015 tum
1055 1981 1276 2025 discrepasse
1309 1991 1330 2014 a
1362 1979 1497 2013 iudicio
1525 1978 1670 2021 Quinti-

168 1988 243 2033 peti
270 1990 399 2032 potest.
441 1986 499 2019 Sic
514 1985 705 2019 Suetonius
722 1983 885 2029 Aug.35‚
956 2031 1042 2064 nani
1068 2030 1099 2063 X
1131 2032 1148 2064 1
1175 2029 1246 2064 90·
1285 2029 1466 2063 vehemens
1501 2033 1532 2060 ει
1556 2027 1649 2073 poest-

169 2035 230 2070 ubi
256 2035 411 2082 legimus
438 2034 603 2079 quosdam
626 2034 675 2068 ad
694 2032 888 2067 excusandi

168 2096 204 2118 se
228 2083 478 2119 verecundiam
503 2082 679 2128 compulit,
712 2081 887 2115 servavit-

168 2144 234 2179 que
258 2132 365 2167 etiam
389 2130 636 2166 excusantibus
660 2130 798 2175 insigne
825 2140 887 2162 ee-

167 2182 242 2223 ταῖς,
269 2181 388 2226 priore
414 2180 496 2215 loco
522 2191 559 2214 se
585 2178 731 2220 addidit,
759 2182 795 2210 ut
818 2187 886 2221 po-

168 2229 323 2264 stulabat
350 2239 433 2262 usus
472 2229 639 2274 liuguae,
676 2228 738 2261 sed
773 2225 886 2260 altero

172 2277 298 2312 eodeni
328 2288 451 2312 carere
481 2278 608 2320 potnit.
635 2275 731 2308 ldem
759 2275 802 2308 de
818 2273 887 2307 Ta-

172 2328 242 2360 cito
270 2325 471 2359 dicendum.
515 2323 559 2357 Et
582 2324 652 2358 hoc
679 2322 759 2356 loco
784 2333 820 2355 se
844 2331 900 2361 eo,

171 2376 287 2409 minus
314 2373 441 2408 abesse
468 2373 582 2416 potuit
604 2397 613 2413 ‚
642 2369 736 2415 quod
761 2381 797 2402 sc
824 2380 887 2401 ex-

172 2434 298 2457 cusare
328 2422 543 2456 contrarium
571 2417 762 2462 respondet
780 2417 887 2461 priori

172 2472 321 2507 iudicem
348 2480 526 2504 recusare.

247 2544 403 2577 Saleium
431 2543 596 2581 Bassum,
622 2559 668 2564 —
702 2536 889 2570 absolutis-

173 2595 295 2628 simum
318 2596 476 2638 poetam:
520 2588 586 2621 hoc
622 2586 702 2620 loco
739 2586 889 2618 amicum

176 2647 213 2676 et
254 2638 546 2675 contubernalem
592 2633 794 2669 Secundum
846 2631 890 2664 de

177 2689 287 2723 Basso
315 2688 421 2733 paulo
448 2685 640 2729 benignius
675 2683 889 2716 sentientem

177 2738 317 2771 'tacitus
344 2735 495 2775 induxit,
523 2732 615 2765 infra
647 2733 698 2775 (c.
727 2730 768 2775 9)
795 2729 892 2773 Aper

179 2796 249 2820 non
276 2786 355 2818 sine
381 2783 501 2827 aliqua
528 2780 692 2813 irrisione
714 2777 801 2811 dicit
818 2777 892 2821 quis

178 2834 334 2868 Saleium
360 2837 527 2871 nostrum,
556 2828 733 2873 eqreyium
755 2830 893 2872 poetam

179 2882 244 2924 tel,
269 2883 300 2916 si
320 2882 385 2914 hoc
405 2877 688 2920 honorificentius
706 2880 767 2915 est,
783 2885 891 2919 prae-

180 2932 412 2966 clarissimum
438 2933 562 2967 talem,
592 2923 728 2957 deducit
753 2927 813 2956 aut
832 2932 893 2955 sa-

181 2979 300 3014 lutat?
334 2974 457 3022 ltaque
485 2974 660 3019 colligere
690 2969 763 3004 noli
790 2969 894 3003 Taci-

956 2090 1032 2113 cum
1055 2079 1233 2124 ingenium
1251 2078 1364 2111 Saleii
1379 2077 1480 2110 Bassi
1503 2076 1581 2121 suit,
1605 2086 1671 2108 nec

955 2129 1067 2172 ipsum
1093 2132 1268 2160 senectute
1296 2126 1474 2159 maturuit.
1517 2123 1671 2157 Iuvena-

958 2176 1001 2210 lis
1038 2175 1098 2209 Vl!
1136 2175 1208 2210 80:
1248 2181 1284 2208 at
1320 2176 1478 2207 Serrano
1512 2173 1672 2216 tenuique

958 2223 1077 2257 Saleio
1105 2226 1317 2267 (pauperem
1357 2225 1497 2265 poetam
1531 2219 1671 2263 Vespa-

958 2274 1078 2305 sianus
1105 2271 1271 2311 donavit,
1312 2274 1350 2302 ut
1376 2269 1517 2301 Tacitus
1553 2271 1672 2299 narrat

959 2319 1045 2353 c.9:
1070 2319 1183 2351 tenuis
1210 2319 1302 2350 enim
1332 2326 1465 2359 pauper
1491 2319 1544 2348 est
1571 2313 1606 2348 h.
1632 2314 1670 2355 l.,

959 2376 1028 2399 non
1056 2367 1115 2410 qui
1144 2366 1241 2398 tenui
1267 2365 1393 2408 spiritu
1413 2364 1573 2406 poetico)
1591 2361 1670 2406 qlo-

959 2415 1015 2447 ria
1042 2413 1256 2457 quantalibet
1283 2412 1365 2456 quid
1390 2412 1474 2451 erit,
1501 2411 1531 2443 si
1555 2409 1673 2455 gloria

960 2468 1092 2495 tantum
1132 2461 1208 2494 est?
1270 2460 1409 2494 Saleius
1448 2459 1532 2499 ille,
1567 2468 1671 2502 quem

960 2509 1129 2544 Martialis
1158 2509 1367 2543 memoravit
1398 2506 1444 2540 111
1470 2507 1514 2541 47
1552 2510 1586 2538 et
1613 2505 1671 2547 58,

965 2559 991 2591 V
1019 2558 1077 2600 24,
1107 2557 1185 2591 Vlll
1215 2559 1278 2598 10,
1304 2557 1348 2590 ab
1377 2555 1444 2588 hoc
1469 2559 1589 2587 nostro
1615 2553 1671 2586 di-

961 2616 1086 2640 versus
1111 2606 1203 2647 fuit,
1240 2605 1332 2639 idem
1372 2613 1457 2636 vero
1492 2602 1535 2635 ad
1566 2611 1671 2645 quem

961 2655 1105 2699 scripsit
1132 2654 1159 2686 V
1188 2655 1244 2687 53.

1037 2736 1179 2759 securus
1216 2723 1259 2756 sit
1293 2726 1392 2754 coh:
1440 2719 1521 2751 hinc
1562 2727 1671 2750 accu-

963 2785 1040 2807 sare
1067 2773 1241 2817 poi-ticam
1271 2768 1502 2811 incipitAper
1531 2770 1564 2798 ct
1594 2765 1672 2798 lau-

964 2823 1047 2855 dare
1078 2820 1227 2853 oratoris
1257 2815 1496 2861 eloquentiam
1525 2815 1575 2858 (c.
1604 2813 1672 2846 5—

967 2872 1051 2915 10),
1083 2869 1138 2901 cui
1166 2876 1247 2899 mox
1281 2862 1472 2907 respondet
1496 2862 1674 2895 Maternus

964 2920 1131 2960 suscepto
1158 2915 1320 2958 poeticae
1347 2910 1555 2956 patrocinio.
1597 2908 1675 2951 Qua

964 2968 999 3000 in
1027 2976 1063 2999 re
1084 2962 1226 2998 Tacitus
1251 2960 1367 2995 simile
1394 2957 1595 3002 exemplum
1613 2966 1674 2990 se·
