1768 3216
207 222 255 254 66
790 208 1090 247 fflsTORJARVM
1473 215 1506 240 a.
1533 210 1572 239 u.
1598 202 1685 241 822.

207 339 381 382 obicitur
407 332 587 377 centurio
619 328 849 382 Crispinus;
882 325 1084 380 sanguine
1108 321 1318 376 Capitonis
1348 332 1397 362 se
1430 322 1687 362 cruentave-

205 418 266 456 rat
275 427 286 464 3
317 421 446 464 eoque
476 411 515 449 et
543 403 838 459 postulantibus
867 399 1126 442 manifestior
1155 401 1195 439 et
1224 395 1410 450 punienti
1438 393 1567 436 vilior
1592 393 1683 438 tuit.

205 488 325 529 Iulius
356 483 502 526 deinde
533 479 673 522 Civilis
701 476 884 531 periculo
915 477 1150 527 exemptus,
1183 474 1429 525 praepotens
1461 469 1571 512 inter
1598 467 1756 514 Ba-se

202 565 342 611 tavos,
374 570 425 599 ne
456 554 655 609 supplicio
688 553 775 595 eius
808 552 926 593 ferox
955 561 1059 604 gens
1090 547 1352 589 alienaretur.
1413 543 1465 586 Et
1494 547 1614 587 orant
1639 543 1685 586 in

170 633 364 675 scivitate
391 631 618 684 Lingonum
651 631 745 668 octo
771 626 1014 667 Batavorum
1048 622 1257 672 cohortes,
1291 623 1462 674 quartae
1494 619 1685 663 decime

198 705 375 761 legionis
407 703 569 754 auxilia,
601 705 682 742 tum
717 698 926 741 discordia
957 701 1184 750 temporum
1215 708 1237 736 a
1258 694 1429 749 legione
1446 693 1684 748 digressae,

196 783 315 834 prout
351 777 641 827 inclinassent,
691 772 850 828 grande
892 774 1139 812 momentum
1179 769 1324 811 sociae
1362 772 1432 810 aut
1459 767 1683 811 adversae.

197 853 391 904 Nonium,
431 850 672 900 Donatium,
712 846 941 898 Romilium,
984 844 1245 898 Calpurnium
1291 842 1585 897 centuriones,
1629 842 1684 886 de

200 927 343 981 quibus
376 938 496 979 supra
525 923 764 974 rettulimus,
796 920 933 963 occidi
965 920 1097 972 iussit,
1130 918 1346 960 damnatos
1370 917 1468 961 fidei
1492 917 1681 983 erimine²

42 985 45 993 ’
89 1041 94 1051 s
150 1001 444 1057 iugravissimo
484 1000 589 1041 inter
629 997 922 1039 desciscentes.
982 995 1220 1036 Accessere
1264 993 1451 1048 partibus
1491 984 1684 1036 Valerius

198 1075 403 1118 Asiaticus
441 1073 632 1128 Belgicae
671 1071 911 1125 provinciae
958 1069 1144 1124 legatus,
1193 1081 1314 1123 quem
1357 1079 1456 1110 mox
1494 1067 1683 1111 Vitellius

197 1161 390 1204 generum
423 1147 618 1199 adscivit,
651 1149 690 1187 et
720 1145 857 1186 lunius
888 1144 1058 1186 Blaesus
1088 1143 1379 1198 Lugdunensis
1411 1142 1575 1186 Galliae
1605 1155 1684 1186 re·-

198 1228 298 1275 ctor,
332 1235 420 1264 cum
448 1221 584 1263 Italica
616 1220 781 1274 legione
813 1224 852 1260 et
883 1220 945 1261 ala
967 1219 1160 1272 'Rani-ina,
1182 1218 1372 1274 Lugduni
1402 1217 1683 1261 tendentibus.

194 1297 278 1339 Nec
312 1298 352 1338 in
373 1295 551 1338 Raeticis
588 1295 719 1349 copiis
750 1307 879 1346 mora,
913 1306 993 1348 quo
1026 1295 1158 1336 minus
1180 1294 1316 1336 statim
1340 1293 1682 1348 adiungerentur.

143 1371 253 1413 ¹⁵Ne
285 1373 324 1412 in
364 1370 569 1411 Britannia
612 1369 772 1422 quidem
805 1369 1044 1410 dubitatum.
1107 1369 1301 1410 Praeerat
1329 1367 1560 1410 Trebellius
1589 1366 1753 1414 Mai-60

193 1446 339 1497 ximus,
369 1456 443 1498 per
473 1443 682 1485 avaritiam
715 1456 762 1484 ac
793 1443 941 1484 sordes
976 1446 1233 1496 contemptus
1262 1441 1464 1484 exercitui
1495 1441 1683 1485 invisus-

196 1531 288 1572 que.
345 1517 612 1560 Accendebat
651 1517 789 1559 odium
833 1517 922 1560 eius
963 1517 1140 1560 Roscius
1173 1516 1337 1559 Caelius
1369 1516 1532 1571 legatus
1561 1516 1684 1560 vice-

300 1638 328 1669 1.
356 1638 525 1682 sanquine
550 1634 622 1669 Ma:
648 1637 819 1682 sanquine
843 1648 880 1671 se
907 1636 977 1670 Iac.
1005 1635 1218 1679 Gronovius,
1247 1635 1306 1680 qui
1328 1646 1365 1670 se
1388 1645 1490 1682 sanq.
1519 1634 1559 1670 G.
1623 1636 1679 1672 12.

197 1684 343 1718 adscivit
366 1683 431 1727 Ma,
458 1694 526 1718 non
560 1685 694 1719 ascivit.
780 1684 891 1719 blesus
915 1683 982 1721 Ma.
1058 1686 1112 1719 13.
1140 1685 1311 1719 tauriana
1337 1682 1438 1720 Gala:
1469 1683 1626 1719 Your-‘na
1651 1683 1679 1719 Β

189 1733 366 1767 referente
393 1732 573 1767 Oberlino.
659 1733 713 1768 14.
741 1739 806 1768 ret.
843 1732 908 1767 Ma.
969 1734 1023 1768 15.
1052 1733 1222 1767 brittania
1246 1731 1312 1767 Ma.
1378 1731 1582 1770 tubaniam:
1606 1730 1679 1768 11⁸:

191 1780 349 1815 trebelius
374 1781 401 1815 G
428 1782 580 1825 ascripta
600 1781 711 1814 altera
736 1782 758 1815 l.
837 1782 890 1817 16.
916 1782 1018 1816 sorde
1045 1779 1120 1816 Ma:
1148 1781 1267 1816 sordes
1297 1791 1377 1817 cum
1404 1781 1535 1818 ceteris
1564 1780 1604 1817 G.
1631 1781 1678 1820 cs.

194 1828 238 1863 ad
264 1840 292 1862 c.
321 1830 378 1863 52.
432 1830 485 1864 17.
514 1830 722 1864 vicensimae
761 1828 824 1864 Ma.

194 1936 376 1970 admodum
409 1937 488 1971 odia
522 1939 665 1973 incitata
701 1941 786 1974 mari
814 1945 891 1973 tur-

194 1984 275 2018 bato
306 1990 341 2018 et
366 1987 514 2019 tumenti
542 1994 807 2032 comparantur,
840 1990 892 2022 sic

198 2035 392 2076 composita
417 2033 580 2068 fluctibus
606 2037 723 2069 stratis
756 2042 790 2070 et
816 2037 894 2080 pla-

196 2080 273 2114 cido
301 2091 454 2126 aequore
486 2084 751 2127 quiescentibus
787 2085 891 2119 adae-

196 2133 354 2173 quantur.
379 2130 542 2164 Sternere
567 2131 610 2165 de
631 2132 732 2165 undis
754 2138 788 2167 et
808 2135 895 2167 mari

196 2176 323 2210 dictum
366 2188 400 2211 v.
440 2179 530 2222 apud
559 2179 809 2215 Forcellinium
836 2181 895 2216 vel

196 2224 345 2258 Gronov.
372 2224 520 2261 Observ.
546 2227 591 2260 111
618 2230 675 2264 22.

266 2272 349 2317 Cap.
378 2274 435 2309 59.
470 2274 578 2309 Iulius
605 2277 728 2310 deinde
754 2277 894 2311 Civilis:

198 2319 362 2355 Claudius
383 2322 500 2356 Civilis
526 2333 595 2356 non
621 2335 706 2359 vere
731 2327 896 2360 nomina-

195 2372 250 2400 tur
275 2369 316 2402 ll.
342 2368 385 2402 lv
413 2371 468 2413 13,
494 2371 553 2404 ubi
580 2372 651 2406 vid.
680 2379 799 2407 annot.

267 2423 409 2460 quartae
436 2419 588 2453 decimae
618 2420 763 2465 Ieyiom's
790 2423 896 2455 maxi-

197 2462 270 2496 lia.-
297 2474 372 2497 eam
399 2465 577 2510 legionem
603 2468 694 2501 Nero
728 2469 895 2503 adversus

199 2510 381 2545 Vindicem
410 2514 444 2545 in
470 2514 606 2548 ltaliam
633 2518 808 2551 acciverat
836 2519 894 2564 (H.

194 2557 224 2592 ΙΙ
251 2558 337 2605 66),
372 2560 451 2594 dein
479 2561 586 2596 Galba
627 2565 662 2596 in
689 2564 895 2600 Dalmatiam

193 2607 337 2645 miserat
363 2608 424 2652 (H.
451 2609 482 2643 11
511 2612 596 2657 11),
636 2612 697 2645 sed
723 2617 805 2647 tunc
832 2624 895 2647 co-

194 2653 313 2690 hortes
330 2656 482 2691 sociales
506 2658 687 2704 digressae
709 2665 744 2694 et
764 2662 799 2694 in
814 2661 894 2694 Bri-

193 2704 346 2737 tanniam
373 2705 436 2750 (cf.
452 2705 493 2740 H.
510 2705 541 2740 11
570 2708 634 2754 27)
659 2709 836 2744 rediturae
860 2712 894 2744 in

195 2751 338 2785 civitate
365 2752 563 2799 Lingonum
593 2756 827 2792 morabantur.

250 2799 369 2834 Iunius
382 2802 529 2836 Blaesus
545 2803 784 2849 Lugdunensis
809 2807 895 2840 Gal-

196 2843 263 2879 liae
298 2855 433 2883 rector:
468 2851 578 2897 vulgo
616 2852 709 2887 hunc
745 2854 895 2889 eundem

196 2902 274 2927 esse
315 2897 500 2939 opinantur
541 2905 645 2946 atque
682 2913 760 2936 eum
794 2904 895 2948 quii

199 2940 243 2974 19
280 2947 315 2975 et
339 2944 405 2989 29,
443 2945 492 2982 111
519 2948 564 2983 74
595 2956 809 2988 memoratus
842 2957 896 2988 est

963 1939 1066 1985 (vide
1091 1939 1230 1974 Indices
1262 1939 1456 1975 historicos
1491 1937 1677 1987 plerisque

962 1988 1179 2022 editionibus
1219 1988 1401 2036 additos),
1443 1988 1556 2024 fllium
1601 1990 1679 2024 eiu

963 2036 1084 2070 Blaesi
1122 2038 1180 2082 qui
1208 2037 1328 2072 Seiani
1364 2037 1566 2072 avunculus
1597 2042 1680 2084 put

964 2085 1139 2119 detectam
1167 2085 1272 2119 huius
1288 2086 1592 2132 conspirationem
1611 2096 1678 2122 oc-

964 2134 1059 2167 cisus
1100 2138 1171 2176 est;
1219 2145 1254 2168 v.
1283 2135 1312 2168 V
1340 2136 1359 2170 7
1399 2134 1523 2182 ibique
1554 2139 1678 2172 mot.

966 2181 1034 2215 Sed
1063 2182 1127 2216 ille
1154 2182 1248 2216 filius
1274 2182 1416 2228 Blaesi,
1449 2188 1537 2224 nun
1560 2185 1679 2219 noxi..

964 2240 1040 2263 mus
1067 2235 1105 2263 ut
1135 2231 1285 2275 videtur,
1314 2242 1408 2266 anno
1437 2233 1484 2269 14
1504 2230 1678 2267 achi-mo

964 2284 1048 2312 natu
1085 2280 1151 2312 iam
1196 2280 1359 2314 tribunus
1397 2281 1563 2316 mitit-ris
1588 2285 1677 2326 ent,

963 2333 1001 2360 ut
1027 2332 1110 2362 tunc
1144 2328 1271 2362 saltem
1306 2330 1437 2376 viginti
1471 2338 1584 2364 annos
1608 2338 1677 2365 m-

963 2381 1018 2409 tus
1044 2376 1177 2419 fuerit,
1208 2382 1314 2423 atque
1342 2388 1386 2412 eo
1413 2388 1508 2413 anno
1534 2378 1580 2413 de
1605 2379 1676 2425 quo

964 2423 1022 2457 hic
1061 2435 1175 2458 sermo
1216 2432 1271 2460 est
1303 2427 1487 2461 minimum
1525 2431 1677 2471 sepm-

965 2473 1060 2517 ginta
1100 2478 1135 2507 et
1160 2475 1318 2520 quinque
1346 2476 1442 2510 vitae
1467 2485 1582 2509 annos
1605 2485 1677 2509 nu-

964 2523 1164 2555 meraverit.
1213 2523 1282 2557 Sed
1307 2523 1415 2558 talem
1439 2533 1563 2558 senem
1589 2530 1676 2568 pro-

964 2569 1105 2604 vinciae
1131 2576 1306 2605 rectorem
1343 2582 1424 2606 esse
1454 2581 1529 2607 non*
1561 2572 1676 2618 mag-is

964 2617 1147 2660 probabile
1186 2620 1352 2663 videtur,
1391 2629 1495 2665 quam
1523 2619 1676 2655 eundem

964 2676 984 2698 a
1013 2666 1160 2700 Vitellio
1187 2669 1407 2713 principatus
1425 2667 1604 2703 aemulum
1626 2669 1676 2702 ti-

964 2715 1050 2747 meri
1079 2717 1257 2759 potuisse:
1284 2727 1318 2751 v.
1345 2715 1387 2751 Η.
1407 2715 1455 2751 111
1479 2715 1527 2752 38
1553 2721 1589 2751 et
1614 2716 1674 2752 39.

963 2762 1111 2796 Accedit
1137 2764 1231 2809 quod
1259 2764 1422 2799 Tiberius
1445 2774 1573 2798 omnes
1599 2774 1674 2809 eos,

965 2810 1091 2853 quibus
1128 2813 1172 2846 ob
1200 2814 1368 2848 Seianum
1402 2812 1488 2847 olim
1522 2813 1674 2857 favern,

965 2858 1096 2904 insigni
1123 2861 1205 2895 odio
1246 2866 1328 2906 post
1359 2860 1527 2895 Seianum
1567 2872 1675 2904 ever..

965 2916 1040 2940 sum
1067 2915 1276 2952 persecutus
1312 2913 1391 2952 est3
1422 2919 1457 2944 v.
1490 2909 1537 2944 Vl
1562 2911 1612 2948 40
1637 2914 1675 2946 et

965 2961 1082 2991 annot.
1155 2958 1379 3004 Quapropter
1429 2957 1539 2994 alium
1594 2959 1674 2995 auu
