1768 3216
746 230 1056 270 fflS'romAnvu
1437 245 1470 270 a.
1496 240 1533 269 n.
1559 233 1645 271 822.

160 238 233 277 242

152 358 282 396 terum
313 357 352 394 et
380 349 585 405 prioribus
618 347 767 388 civium
807 347 928 390 bellis
968 360 1044 402 par
1084 346 1222 390 scelus
1263 347 1482 390 inciderat.
1541 347 1644 390 Nam

151 429 309 484 proelio
342 437 420 478 quo
451 422 556 477 apud
589 422 814 464 Ianiculum
845 422 1048 464 adversus
1082 423 1255 464 Cinnam
1293 426 1519 478 pugnatum
1565 427 1643 475 est,

148 500 416 553 Pompeianus
470 496 586 538 miles
631 495 802 538 fratrem
842 508 984 549 suum,
1033 496 1130 538 dein
1173 497 1344 551 cognito
1378 497 1569 539 facinore
1598 508 1646 539 se

146 575 276 627 ipsum
323 571 554 624 interfecit,
597 575 642 612 ut
690 571 865 613 Sisenna
910 575 1125 613 memorat.
1185 571 1316 613 Tanto
1359 572 1501 613 acrior
1536 570 1646 626 apud

116 647 340 698 smaiores,
375 646 483 687 sicut
514 645 732 687 virtutibus
763 645 924 701 gloria,
968 646 1023 688 ita
1063 645 1232 700 flagitiis
1270 645 1522 700 paenitentia
1555 645 1645 688 suit.

145 722 227 764 Sed
266 720 370 763 haec
412 720 573 774 aliaque
615 733 666 761 ex
706 725 851 763 vetere
892 721 1094 763 memoria
1143 721 1293 774 petita,
1340 721 1531 774 quotiens
1573 732 1644 763 res

143 797 342 850 locusque
375 794 560 849 exempla
590 795 698 837 recti
724 799 794 837 aut
826 795 974 837 solatia
1006 795 1102 837 mali
1133 800 1295 849 poscet,
1328 795 1437 838 haud
1461 794 1644 838 absurde

143 871 476 913 memorabimus.
538 870 724 912 Antonio
757 871 1016 925 ducibusque
1045 871 1220 924 partium
1249 870 1457 924 praemitti
1482 870 1642 924 equites
1655 868 1713 909 52

12 992 17 998 ¹
145 958 390 1000 omnemque
423 945 632 987 Umbriam
664 945 874 1000 explorari
903 945 1079 1000 placuit,
1127 946 1163 987 si
1195 957 1273 999 qua
1306 945 1517 999 Apennini
1545 945 1642 1000 iuga

19 1001 386 1073 ‘ff-‘gioclementius
438 1021 671 1071 adirentur3
721 1020 851 1062 acciri
897 1020 1057 1074 aquilas
1103 1020 1307 1075 signaque
1347 1024 1388 1062 et
1442 1019 1641 1074 quidquid

9 1088 73 1147 Ξ
119 1087 334 1146 ,Veronae
364 1095 535 1137 militum
566 1096 688 1148 soret,
709 1094 946 1149 Padumque
977 1099 1018 1137 et
1048 1107 1163 1136 mare
1194 1095 1494 1153 commeatibus
1521 1105 1643 1136 com-

2 1193 93 1219 mu,
120 1169 257 1224 pleri.
307 1171 435 1212 Erant
464 1171 572 1212 inter
605 1169 732 1211 duces
765 1169 834 1223 qui
864 1173 1084 1211 necterent
1114 1181 1276 1211 moras:
1310 1169 1459 1224 quippe
1488 1168 1640 1211 nimius

139 1244 219 1286 iam
251 1244 479 1297 Antonius,
514 1248 555 1286 et
587 1245 770 1286 certiora
803 1257 856 1286 ex
884 1243 1078 1286 Muciano
1110 1243 1395 1298 sperabantur.
1455 1242 1641 1298 Namque

137 1316 350 1361 Mucianus
396 1323 478 1360 tarn
519 1319 649 1361 celeri
684 1319 862 1360 victoria
904 1319 1076 1371 anxius,
1127 1323 1167 1361 et
1215 1319 1258 1360 ni
1296 1330 1498 1373 praesens
1537 1318 1643 1360 urbe

86 1397 372 1447 aspoteretur,
408 1397 620 1448 expertem
652 1405 698 1436 se
729 1393 827 1435 belli
859 1394 1104 1448 gloriaeque
1134 1397 1272 1446 ratus,
1307 1393 1359 1435 ad
1389 1393 1567 1435 Primum
1599 1396 1641 1434 et

137 1469 290 1509 Varum
321 1468 458 1510 media
487 1468 758 1522 scriptitabat,
791 1468 1027 1510 instandum
1059 1468 1218 1522 coeptis
1252 1471 1321 1510 aut
1352 1479 1496 1510 rursus
1531 1479 1641 1509 cun-

139 1542 277 1583 ctandi
303 1542 497 1584 utilitates
530 1542 786 1596 edisserens,
819 1546 942 1596 atque
978 1543 1033 1584 ita
1065 1542 1320 1596 compositus
1342 1546 1387 1583 ut
1406 1555 1460 1585 ex
1488 1546 1640 1584 eventu

136 1627 275 1656 rerum
318 1616 494 1658 adversa
535 1617 736 1658 abnueret
774 1617 842 1658 vel
889 1628 1089 1671 prospera
1141 1620 1406 1671 agnosceret.
1465 1616 1640 1659 Plotium

140 1689 335 1743 Griphum
367 1703 497 1744 nuper
528 1690 825 1745 aVespasiano
858 1692 899 1733 in
931 1691 1186 1733 senatorium
1219 1691 1410 1753 ordinem
1432 1690 1637 1734 adscitum

1193 1763 1217 1791 ‘-
1276 1743 1543 1816 ιώθὶιῖζς
1559 1752 1698 1815 Λὶψ

846 1860 873 1895 G
898 1862 1053 1896 sisenna.
1113 1867 1199 1908 aput
1224 1860 1290 1896 Ma.
1342 1861 1376 1897 6.
1405 1867 1522 1897 vetere
1539 1860 1632 1905 (im,

137 1919 207 1942 non
225 1910 346 1943 veteri.
399 1910 433 1944 7.
458 1907 595 1943 solacia
609 1908 674 1944 Ma.
726 1910 761 1944 9.
787 1910 958 1944 umbriam
984 1921 1028 1944 an
1055 1910 1237 1944 cimbriam
1259 1911 1295 1943 in
1317 1921 1358 1954 pr
1371 1909 1436 1954 Ma,
1463 1910 1638 1958 distingui

136 1967 209 1991 non
235 1962 366 2002 potest,
393 1959 671 2002 superscriptum
701 1963 754 1991 est
781 1970 816 1992 u.
905 1959 1100 2004 appennini
1125 1962 1214 2005 (non
1242 1959 1428 2006 appenini)
1457 1958 1522 2004 Ma,
1549 1971 1638 2006 ape..

234 1861 267 1897 2.
298 1866 381 1906 aput
407 1859 472 1895 Ma.
525 1861 559 1895 4.
575 1861 718 1895 sisenna
744 1860 817 1895 Ma.

137 2007 217 2039 nini
245 2005 284 2040 G.
388 2006 444 2040 10.
473 2006 637 2050 quidquid
663 2005 758 2049 GM³,
785 2017 857 2040 non
885 2007 1057 2052 quicquid.
1161 2007 1216 2041 13.
1250 2018 1389 2052 nanque
1413 2006 1477 2042 Ma.
1580 2009 1636 2044 14.

133 2066 228 2100 pres.
261 2055 324 2089 Ma.
404 2055 459 2088 15.
482 2055 656 2099 potiretur
682 2054 818 2100 vulgo:
846 2054 879 2089 M
905 2055 1050 2100 ubique,
1081 2053 1135 2088 Ma
1163 2055 1375 2100 plerumque
1405 2056 1510 2090 offert
1533 2062 1635 2103 pole-

137 2109 247 2137 relur.
350 2102 405 2137 16.
444 2103 574 2149 caeptis
609 2101 674 2137 Ma.
777 2104 832 2138 17.
869 2115 912 2138 εει·
935 2109 1039 2138 centu
1063 2102 1136 2138 Ma:
1176 2103 1204 2138 G
1243 2116 1286 2138 ex
1313 2110 1448 2139 euentu.
1581 2105 1636 2140 19.

138 2151 308 2186 adscitum
338 2151 474 2185 editor:
511 2151 654 2186 codices
682 2151 850 2187 additum.

136 2309 435 2343 inreverentiam:
475 2308 511 2344 h.
540 2320 572 2344 e.
605 2310 777 2345 adversus
813 2309 850 2344 id

138 2357 231 2402 quod
258 2358 388 2391 divinis
426 2358 568 2404 legibus
601 2363 661 2393 aut
696 2358 850 2404 permis-

137 2417 213 2440 sum
241 2411 294 2439 est
318 2411 378 2439 aut
404 2417 476 2440 non
501 2407 598 2441 licet.
641 2406 850 2443 Celeberri-

137 2464 212 2487 mos
245 2459 409 2488 auctores
451 2455 558 2498 paulo
596 2460 678 2490 ante
711 2466 850 2490 memo-

136 2507 231 2536 ratos
269 2502 455 2536 Messalam
502 2508 538 2537 et
576 2503 729 2538 Plinium
769 2516 850 2539 esse

136 2552 350 2595 putaverim.

209 2600 439 2645 Pompeianus
463 2600 581 2634 miles:
620 2611 678 2635 res
720 2600 852 2635 accidit

136 2659 167 2681 a.
195 2647 287 2691 6673
314 2648 360 2682 cf.
388 2647 480 2682 Livii
495 2648 661 2693 Epitoma
686 2649 744 2685 79.
776 2650 850 2683 Va-

136 2696 248 2730 lerius
273 2697 363 2730 Max.
394 2697 423 2729 V
450 2697 472 2731 5
495 2699 532 2732 4.
563 2696 709 2733 Orosius
737 2698 765 2731 V
794 2698 849 2733 19.

206 2751 244 2778 ut
269 2746 422 2779 Sisenna
445 2752 633 2780 memorat.-
673 2748 710 2780 in
750 2746 850 2780 libris

137 2792 374 2827 Historiarum
400 2795 477 2828 sive
507 2795 639 2830 Rerum
664 2797 851 2830 Romana-

137 2851 214 2874 rum
239 2842 277 2876 L.
307 2841 495 2876 Cornelius
525 2843 677 2878 Sisenna
712 2843 748 2878 id
771 2855 850 2879 me-

136 2890 300 2924 moravit.
351 2890 405 2925 De
434 2891 584 2926 Sisenna
618 2904 651 2927 v.
682 2891 847 2927 Velleius

138 2935 169 2968 11
193 2938 225 2979 9,
254 2938 379 2972 Cicero
405 2939 449 2973 de
475 2939 631 2987 Legibus
656 2940 672 2975 1
697 2943 721 2978 2
749 2946 785 2976 et
809 2943 847 2975 in

135 2982 245 3019 Bruto
261 2986 319 3029 64,
337 2986 527 3025 Sallustius
540 2989 619 3036 lug.
638 2990 717 3026 100.
741 2988 846 3025 conf.

920 2309 958 2344 C.
986 2309 1023 2344 L.
1051 2309 1173 2344 Rothii
1200 2309 1242 2346 L.
1272 2310 1432 2348 Cornelii
1463 2313 1638 2350 Sisennae

918 2358 1279 2395 vim.Basil.1834.

993 2406 1077 2451 Gap
1107 2409 1167 2443 52.
1201 2409 1328 2443 nimius
1353 2410 1425 2443 iam
1448 2409 1634 2455 Antonius,

920 2461 952 2490 et
977 2457 1133 2490 certiora
1158 2467 1201 2489 ex
1230 2457 1398 2491 Muciano
1435 2459 1635 2504 speraban-

920 2510 996 2538 tur:
1041 2503 1205 2538 nonnulli
1245 2515 1290 2538 ex
1327 2505 1478 2540 ducibus
1516 2518 1634 2542 moras

919 2552 1112 2586 nectebant
1144 2551 1280 2586 duabus
1306 2553 1351 2587 de
1382 2555 1512 2599 causis,
1540 2557 1635 2612 quod

919 2601 1114 2634 Antonium
1157 2602 1360 2636 increscere
1405 2613 1448 2637 ac
1484 2604 1633 2638 nimium

921 2648 997 2683 fieii
1023 2649 1207 2693 nolebant,
1233 2655 1270 2684 et
1288 2650 1385 2696 quod
1411 2653 1564 2687 certiora
1587 2664 1633 2687 ex

920 2698 1084 2733 Muciano
1104 2698 1268 2732 mandata
1282 2710 1364 2734 mox
1377 2705 1528 2735 ventura
1545 2705 1633 2747 spc-

919 2746 1066 2780 rabant:
1098 2758 1178 2781 nam
1204 2747 1321 2783 adhuc
1351 2749 1468 2784 media
1494 2754 1530 2784 et
1554 2760 1632 2784 am-

920 2796 1029 2841 bigua
1053 2797 1330 2840 scriptitaverat.
1381 2797 1488 2833 Falso
1513 2797 1633 2832 Erne-

919 2844 1033 2878 stius:
1056 2845 1169 2889 ‘spem
1195 2846 1366 2880 maiorem
1391 2846 1632 2891 praemiorum

916 2892 1096 2927 habebant
1124 2894 1161 2926 in
1176 2893 1358 2937 Muciano,
1386 2896 1530 2930 maioris
1554 2895 1632 2930 vir..

915 2942 1014 2983 tutis,
1041 2941 1225 2989 dignitatis
1252 2947 1288 2977 et
1301 2943 1438 2990 gratiae
1451 2944 1545 2989 apud
1558 2944 1631 2980 Ve-

917 2991 1123 3035 spasianum
1146 2991 1251 3026 viro’.
