1768 3216
156 233 238 269 222
709 208 717 211 ’
756 224 1059 260 ΗιείῸΒῐΑιὶνΜ

1438 228 1653 283 amm.

159 348 209 390 ad
242 347 474 388 Brixianam
502 347 660 397 portam
692 343 865 395 impetus
893 342 994 383 tulit.
1037 340 1204 383 Paulum
1237 341 1336 383 inde
1367 355 1526 396 morae.
1557 343 1655 387 dum

31 418 71 476 j
163 436 214 464 ex
240 420 436 475 proximis
466 417 578 471 agris
608 407 772 471 ligones
815 417 1038 469 dolabras,
1083 420 1123 457 et
1162 417 1231 458 alii
1271 416 1404 461 falces
1432 418 1654 473 scalasque

158 497 418 536 convectant.
473 491 572 533 Tum
602 492 718 533 elatis
752 504 878 545 super
908 492 1040 545 capita
1074 491 1226 544 scutis,
1273 492 1405 534 densa
1443 492 1656 540 testudine

154 566 394 610 succedunt.
455 566 669 608 Romanae
702 567 909 620 utrimque
940 570 1076 608 artes:
1115 566 1305 620 pondera
1342 578 1539 613 saxorum
1578 567 1657 609 Vi-

123 642 310 685 stelliani
335 641 599 695 provolvunt,
633 641 850 684 disiectam
871 642 1182 695 fluitantemque
1216 641 1467 684 testudinem
1493 641 1654 685 lanceis

153 716 371 769 contisque
401 720 660 769 scrutantur,
703 716 840 758 donec
877 717 1010 758 soluta
1042 728 1248 771 compage
1275 720 1490 759 scutorum
1520 727 1656 760 exan-

150 803 253 845 gues
284 795 352 833 aut
381 791 546 832 laceros
576 795 894 844 prosternerent
926 792 1050 833 multa
1085 804 1178 834 cum
1211 796 1368 847 strage.
1415 791 1656 836 Incesserat

152 866 383 918 cunctatio,
434 866 476 906 ni
504 866 632 907 (luces
664 866 778 907 sesso
806 866 924 907 militi
953 871 992 907 et
1018 866 1131 908 velut
1162 867 1306 909 inritas
1338 866 1654 909 exhortationes

153 941 348 983 abnuenti
382 941 435 982 C1
439 953 630 982 emonam
662 946 978 984 monstrassent.
1040 942 1241 983 Hormine
1271 942 1311 983 id
1345 942 1584 1026 iQm,
1612 940 1724 985 ut28

102 1016 327 1059 wMessala
355 998 493 1068 tradit,
527 1028 578 1057 an
604 1016 743 1069 potior
765 1021 911 1058 auctor
942 1017 995 1058 sit
1013 1017 1138 1058 Gaius
1158 1016 1311 1058 Plinius
1337 1018 1406 1071 qui
1426 1016 1654 1061 Antonium

154 1090 339 1143 incusat,
369 1090 476 1131 haud
508 1090 631 1131 facile
665 1091 968 1143 discreverim,
1016 1072 1240 1145 nffiluod
1271 1103 1407 1145 neque
1444 1092 1653 1134 Antonius

155 1177 291 1219 neque
322 1164 498 1206 Hormus
539 1178 561 1206 a
606 1165 713 1206 sama
750 1166 917 1219 vitaque
956 1177 1030 1207 sua
1062 1166 1250 1219 quamvis
1281 1167 1465 1220 pessimo
1495 1166 1654 1222 flagitio

154 1239 483 1293 degeneravere.
542 1239 632 1288 Non
674 1239 754 1280 iam
787 1239 960 1293 sanguis
991 1251 1127 1293 neque
1158 1240 1330 1282 vulnera
1370 1240 1653 1293 morabantur,

151 1314 247 1366 quin
273 1314 523 1356 subruerent
552 1314 704 1355 vallum
738 1318 1039 1368 quaterentque
1081 1319 1250 1368 portas,
1297 1315 1429 1356 innixi
1470 1314 1655 1361 humeris

99 1402 137 1431 is
151 1392 191 1429 et
219 1400 344 1442 super
374 1389 564 1430 iteratam
595 1389 847 1430 test-udinem
889 1389 1145 1431 scandentes
1186 1393 1437 1443 prensarent
1473 1389 1654 1432 hostium

150 1463 232 1504 tela
263 1454 529 1517 bracliiarjue.
592 1464 749 1518 Integri
790 1477 883 1505 cum
910 1464 1091 1516 sauciis,
1138 1464 1375 1506 semineces
1405 1476 1499 1506 cum
1531 1464 1655 1518 expi-

68 1557 81 1595 ἔι
148 1538 333 1580 rantibus
364 1539 607 1591 volvuntur,
654 1540 771 1581 varia
799 1539 1062 1593 pereuntium
1093 1539 1227 1581 forma
1259 1543 1298 1581 et
1326 1539 1440 1580 omni
1468 1532 1654 1594 imagine

8 1589 76 1619 fija
1004 1599 1007 1603 '
1357 1591 1467 1609 “m'‘
1488 1609 1495 1612 ⁶

145 1613 350 1665 mortium.
391 1614 656 1656 Acerrimum
690 1614 838 1656 tertiae
866 1615 1151 1668 septimaeque
1172 1614 1387 1668 legionum
1413 1606 1723 1657 certamcn529

280 1759 313 1791 2.
342 1769 384 1791 ea:
409 1756 485 1792 Μ3ε
511 1770 529 1792 e
557 1757 595 1792 G.

142 1816 290 1838 romane
315 1807 486 1850 utrimque
512 1806 577 1842 Μ3.

685 1757 840 1804 leyiones
870 1757 976 1792 ΕΜ3ε
1012 1759 1120 1792 tacite
1151 1758 1308 1792 correxit
1332 1755 1540 1792 Rhenanus.
1617 1757 1651 1792 4.

746 1808 1028 1852 fluctuantemque
1056 1807 1130 1841 Ma:
1167 1806 1195 1841 G
1221 1807 1415 1852 fluitantem
1443 1817 1519 1851 que.
1617 1805 1653 1842 6.

146 1853 357 1898 concitisque
383 1853 748 1901 M³.ccmpa1e
777 1857 973 1899 (superscr.
1004 1859 1058 1901 9)·
1073 1854 1136 1890 Μ3.
1311 1857 1366 1891 10.
1394 1853 1564 1889 Messalla
1593 1853 1653 1889 Or.

144 1902 279 1937 tradita
301 1901 377 1936 Μ3.
405 1901 564 1936 Geradit.
613 1905 755 1948 potiora
781 1903 855 1937 Μ3·
887 1903 914 1937 G
942 1905 1070 1949 potior.
1125 1904 1165 1938 G.
1176 1902 1317 1948 planius
1346 1902 1424 1937 Μ3ε
1457 1903 1496 1938 C.
1521 1903 1655 1950 plinw

147 1949 185 1982 G.
265 1951 320 1983 11.
350 1951 554 1985 discreverit
581 1954 679 1995 (cum
707 1951 841 1986 lineola
866 1962 974 2008 super
1000 1952 1069 1985 litt.
1095 1952 1127 1998 i)
1151 1950 1225 1985 Μ3.
1254 1951 1453 1987 ἀίεενεαενῖ
1476 1950 1515 1985 G.
1593 1951 1650 1986 13.

143 1996 237 2031 voln.
268 1997 326 2031 Or.
452 2002 506 2034 14.
533 2000 623 2033 inimi
648 2002 776 2034 umeris
803 1999 877 2034 Ma:
902 2001 994 2033 inimi
1022 2000 1174 2033 Ιιωηενίε
1202 1999 1241 2034 G.
1299 2009 1309 2021 ⁸
1360 2001 1414 2036 ¹5.
1439 2005 1654 2046 prensarent

146 2044 541 2091 Glt122prehensarent
568 2047 804 2082 Oxonienses.
888 2048 942 2082 16.
970 2049 1117 2094 inteqris
1144 2046 1217 2082 Ma:
1246 2047 1272 2082 G
1298 2049 1440 2094 inleqri.

217 2161 351 2207 liqones
379 2163 566 2207 dolabras,
602 2171 633 2198 et
660 2164 724 2198 alii
747 2164 858 2209 falces

929 2165 1025 2209 poris
1058 2165 1183 2199 ducem
1212 2164 1255 2199 ad
1291 2165 1442 2200 militem
1482 2167 1517 2200 in
1544 2166 1652 2201 simili

143 2209 327 2255 scalasque
354 2218 584 2246 convectant.-
615 2213 708 2247 conf.
738 2219 856 2248 annot.

931 2225 1037 2247 causa
1065 2213 1155 2248 haec
1182 2213 1362 2248 dicentem
1398 2219 1433 2248 et
1467 2219 1556 2249 nutu
1581 2225 1651 2248 non

145 2257 187 2291 ad
212 2258 257 2292 XI
286 2260 320 2294 6.
372 2260 496 2295 Falces
522 2261 607 2295 dicit
633 2261 786 2296 murales
815 2262 859 2295 ad

144 2316 229 2340 saxa
255 2318 434 2342 murorum
467 2310 685 2344 extrahenda
720 2315 755 2344 et
793 2312 858 2344 de-

144 2354 307 2390 fensores
351 2368 413 2402 pro
466 2358 652 2392 moenibus
697 2364 857 2403 proster-

145 2403 294 2439 nendos.

235 2454 369 2487 lanceis
411 2456 586 2499 contisque
626 2461 830 2490 scrutantur
850 2467 862 2490 .·

146 2510 241 2535 nove
269 2506 305 2535 et
330 2504 473 2546 poetice
509 2502 639 2537 dictum
676 2510 729 2537 est
758 2516 862 2538 scru-

146 2554 266 2583 tantur
291 2560 355 2594 pro
381 2551 424 2584 ab
447 2552 540 2583 omni
562 2558 664 2597 parte
688 2558 859 2598 punyunt.

230 2599 269 2632 ni
294 2599 397 2632 duces
432 2619 477 2625 --
516 2599 725 2633 Cremonam
760 2612 862 2633 mon-

145 2651 336 2681 sev-assent.-
365 2646 449 2692 quid
478 2648 524 2681 sit
537 2647 746 2682 Cremonam
761 2660 864 2682 mon-

86 2693 89 2707 ἶ
145 2699 259 2730 strare
307 2706 351 2729 ex
394 2695 569 2730 adiunctis
616 2697 863 2743 intelligitur:

95 2743 97 2746 '
146 2744 279 2788 quippe
312 2742 381 2778 hoc
430 2744 576 2779 denotat
603 2746 735 2779 urbem
774 2746 863 2779 diri-

88 2806 89 2812 =
144 2792 311 2835 piendam
354 2797 531 2837 tamquam
581 2792 714 2828 laboris
757 2806 864 2839 prae-

145 2841 253 2874 mium
282 2841 485 2875 ostendere.
550 2841 627 2876 Non
655 2842 790 2877 vallum
825 2848 860 2877 et

81 2893 83 2899 '
145 2894 259 2923 castra
287 2900 366 2924 esse
393 2901 484 2935 quae
513 2896 678 2935 peterent
708 2892 771 2925 sed
798 2902 861 2925 ur-

143 2936 226 2972 bem
252 2938 458 2983 opulentam
484 2939 746 2985 significabant.
788 2939 862 2974 Co-

145 2987 219 3033 gita
254 2986 320 3021 tibi
353 2986 572 3034 flagitiosum
605 2989 717 3024 nostri
765 2993 860 3024 tem-

930 2262 1097 2307 ambiguo
1137 2262 1402 2306 proferentem:
1441 2263 1542 2299 sehet.
1571 2263 1650 2306 ilar,

927 2322 999 2344 was
1028 2310 1145 2344 hinter
1176 2310 1263 2346 Wall
1291 2311 1364 2345 mul
1386 2311 1527 2346 Graben
1546 2311 1653 2358 lieyt!

936 2359 1032 2393 Velut
1055 2359 1178 2394 irritas
1205 2371 1249 2394 ex
1270 2365 1390 2394 mente
1409 2360 1560 2395 militum
1582 2370 1651 2406 po-

932 2410 1037 2441 situm
1066 2413 1130 2451 est,
1160 2408 1194 2442 h.
1213 2420 1244 2442 e.
1273 2408 1361 2443 nihil
1386 2408 1551 2445 utilitatis
1586 2418 1654 2444 ex-

932 2455 1110 2490 hibentes.
1177 2455 1280 2497 Quod
1324 2457 1443 2490 statim
1484 2457 1650 2502 sequitur

933 2504 1133 2549 ingenium,
1173 2504 1209 2538 h.
1238 2515 1270 2538 e.
1298 2505 1488 2551 ingeniose
1527 2515 1654 2550 reper-

933 2557 1006 2585 tum
1035 2552 1175 2597 (kluqer
1205 2552 1385 2599 Eiusall)‚
1420 2553 1559 2587 ironice
1585 2563 1654 2598 po-

934 2602 1040 2634 situm
1069 2605 1146 2634 est:
1187 2611 1266 2634 nam
1301 2600 1344 2636 ad
1381 2601 1556 2636 eiusmodi
1597 2602 1655 2636 fa·-

936 2649 1036 2682 cinus
1063 2648 1273 2693 patrandum
1300 2660 1373 2684 non
1397 2650 1546 2696 ingenio
1566 2659 1656 2696 opus

937 2702 1001 2740 est,
1029 2697 1091 2731 sed
1119 2697 1257 2743 flagitio
1289 2704 1325 2733 et
1353 2697 1586 2743 impudentia.

1007 2745 1165 2790 Cap 28.
1196 2746 1304 2781 Gaius
1324 2747 1485 2782 Plinius:
1515 2747 1561 2782 cf.
1589 2757 1656 2781 an-

934 2799 1008 2828 not.
1036 2794 1077 2827 ad
1106 2794 1184 2828 Xlll
1213 2795 1271 2830 20.

933 2848 1026 2876 ctum
1054 2842 1095 2876 ad
1126 2855 1155 2877 c.
1177 2844 1234 2877 25.

997 2903 1101 2936 super
1117 2893 1283 2925 iteratam
1302 2891 1529 2925 testudinem.-
1556 2890 1653 2936 prior

932 2939 1083 2974 disiecta
1108 2945 1183 2974 erat
1210 2945 1247 2974 et
1271 2945 1459 2984 prostrata,
1487 2944 1526 2974 ut
1551 2939 1651 2975 reta-

931 2993 1004 3022 tum
1032 3000 1063 3025 c.
1093 2990 1150 3026 27.

1340 2794 1394 2830 De
1421 2795 1572 2830 Messala
1598 2794 1656 2829 di-
