1768 3216
679 252 741 289 ΒΕ
767 253 1069 291 ΟΒΑΊῸΒΙΒΥΒ.
1560 254 1631 290 us

271 366 361 414 cap.
387 369 552 406 16-23.·
577 371 660 405 novi
684 376 844 406 oratores
868 371 1073 414 laudantur,
1102 370 1239 416 antiqui
1251 376 1519 417 postponuntur.
1551 371 1631 407 Act.-

133 436 254 467 mm
278 427 470 466 Messalam
495 435 528 468 et
557 436 691 465 ceteros
706 430 805 477 Aper
825 443 966 468 suorum
979 437 1169 477 temporum
1185 429 1417 478 eloquentiam
1432 430 1632 477 defendere,

134 490 269 525 totores
291 494 454 525 oratores
478 490 655 527 incessere
680 496 712 526 et
740 491 894 525 irridere
919 491 1137 537 aqqreditur.
1189 490 1257 534 Qui
1294 491 1447 537 primum
1479 491 1633 526 nominis

137 549 415 588 controversiam
439 556 551 588 movet
577 557 611 585 et
633 550 730 586 nullo
752 552 829 586 iure
864 551 1031 596 distinqui
1065 562 1174 585 ‚tovos
1207 556 1368 585 aratores
1405 557 1438 585 et
1472 551 1634 596 antiquos

134 613 287 648 einaim·
313 609 468 655 probare
498 611 695 658 (te—17),
734 617 805 646 tum
840 611 973 646 mutari
1004 617 1120 645 monet
1150 622 1229 645 cuns
1258 611 1468 657 temporibus
1499 613 1635 656 fornas

135 678 268 718 quoque
291 674 325 704 et
348 681 484 715 genera
508 670 667 714 dicendi,
707 682 774 706 nec
801 673 919 706 statim
943 671 1095 706 deterius
1120 682 1194 705 esse
1222 671 1314 715 quod
1337 671 1381 705 ab
1406 671 1551 716 antiquo
1575 670 1635 705 di-

137 740 275 767 vernt-
299 730 390 777 (18).
444 731 586 766 Cassius
611 733 774 776 Severus,
802 744 901 778 quem
924 733 1149 777 antiquorum
1182 732 1418 767 admiratores
1443 731 1536 767 velut
1560 737 1634 766 ter-

134 789 267 825 minua
290 784 513 835 antiquitatis
538 792 804 836 constituerunt,
830 804 854 826 a
875 798 991 827 cetere
1017 793 1157 827 dicendi
1181 793 1242 827 via
1268 793 1406 838 deflexit
1431 803 1504 826 non
1530 792 1635 837 infir-

135 849 259 890 mitate
282 849 418 896 ingenii
442 861 509 885 nec
532 852 678 886 inscitia
701 851 921 894 litterarum,
961 852 1023 886 sed
1059 852 1189 887 iudicio
1228 857 1260 886 et
1296 850 1478 886 intellectu
1512 863 1549 886 se
1589 851 1637 888 tul

135 907 236 948 aliud
259 908 402 948 dicendi
424 921 534 956 qenus
561 911 753 946 transtulit.
815 911 920 947 Prior
943 911 1085 946 auditor
1113 917 1146 946 et
1166 911 1315 957 populus
1336 912 1575 956 infirmitatem
1600 917 1635 949 cl

134 970 311 1017 inpexam
330 970 588 1016 simplicitatem
613 972 834 1016 antiquitatis
855 972 1034 1017 patienter
1061 971 1160 1014 tulit,
1194 971 1390 1005 mediocria
1417 971 1523 1006 laude
1542 982 1634 1018 pro-

136 1035 274 1064 secutus
300 1035 350 1064 est
374 1035 407 1064 et
432 1041 600 1067 assensu:
634 1043 730 1065 nilne
760 1030 827 1065 illa
858 1030 1071 1077 pervulgata
1103 1037 1182 1065 sunt
1208 1032 1346 1073 omnia,
1382 1032 1456 1065 iam
1477 1032 1577 1066 noeis
1603 1037 1637 1066 et

137 1090 317 1136 exquisitis
341 1090 560 1136 eloquentiae
583 1091 767 1126 itineribus
792 1102 877 1137 opus
904 1097 970 1134 est,
1011 1103 1078 1138 per
1103 1102 1192 1136 quae
1217 1097 1341 1131 orator
1363 1091 1544 1136 lastidium
1568 1102 1637 1126 au-

136 1150 230 1184 riu-⁸
255 1150 400 1197 effltqiat
430 1156 463 1185 et
487 1152 618 1185 severis
644 1151 816 1186 iudicibus
842 1152 1054 1196 satisfaciat.
1106 1152 1269 1197 Antiquis
1302 1152 1502 1187 oratoribus
1527 1143 1639 1189 cultus

138 1215 171 1245 et
193 1209 332 1244 laetitia
357 1211 459 1246 liuius
482 1212 593 1248 seculi
617 1211 739 1257 defuit.
790 1212 920 1245 Sordes
947 1212 1155 1254 verborum,
1204 1212 1309 1247 hians
1343 1218 1376 1247 et
1414 1213 1512 1247 iners
1541 1224 1640 1248 com-

135 1269 262 1315 positio
295 1270 390 1317 apud
425 1270 610 1317 plerosque
653 1270 948 1317 deprehenditur,
986 1271 1091 1305 etiam
1124 1272 1163 1305 in
1204 1271 1387 1306 Ciceronis
1422 1272 1640 1308 orationibus

138 1329 327 1376 (19-23).

276 1425 365 1471 ceap.
391 1426 534 1469 24-741
551 1436 563 1458 .-
609 1425 834 1470 antiquorum
873 1425 1071 1470 eloquentia
1110 1424 1276 1467 laudata,
1308 1435 1402 1458 nova
1434 1425 1636 1471 postposita.

138 1485 237 1532 Apro
272 1485 459 1531 respondet
487 1485 643 1519 Messala
668 1491 702 1519 et
728 1485 881 1531 primum
913 1487 1046 1530 refutat
1084 1485 1128 1518 ab
1160 1484 1222 1518 illo
1259 1485 1417 1530 exposita
1448 1486 1636 1531 (24-25).

147 1545 309 1580 Veteru-
333 1550 515 1579 oratorum
538 1544 744 1590 simplicitas
777 1550 810 1578 et
841 1545 893 1578 eis
927 1544 1166 1589 praeferenda
1201 1544 1333 1588 fucatis
1364 1549 1398 1576 et
1431 1543 1640 1577 meretriciis

139 1615 310 1639 notorum
333 1605 559 1638 ornamentis.
606 1604 706 1638 Nova
732 1615 821 1648 quae
848 1603 989 1637 Cassius
1008 1603 1157 1636 Severus
1173 1603 1317 1645 invenit,
1343 1603 1432 1636 vitia
1451 1607 1542 1645 sunt,
1565 1611 1640 1634 non

139 1665 296 1708 virtutes,
323 1675 531 1709 quamquam
555 1665 630 1709 ipse
653 1665 873 1708 insequentes
899 1669 1059 1696 oratores
1083 1663 1261 1708 superavit
1294 1662 1384 1708 (26).
1448 1661 1640 1695 Messalam

142 1724 376 1770 deflectentem
399 1735 423 1757 a
449 1725 510 1757 oia
533 1724 696 1757 admonet
723 1723 919 1766 Maternus,
944 1729 983 1756 ut
1010 1733 1135 1756 causas
1161 1734 1225 1756 cur
1238 1722 1435 1766 eloquentia
1449 1722 1488 1755 in
1502 1726 1637 1755 tantun·

141 1785 185 1820 ab
211 1786 358 1829 antiqua
382 1785 509 1818 virtute
534 1785 735 1826 recesserit,
763 1788 915 1829 exponat
939 1785 1031 1828 (27).
1086 1782 1242 1816 Messala
1270 1782 1318 1815 ad
1341 1792 1415 1815 rem
1441 1792 1529 1826 quae
1553 1782 1635 1827 aqi..

142 1851 200 1879 tur
220 1845 430 1891 perveniens
463 1844 675 1879 demonstrat
703 1850 775 1877 tam
799 1844 1032 1888 eloquentiam
1059 1854 1162 1888 quam
1188 1848 1324 1876 ceteras
1347 1847 1443 1876 artes
1473 1853 1497 1875 a
1521 1847 1638 1876 vetere

140 1905 258 1950 qloria
281 1904 464 1938 descivisse
487 1903 623 1937 desidia
647 1904 846 1946 iuventutis,
872 1902 1087 1948 neqliqentia
1100 1908 1298 1949 parentum,
1326 1902 1514 1936 inscientia
1524 1912 1637 1948 prae-

141 1965 356 2011 cipientiuin,
381 1964 554 1998 oblivione
579 1965 687 1998 moris
713 1964 850 2008 antiqui
875 1964 1063 2010 (28—29).
1134 1963 1237 1997 Nunc
1262 1962 1421 1996 rethores
1446 1963 1485 1996 in
1509 1961 1638 1996 scholis

142 2025 373 2071 eloquentiam
391 2035 504 2072 prave
533 2025 688 2067 tradunt,
710 2025 801 2068 fictis
826 2035 892 2057 nec
913 2023 985 2057 ullo
1009 2024 1109 2057 modo
1134 2023 1182 2056 ad
1198 2024 1381 2056 ceritatem
1393 2021 1639 2056 accedentibus

142 2086 391 2121 controversiis
416 2086 574 2131 linquam
599 2084 700 2119 modo
726 2090 759 2118 et
786 2095 907 2118 vocem
931 2089 1144 2118 exercentes.
1196 2083 1343 2127 Antiqui
1362 2083 1499 2126 infinito
1517 2081 1639 2115 labore

142 2152 175 2180 et
199 2145 408 2192 quotidiana
428 2145 654 2178 meditatione
680 2149 713 2178 et
736 2143 899 2189 plurimis
925 2143 1059 2177 artibus
1085 2142 1264 2176 consecuti
1287 2146 1389 2183 sunt,
1414 2147 1452 2175 ut
1476 2140 1519 2174 de
1537 2140 1639 2174 omni

141 2205 343 2250 quaestione
367 2203 514 2250 pulchre
539 2198 577 2238 et
596 2209 721 2237 ornate
735 2208 768 2236 et
788 2203 836 2236 ad
849 2202 1128 2248 persuadendum
1149 2207 1228 2247 apte
1246 2201 1364 2234 dicere
1377 2205 1520 2245 possent
1543 2199 1636 2245 (30).

142 2265 201 2300 Aa
226 2264 295 2299 tuoe
318 2265 538 2309 efficiendum
562 2263 807 2308 intelligebant
833 2274 917 2307 opus
935 2273 1019 2304 esse,
1045 2267 1083 2295 ut
1101 2262 1145 2295 iis
1161 2260 1295 2294 artibus
1306 2264 1427 2304 pectus
1440 2257 1636 2302 implerent,

139 2324 179 2358 in
207 2323 329 2368 quibus
355 2323 397 2357 de
422 2323 521 2356 bonis
537 2333 582 2356 ac
601 2322 716 2363 malis,
746 2308 787 2355 de
806 2321 948 2354 honesto
975 2326 1007 2353 et
1031 2320 1136 2365 turpi,
1161 2319 1202 2352 de
1227 2319 1317 2351 iusto
1345 2322 1378 2350 et
1398 2316 1528 2349 iniusto
1558 2315 1635 2348 dis-

146 2388 314 2429 putatur:
342 2387 465 2416 orator
493 2382 586 2415 enim
612 2381 779 2425 quasdam
805 2385 900 2413 artes
926 2379 1091 2420 haurire,
1127 2388 1244 2411 omnes
1274 2375 1386 2409 libare
1424 2375 1520 2408 debet
1545 2374 1637 2420 (31).

144 2443 207 2476 Sic
231 2442 326 2488 apud
352 2442 507 2476 Graecos
533 2440 793 2481 Demosthenes,
820 2440 872 2472 sic
898 2438 1023 2472 Cicero
1051 2437 1134 2470 olim
1156 2436 1348 2470 studiorum
1374 2445 1514 2468 cursum
1538 2433 1639 2467 dire-

144 2503 198 2539 :rit
221 2503 313 2551 (32).
376 2501 463 2536 Cum
485 2502 590 2545 finem
613 2500 753 2545 fecisset
780 2498 955 2540 Messala,
992 2497 1157 2532 Materno
1182 2501 1376 2541 susceptum
1400 2506 1424 2529 a
1448 2506 1485 2528 se
1510 2504 1634 2528 munus

144 2562 300 2598 nondun
324 2563 418 2597 visus
445 2567 495 2597 est
516 2561 707 2607 peregisse,
733 2560 794 2595 sed
821 2559 941 2604 quibus
966 2558 1095 2592 instrui
1114 2563 1248 2592 veteres
1277 2561 1436 2590 oratores
1449 2555 1543 2589 soliti
1558 2554 1638 2596 sint,

142 2629 326 2670 postquam
352 2622 528 2665 docuerit,
556 2621 857 2667 differentiamque
882 2618 1079 2665 praesentis
1105 2617 1258 2652 desidiae
1285 2622 1317 2650 et
1343 2615 1550 2649 inscientiae
1576 2613 1640 2646 de-

147 2683 414 2725 monstraverit,
449 2682 621 2727 reliquum
647 2692 720 2715 esse
745 2686 782 2714 ut
811 2685 982 2725 exponat,
1018 2677 1138 2724 quibus
1164 2675 1472 2711 exercitationibus
1499 2674 1639 2707 iuvenes

146 2745 219 2777 iam
243 2744 360 2787 sorum
383 2742 581 2787 ingressuri
606 2741 752 2786 inqenia
778 2739 1061 2783 confirmaverint
1088 2743 1119 2772 et
1144 2737 1269 2770 alendo
1292 2734 1519 2781 provexerint
1546 2733 1638 2778 (33).

151 2802 308 2838 Messala
332 2803 441 2848 iqitur
465 2800 663 2847 expleturus
691 2800 780 2845 quod
804 2799 971 2841 restabat,
999 2798 1039 2832 de
1064 2809 1159 2831 more
1185 2803 1310 2837 cetere,
1340 2805 1403 2838 quo
1428 2794 1570 2826 iuvenes
1594 2791 1643 2825 ad

152 2862 382 2907 eloquentiam
397 2860 555 2907 parandi
578 2860 625 2893 ad
651 2871 727 2893 eum
747 2865 923 2893 oratorem
949 2856 1208 2891 deducebantur
1233 2854 1291 2898 qui
1311 2853 1506 2898 principem
1523 2852 1560 2885 in
1587 2852 1641 2884 ci-

151 2925 257 2958 vitate
282 2921 395 2956 locum
422 2920 621 2962 obtinebat,
663 2919 834 2954 disserere
866 2919 992 2965 perqit.
1048 2917 1149 2950 Hunc
1182 2914 1236 2948 illi
1261 2912 1506 2954 sectabantur,
1542 2910 1643 2945 liuius

151 2982 307 3020 ominibus
333 2981 540 3017 dictionibus
566 2985 638 3015 tam
661 2980 700 3014 in
724 2979 865 3013 iudiciis
890 2988 991 3024 quam
1021 2977 1056 3010 in
1085 2975 1245 3010 contione
1271 2974 1439 3009 interesse
1462 2981 1642 3007 assuesce-
