1768 3216
145 240 219 279 234
740 240 801 277 DE
827 241 1029 280 MATERNI

144 358 386 412 firmumque
421 357 626 399 consistit.
689 359 860 403 Scilicet
888 361 1099 404 Maternus
1132 362 1238 417 apud
1271 362 1430 405 amicos
1450 363 1645 417 aequales

154 439 194 476 et
223 446 360 476 rerum
390 444 491 487 quas
518 433 608 487 ipse
636 440 839 477 memorat
871 436 979 478 bene
1007 449 1163 492 gnaros
1195 437 1375 492 loquitur
1404 441 1444 480 et
1474 437 1583 480 idem
1621 450 1645 480 a

143 508 284 550 Tacito
315 508 409 550 talis
442 508 680 562 inducitur,
727 514 771 551 ut
810 511 862 553 de
903 516 1036 554 semet
1077 512 1166 566 ipse
1198 525 1282 554 non
1314 513 1396 555 nisi
1425 513 1575 567 pudice
1605 517 1647 556 et

143 582 311 625 modIce
341 583 471 626 verba
502 583 644 625 saciat.

279 657 473 712 Sequitur
501 662 546 700 ut
577 659 731 701 auxilio
767 660 954 702 eiusdem
981 661 1081 714 Ioci,
1117 661 1168 703 de
1200 673 1280 715 quo
1313 661 1383 703 diu
1398 660 1480 703 iam
1497 660 1645 715 dispu-

142 732 333 786 tavimus,
367 733 535 775 Domitii
566 733 732 776 fabulae
762 735 1012 778 recitatione
1042 735 1234 790 vulgatae
1266 740 1424 790 tempus
1463 748 1644 778 accura-

142 807 223 850 tius
255 808 513 851 definIamus.
561 809 645 851 lam
675 810 851 863 primum
884 815 998 853 certe
1027 815 1122 865 post
1152 823 1300 853 annum
1323 824 1346 853 a
1365 811 1528 853 Christo
1544 815 1641 853 nato

141 883 451 938 sexagesimum
482 888 670 938 quartum
701 885 905 927 Domitius
936 886 1110 927 recitata
1140 890 1226 928 est:
1269 886 1350 928 hoc
1389 885 1501 928 enim
1530 898 1641 928 anno

140 958 290 1001 favore
317 959 498 1002 Neronis
531 960 684 1002 eximio
714 961 902 1003 Vatinius
937 961 1058 1003 etiam
1089 961 1312 1015 gaudebat.
1371 961 1485 1016 Lege
1512 961 1642 1003 Taciti

141 1033 329 1076 Annales
358 1034 433 1076 XV
461 1033 518 1076 34
543 1039 584 1075 et
614 1035 682 1076 35.
766 1035 943 1077 Posthac
994 1047 1126 1088 usque
1173 1035 1225 1076 ad
1267 1035 1448 1077 medium
1488 1047 1639 1077 annum

139 1108 449 1164 sexagesimum
483 1112 675 1150 octavum
706 1109 818 1151 Nero
849 1109 974 1151 rebus
1008 1109 1204 1151 Romanis
1231 1109 1414 1171 illudere
1439 1111 1637 1164 perrexit.

137 1182 221 1226 Sed
252 1195 389 1238 neque
420 1196 529 1226 anno
557 1184 823 1238 sexagesimo
856 1184 998 1238 quinto
1030 1196 1166 1237 neque
1196 1185 1339 1237 priore
1378 1188 1498 1238 parte
1541 1184 1639 1226 anni

137 1258 391 1313 sexagesimi
420 1259 527 1300 sexti
567 1258 754 1300 Vatinius
798 1272 850 1300 ex
892 1258 1173 1300 familiaritate
1213 1258 1393 1300 Neronis
1430 1259 1639 1302 cecidisse
1704 1315 1708 1319 K

138 1332 343 1385 putandus
372 1336 456 1375 est:
488 1345 582 1375 nam
614 1333 800 1375 Annales
832 1333 977 1386 Taciti,
1010 1336 1204 1387 quantum
1237 1333 1326 1375 eius
1357 1334 1496 1388 operis
1516 1334 1638 1376 nobis

138 1411 347 1449 servatum
386 1411 473 1460 est,
514 1419 647 1461 usque
693 1407 743 1450 ad
784 1407 963 1449 medium
1010 1407 1099 1449 sere
1136 1419 1287 1449 annum
1330 1399 1637 1464 sexagesimum

135 1485 298 1525 sextum
335 1482 585 1536 perdurant,
633 1495 768 1536 neque
806 1487 946 1524 tamen
981 1482 1134 1524 Vatinii
1176 1483 1228 1525 de
1266 1483 1446 1525 Neronis
1490 1483 1636 1526 favore

137 1555 289 1598 deiecti
317 1557 569 1599 mentionem
598 1557 803 1610 inficiunt,
837 1569 956 1611 quam
988 1569 1077 1599 rem
1096 1557 1261 1599 silentio
1281 1570 1302 1599 a
1324 1558 1468 1599 Tacito
1492 1561 1635 1600 trans-

134 1631 305 1674 missam
335 1644 431 1675 esse
459 1633 678 1687 quominus
712 1632 948 1686 credamus,
978 1632 1151 1686 impedit
1180 1632 1355 1674 aliorum
1382 1637 1422 1676 et
1441 1633 1632 1676 similium

135 1706 322 1749 eiusdem
369 1708 508 1762 operis
553 1708 743 1751 locorum
798 1709 1082 1763 comparatio,
1140 1709 1268 1750 veluti
1313 1709 1407 1751 XIII
1440 1711 1460 1751 1
1489 1712 1533 1750 et
1564 1707 1631 1761 14,

132 1781 226 1823 XIV
254 1781 324 1835 65,
356 1783 448 1825 XVI
483 1783 663 1826 18—20.
711 1784 855 1838 Neque
885 1796 987 1826 vero
1016 1796 1125 1826 anno
1149 1783 1416 1838 sexagesimo
1438 1783 1630 1838 septimo,

135 1867 215 1909 quo
245 1857 357 1900 Nero
386 1870 461 1912 per
498 1858 715 1900 Graeciam
752 1858 1044 1913 peregrinatus
1079 1863 1142 1900 cst
1171 1863 1211 1900 et
1243 1869 1422 1899 coronas
1463 1857 1632 1912 gymni-

133 1942 204 1972 cas
223 1932 386 1985 meruit,
416 1933 585 1974 Domitii
605 1933 796 1975 recitatio
820 1933 986 1974 accidit.
1022 1934 1066 1974 In
1088 1933 1306 1975 Graeciam
1327 1933 1439 1975 Nero
1467 1931 1632 1974 transiit

131 2016 276 2046 mense
306 2006 533 2048 Novembri
566 2007 664 2048 anni
708 2006 762 2048 66
805 2011 844 2049 et
886 2007 983 2049 inde
1014 2020 1210 2050 reversus
1253 2011 1316 2049 est
1352 2007 1428 2049 sub
1470 2006 1630 2048 initium

131 2079 229 2120 anni
259 2079 313 2121 68
339 2084 380 2121 et
410 2080 596 2122 eiusdem
629 2081 725 2123 anni
757 2093 900 2122 mense
931 2082 1077 2123 Martio
1111 2082 1162 2123 de
1192 2086 1304 2123 motu
1334 2081 1522 2123 Vindicis
1552 2093 1631 2123 au-

131 2151 245 2195 divit.
307 2154 399 2196 Vid.
428 2154 609 2197 Reimari
640 2159 779 2196 annot.
815 2155 866 2196 ad
896 2156 1018 2196 Dion.
1048 2155 1174 2197 LXIII
1201 2156 1228 2197 8
1259 2160 1299 2197 et
1331 2156 1399 2196 22.
1486 2155 1628 2209 Itaque

129 2226 236 2268 intra
264 2228 306 2269 id
337 2229 536 2282 temporis
569 2229 853 2281 intervallum,
899 2229 1008 2283 quod
1042 2243 1064 2271 a
1091 2229 1230 2270 medio
1262 2241 1372 2271 anno
1404 2228 1626 2284 sexagesi-

127 2313 194 2342 mo
225 2305 344 2344 sexto
374 2314 507 2356 usque
537 2302 588 2344 ad
627 2303 903 2344 Novembrem
945 2303 1131 2344 eiusdem
1172 2303 1270 2344 anni
1311 2306 1380 2344 aut
1416 2303 1466 2344 ab
1509 2302 1627 2344 initio

128 2376 225 2418 anni
262 2377 517 2432 sexagesimi
562 2377 700 2419 octavi
737 2390 868 2431 usque
911 2377 962 2419 ad
1003 2390 1188 2419 mensem
1224 2377 1414 2419 Martium
1454 2377 1626 2430 effluxit,

126 2451 296 2492 Domitii
326 2452 516 2493 recitatio
552 2455 591 2493 et
622 2452 752 2494 fracta
786 2452 938 2493 Vatinii
968 2452 1152 2506 potentia
1173 2451 1424 2493 includenda
1446 2451 1626 2493 videtur.

126 2525 192 2567 Ac
233 2537 334 2568 sane
375 2526 426 2567 ab
468 2526 564 2567 anni
605 2527 859 2582 sexagesimi
902 2527 1010 2568 sexti
1049 2527 1130 2567 fine
1172 2527 1212 2567 in
1260 2527 1387 2568 rebus
1424 2530 1466 2567 et
1507 2525 1626 2567 malis

125 2599 407 2642 Romanorum
438 2599 573 2641 nullus
606 2604 819 2653 comparet
846 2600 1056 2642 Vatinius:
1089 2600 1237 2654 quippe
1265 2612 1402 2654 neque
1426 2600 1534 2642 inter
1553 2612 1626 2642 eos

127 2679 476 2718 commemoratur
513 2675 582 2729 qui
612 2674 857 2717 validissimi
889 2676 931 2716 in
964 2676 1144 2717 amicitia
1184 2675 1384 2729 principis
1415 2675 1626 2718 Neronem

126 2752 312 2792 extremo
346 2762 455 2793 anno
489 2750 543 2791 66
581 2749 624 2791 in
661 2749 862 2791 Achaiam
902 2750 1238 2804 proficiscentem
1277 2750 1491 2791 comitati⁷
1531 2752 1626 2791 sunt

193 2886 226 2920 7.
255 2885 357 2928 Quod
380 2886 504 2921 crebra
529 2886 591 2920 illa
608 2887 741 2920 Vatinii
766 2896 838 2920 vox
907 2891 1080 2920 tomatore
1107 2887 1298 2931 profertur,
1327 2885 1410 2919 inde
1432 2895 1503 2919 non
1531 2894 1619 2919 con.

125 2934 191 2979 (cf.
219 2945 253 2979 p.
273 2936 363 2983 252)
391 2946 454 2980 per
479 2936 704 2969 occasionem
726 2936 837 2969 itine-
907 2937 1068 2980 sequitur
1103 2947 1181 2970 cum
1210 2935 1352 2970 Nerone
1377 2935 1558 2969 Vatinium
1583 2935 1620 2969 in

124 2982 331 3020 risAchaici
356 2994 377 3019 a
402 2983 587 3029 Xiphilino
606 2984 733 3021 Dionis
756 2985 837 3030 epi-
906 2984 998 3020 hanc
1024 2989 1153 3019 terram
1178 2984 1379 3030 profectum
1406 2993 1498 3019 esse.
