1768 3216
343 44 437 60 „f‘⁷k

170 183 175 187 '
195 175 267 232 Q

138 236 168 269 «Ι
190 227 233 266 ,(ἳ.
259 230 326 267 ¹10.
621 230 757 265 LIBER
781 229 844 266 lv.
899 230 987 267 Gar.
1015 231 1171 268 50-52.
1570 234 1643 267 833

143 345 254 387 dam.
313 345 433 388 Unde
463 350 578 388 artae
609 346 836 400 Leptitanis
862 359 954 399 res,
986 347 1152 401 lateque
1181 347 1354 390 vastatis
1387 347 1504 403 agris
1535 348 1643 390 intra

142 421 311 462 moenia
342 421 629 475 trepidabant,
675 421 812 462 donec
853 422 1090 463 interventu
1130 422 1363 465 cohortium
1403 422 1645 478 alarumque

144 495 226 537 susi
269 495 539 537 Garamantes
579 500 620 536 et
654 500 826 550 recepta
866 496 1000 537 omnis
1039 496 1218 550 praeda,
1258 497 1339 539 nisi
1380 509 1503 552 quam
1546 498 1645 553 vagi

141 581 219 624 per
246 569 466 611 inaccessa
497 569 716 624 mapalium
747 570 1017 630 ulteriorifflis
1047 571 1338 613 vendiderant.

278 643 334 684 At
360 644 635 697 Vespasiano,
666 649 761 698 post
791 645 1119 687 Cremonensem
1148 658 1330 701 pugnam
1354 651 1396 688 et
1415 657 1645 701 prosperos
1664 663 1681 692 5

141 717 325 772 undique
355 719 552 771 nuntios,
600 719 810 761 cecidisse
850 719 1057 761 Vitellium
1088 720 1202 762 multi
1234 721 1434 775 cuiusque
1465 721 1641 775 ordiniS‚

142 792 233 846 pari
262 793 439 835 audacia
469 793 717 847 fortunaque
747 794 966 836 hibernum
997 808 1113 837 mare
1144 795 1351 850 adgressi,
1384 797 1654 839 nuntiavere.

141 866 332 909 Aderant
360 867 487 922 legati
526 869 642 923 regis
683 869 885 930 Vologesi
924 869 1200 924 quadraginta
1247 870 1359 912 milia
1403 871 1645 913 Parthorum

141 941 325 996 equitum
367 941 608 984 offerentes.
680 942 944 997 Magnificum
989 944 1224 998 laetumque
1267 945 1391 986 tantis
1432 946 1645 987 sociorum

141 1016 307 1059 auxiliis
350 1017 514 1069 ambiri,
567 1030 703 1072 neque
750 1017 956 1072 indigere.
1036 1018 1204 1060 Gratiae
1255 1019 1457 1074 Vologesi
1510 1024 1643 1072 actae,
1666 1035 1705 1064 io

141 1090 464 1146 mandatumque
503 1096 548 1133 ut
574 1092 737 1148 legatos
765 1092 817 1134 ad
849 1096 1038 1134 senatum
1071 1093 1251 1135 mitteret
1284 1097 1325 1134 et
1362 1106 1508 1147 pacem
1549 1106 1645 1136 esse
1670 1056 1768 1160 [ἐξα

142 1166 285 1232 εςιξξῐ.
344 1165 627 1223 Vespasianus
660 1168 701 1208 in
734 1166 891 1208 ltaliam
922 1179 1074 1221 resque
1105 1167 1221 1209 urbis
1253 1168 1449 1221 intentus,
1488 1150 1754 1249 adver-{14:111

143 1254 233 1283 sam
262 1241 316 1293 de
343 1241 581 1284 Domitiano
614 1243 765 1284 samam
795 1242 974 1296 accipit,
1019 1246 1226 1296 tamquam
1265 1243 1466 1284 terminos
1498 1244 1645 1286 aetatis
1674 1263 1747 1313 &A

144 1319 186 1357 et
215 1327 421 1357 concessa
451 1315 536 1357 filio
569 1316 857 1371 egrederetur.
935 1316 1065 1371 Igitur
1094 1316 1391 1358 validissimam
1436 1318 1646 1360 exercitus
1673 1336 1719 1374 ζμ
1737 1328 1768 1370 ζ,

71 1393 299 1444 52partem
328 1390 420 1432 Tito
450 1390 576 1432 tradit
607 1391 659 1432 ad
687 1391 847 1445 reliqua
868 1391 1027 1432 Iudaici
1046 1391 1144 1432 belli
1160 1392 1452 1445 perpetranda.
1495 1392 1645 1458 Titum,
1664 1379 1716 1439 ιεν

141 1469 362 1519 antequam
394 1465 705 1521 digrederetur,
744 1466 869 1507 multo
912 1466 1018 1520 apud
1052 1470 1213 1520 patrem
1254 1479 1450 1509 sermone
1499 1479 1646 1509 orasse

71 648 128 688 51

141 1539 359 1582 dicebatur
390 1553 443 1582 ne
474 1540 780 1583 criminantium
812 1541 966 1582 nuntiis
998 1545 1155 1582 temere
1187 1530 1514 1595 accenderetur,
1536 1542 1648 1584 inte-

177 1594 366 1621 ‘ffltmae
372 1608 386 1613 n

283 1702 314 1734 l.
342 1706 420 1734 arte
444 1700 629 1746 lepcitam's
656 1700 737 1735 Ma}
765 1707 862 1734 arcte
889 1700 1066 1746 leptitanis
1093 1700 1133 1734 G.

142 1746 276 1782 editor:
301 1749 539 1794 quadraqinta
566 1748 630 1791 Ma,
658 1749 732 1783 XL.
761 1749 801 1792 G,
827 1751 863 1783 in
890 1759 959 1794 quo
988 1749 1087 1783 mitta
1112 1755 1193 1794 post
1219 1751 1381 1793 equitum.

143 1795 253 1842 109εεί
278 1797 423 1831 editor:
451 1797 593 1832 codices
630 1797 808 1843 Vologese.

143 1941 236 1977 257:
259 1940 399 1987 Oeaque
419 1941 622 1977 Trinacrios
648 1942 749 1988 Afris
770 1954 858 1989 per-

141 1989 254 2024 mixta
281 1990 423 2025 colonos
449 2013 494 2018 —
521 1992 688 2026 mittebat.

219 2037 307 2084 Cap.
335 2039 394 2074 51.
437 2042 670 2075 nuntiavere:
694 2040 858 2074 Alexan-

142 2085 254 2120 driam
298 2087 449 2122 hiberno
494 2091 580 2123 mari
619 2090 859 2132 festinarunt3

144 2135 190 2169 cf.
219 2135 334 2173 H.,lll
359 2137 419 2179 48,
448 2137 496 2171 lv
524 2138 584 2172 81.
671 2139 766 2182 regis
791 2138 860 2172 Vo-

141 2182 272 2229 loyesi:
298 2184 342 2219 ad
359 2185 539 2220 vitandam
554 2187 634 2220 soni
658 2186 859 2220 molestiam

71 2270 78 2275 β
141 2232 237 2278 nqis
272 2232 447 2277 Voloqesis
482 2245 569 2268 usus
605 2239 657 2269 est
684 2236 860 2268 termina-

141 2281 241 2315 tione
269 2281 461 2324 vocabuli,
501 2293 598 2328 quae.
620 2283 776 2317 litteram
806 2284 860 2316 si-

141 2327 315 2362 bilantem
343 2329 489 2364 abiecit.
533 2331 637 2364 Conf.
666 2336 789 2364 annot.
817 2330 860 2364 ad

142 2375 221 2410 Xlll
263 2377 296 2411 7.
361 2376 415 2411 De
446 2389 487 2412 re
522 2379 629 2412 etiam
665 2379 860 2413 Suetonius

144 2424 252 2470 Vesp.
281 2424 316 2460 6.

228 2473 469 2520 quadraginta
506 2475 607 2509 milia
650 2475 861 2510 Parthorum

144 2522 316 2567 equitum:
345 2524 381 2556 in
394 2522 448 2558 Ma
473 2534 603 2558 nomen
628 2524 728 2557 milia
747 2526 860 2558 omis-

146 2581 223 2604 sum
251 2576 333 2614 est,
373 2572 469 2617 quod
507 2574 542 2606 in
570 2572 773 2620 εἷρχειύῑιῳ
801 2578 860 2607 aut

143 2630 289 2670 XXXX.
331 2636 564 2682 negligenter
605 2648 669 2681 pro
714 2639 857 2673 ΧλΧλ.

146 2683 203 2728 (h.
230 2694 263 2717 e.
290 2684 530 2729 quadraginta
553 2687 671 2731 milia)
699 2691 858 2720 notatum

144 2735 205 2764 aut
247 2731 382 2765 lineola
417 2734 587 2776 temporis
621 2739 733 2767 tractu
770 2745 859 2768 eva-

146 2784 286 2813 nuerat.
335 2779 426 2813 Hinc
453 2780 586 2814 clarum
613 2792 684 2815 non
710 2793 796 2816 vere
822 2784 858 2816 in

146 2827 174 2861 G
199 2826 299 2861 milia
322 2833 403 2871 post
423 2838 549 2863 vocem
578 2831 727 2873 equitum
744 2831 859 2864 inter-

146 2877 243 2920 poni.
295 2875 350 2909 Cf.
379 2876 456 2910 xlv
483 2879 556 2912 3⁴:
592 2878 664 2911 iam
692 2880 858 2913 Suetonio

147 2945 192 2950 —
220 2924 336 2958 decem
369 2927 480 2970 ferme
511 2924 610 2958 milia
642 2933 861 2960 armatorum

146 2978 262 3008 erant.
313 2973 384 3009 37:
422 2980 501 3009 sunt
531 2975 589 3020 qui
611 2974 720 3021 paulo
745 2976 859 3010 minus

1219 1700 1256 1735 8.
1282 1701 1522 1747 quadraginta
1546 1701 1648 1736 mitta

1470 1751 1526 1785 1⁰.
1578 1749 1647 1785 Vo-

928 1954 1032 1987 qnam
1057 1943 1235 1989 octoqinta
1266 1941 1368 1976 milia
1393 1943 1647 1977 Britannorum

929 1992 1096 2026 cecidisse
1122 1992 1277 2025 tradant.
1336 1991 1378 2026 H.
1406 1991 1420 2024 l
1450 1992 1521 2026 61:
1569 1991 1644 2026 Va-

929 2040 1016 2074 lenti
1042 2062 1087 2068 —
1117 2040 1165 2074 ad
1189 2041 1429 2085 quadraginta
1454 2039 1554 2074 milia
1579 2051 1644 2073 ar-

927 2095 1101 2123 matorum
1116 2090 1242 2123 datae:
1268 2090 1417 2134 triginta
1441 2089 1540 2123 milia
1552 2090 1647 2122 Cae-

928 2140 1012 2171 cina
1038 2159 1084 2164 —
1111 2138 1270 2172 ducebat.
1300 2137 1340 2171 tl.
1372 2138 1400 2171 V
1432 2139 1500 2173 13:
1526 2137 1647 2171 multi-

928 2187 1081 2220 tudinem
1127 2187 1344 2221 obsessorum
1385 2209 1423 2214 —
1479 2192 1648 2220 sexcenta

926 2235 1026 2269 milia
1071 2236 1181 2280 fuisse
1227 2235 1436 2280 accepimus.
1498 2235 1541 2267 A.
1578 2236 1646 2269 29:

927 2285 1066 2328 iamque
1091 2295 1198 2329 super
1223 2284 1370 2328 triqinta
1396 2282 1496 2316 milia
1521 2293 1646 2315 arma-

928 2338 1041 2365 torum
1074 2331 1386 2376 adspiciebantur5
1432 2331 1503 2365 37:
1540 2341 1648 2364 caesa

929 2380 1081 2413 hostium
1107 2379 1156 2412 ad
1182 2379 1299 2412 decem
1324 2379 1436 2413 milia.

1014 2428 1156 2473 gratiae
1183 2427 1343 2473 Vologesi
1369 2433 1495 2460 actae.-
1533 2426 1646 2460 sonna

936 2475 1101 2522 Vologeso
1131 2475 1283 2511 debetur
1321 2476 1471 2518 scribis,
1509 2477 1569 2520 qui
1600 2475 1646 2509 ob

928 2535 1178 2571 praegressum
1211 2525 1430 2571 'genitivum
1490 2523 1648 2569 Vologesi

928 2575 1187 2607 nominativum
1224 2585 1305 2607 esse
1342 2572 1527 2617 Voloyesus
1563 2573 1647 2616 opi-

927 2622 1115 2656 nabantur.
1166 2621 1235 2655 Sed
1261 2622 1352 2655 haec
1380 2621 1493 2654 forma
1518 2621 1547 2653 si
1577 2631 1646 2652 un-

927 2681 1031 2716 quam
1060 2671 1178 2705 extitit
1209 2669 1303 2714 apud
1345 2668 1539 2714 diligentes
1579 2678 1646 2701 au-

928 2725 1058 2761 ctores,
1081 2718 1239 2752 a'l'acito
1267 2717 1392 2750 saltem
1419 2716 1538 2749 aliena
1564 2715 1645 2758 tuit,

932 2767 967 2800 id
999 2766 1093 2811 quod
1122 2765 1263 2799 ostendi
1289 2765 1332 2798 ad
1359 2764 1435 2797 xltt
1464 2764 1496 2798 7.

1009 2821 1185 2858 tamquam
1219 2834 1262 2839 —-
1298 2812 1549 2857 egrederetur.-

928 2862 990 2896 illa
1018 2861 1245 2894 immodestia
1271 2860 1313 2894 H.
1345 2860 1390 2894 lv
1416 2862 1438 2895 2
1466 2865 1501 2894 et
1526 2861 1585 2896 39.

1002 2925 1160 2970 Cap.52.
1188 2937 1307 2959 orasse
1333 2925 1539 2959 dicebatur:
1563 2925 1646 2961 vide

928 2975 1039 3018 prima
1073 2975 1230 3021 vestigia
1268 2978 1304 3008 et
1345 2975 1487 3021 insigne
1522 2975 1646 3021 speci-

1602 2813 1647 2847 (le
