1768 3216
187 238 262 273 336
771 230 801 264 H
806 228 1084 266 ISTORIARVM
1466 241 1499 267 a.
1527 240 1562 267 u.
1589 229 1675 267 823.

185 364 281 407 pars
310 350 461 405 populi,
490 347 1114 409 Sludri9wlessjjffl¹ffllsbeesnissgi2
1146 360 1291 389 saxum
1322 348 1472 402 ingens
1497 353 1678 391 traxere.

185 427 420 478 Passimque
466 423 644 464 iniectae
697 422 976 464 fundamentis
1023 423 1186 477 argenti
1241 419 1414 476 aurique
1462 423 1591 477 stipes
1639 426 1682 465 et

0 499 101 557 §.g
117 520 139 538 r
187 499 440 542 metallorum
472 497 692 557 primitiae,
726 497 848 538 nullis
881 496 1122 539 fornacibus
1154 497 1306 549 victae,
1340 497 1412 539 sed
1431 501 1476 538 ut
1496 497 1684 552 gignun-

184 579 260 614 tur.
321 571 571 613 Praedixere
601 571 860 624 haruspices,
894 584 946 613 ne
978 575 1253 613 temeraretur
1280 583 1383 625 opus
1402 583 1507 613 saxo
1526 582 1683 613 aurove

149 649 224 689 sin
256 646 364 688 aliud
399 646 620 701 destinato.
667 645 852 687 Altitudo
886 646 1060 688 aedibus
1093 646 1269 688 adiecta.
1317 646 1360 687 Id
1380 645 1513 688 solum
1530 645 1681 700 religio

183 722 367 764 adnuere
400 725 439 762 et
475 721 628 774 prioris
671 720 812 774 templi
852 720 1188 775 magnificentiae
1234 721 1420 763 defuisse
1465 720 1682 763 creditum.

196 797 339 848 [l'anta
371 796 434 837 vis
465 795 674 836 hominum
706 795 924 837 retinenda
957 800 1079 849 eratJ.
1166 781 1282 834 hof*
1308 784 1363 831 αἱ
1406 770 1599 834 Orde-

326 869 478 911 Audita
511 868 675 910 interim
706 881 781 922 per
813 868 967 911 Gallias
1011 870 1340 923 Germaniasque
1379 881 1493 911 mors
1528 868 1754 918 vitellii54

184 936 469 999 duplicaverat
515 943 681 985 bellum.
741 943 843 984 Nam
891 944 1035 985 Civilis
1077 944 1232 985 omissa
1272 943 1602 993 dissimulatione
1642 943 1684 984 in

134 1019 375 1074 iopopulum
405 1019 631 1073 Romanum
663 1031 819 1071 ruere,
870 1018 1115 1061 Vitellianae
1155 1019 1344 1074 legiones
1376 1018 1442 1059 vel
1472 1021 1684 1060 externum

182 1094 392 1136 servitium
424 1106 542 1148 quam
574 1094 866 1147 imperatorem
905 1093 1205 1147 Vespasianum
1246 1092 1380 1134 malle.
1444 1092 1552 1134 Galli
1583 1104 1684 1135 sus-

182 1169 359 1210 tulerant
399 1168 584 1220 animos⁷
630 1168 804 1210 eandem
846 1169 997 1222 ubique
1030 1168 1287 1210 exercituum
1324 1172 1562 1209 nostrorum
1594 1167 1687 1209 sor—

184 1247 321 1285 tunam
354 1243 454 1295 rati,
496 1243 665 1297 vulgato
698 1256 864 1285 rumore
896 1256 918 1284 a
951 1243 1149 1285 Sarmatis
1181 1243 1390 1296 Dacisque
1419 1241 1606 1283 Moesica
1636 1253 1686 1283 ac

182 1317 418 1360 Pannonica
467 1317 641 1359 hiberna
691 1317 992 1360 circumsideri.
1053 1317 1170 1359 Paria
1215 1316 1267 1358 de
1307 1315 1519 1358 Britannia
1549 1314 1689 1370 tinge-

328 1477 357 1510 1.
385 1476 504 1510 conixi
530 1475 606 1510 Ma:
637 1475 663 1510 G
691 1477 847 1511 conniti.
935 1478 968 1511 2.
997 1482 1028 1510 et
1057 1477 1202 1521 aurique
1230 1475 1302 1510 Md:
1330 1476 1413 1510 auri
1440 1486 1504 1521 que
1531 1473 1570 1509 G.
1651 1473 1685 1508 3.

185 1526 370 1570 siynuntur
396 1523 472 1568 Μ’Ῑ,
510 1526 727 1570 yniynuutur
753 1525 801 1559 G:
843 1530 1041 1558 correctum
1077 1526 1171 1559 inest
1194 1525 1234 1559 B.
1335 1525 1370 1560 4.
1399 1523 1594 1569 harispices
1620 1520 1686 1556 Ma.

185 1573 218 1608 6.
248 1573 349 1607 crede
376 1572 454 1608 Ma.
481 1573 508 1607 G
536 1574 717 1617 creditum,
746 1573 1000 1607 Doederlinius
1028 1575 1123 1608 coni
1151 1573 1370 1608 credebatur.
1453 1572 1487 1607 7.
1515 1577 1615 1606 tanta
1645 1592 1684 1599 -

184 1622 368 1656 retinenda
406 1628 482 1656 erat
520 1621 598 1656 Ma:
640 1634 704 1666 quo
741 1628 841 1656 tanta
876 1644 911 1650 --
937 1623 1124 1656 retinenda
1162 1627 1239 1656 erat
1266 1622 1313 1665 G,
1359 1621 1419 1654 ubi
1453 1632 1472 1655 a
1499 1631 1564 1665 quo
1592 1629 1688 1654 nova

186 1672 364 1704 sententia
385 1671 510 1715 incipit
537 1672 740 1715 praeposito
770 1676 913 1715 puncto,
1016 1671 1051 1706 8.
1086 1677 1118 1705 et
1148 1671 1422 1715 Germaniasque
1450 1667 1524 1704 Ma:
1551 1669 1579 1703 G
1605 1679 1690 1713 yer-

186 1720 325 1753 manias
351 1729 427 1763 que.
514 1720 627 1754 uitelli
651 1718 716 1754 Ma.
815 1721 869 1754 13.
897 1721 1115 1766 solymorum
1139 1731 1234 1753 ‚nore
1261 1718 1339 1753 Μ’ῑ·
1331 1744 1339 1752 .
1370 1722 1568 1753 correctum
1596 1718 1691 1751 inest

189 1768 229 1802 G.
308 1769 362 1803 14.
391 1768 648 1802 circumsideri}
680 1767 758 1802 Ma:
788 1768 815 1802 G
842 1769 1096 1803 circumsideri.
1174 1769 1266 1803 britt.
1300 1766 1364 1802 ΜΊ.

195 1914 276 1948 vius
302 1913 346 1947 ad
373 1913 517 1959 Virgilii
535 1914 663 1960 Georg.
693 1914 725 1948 11
752 1914 819 1950 194
841 1914 909 1960 (ibi

197 1967 250 1996 est
291 1961 449 1995 lancibus
492 1968 523 1995 et
561 1963 688 2008 pandis
735 1965 911 2008 ficrnantia

193 2010 370 2044 reddimus
409 2014 539 2055 exta).·
580 2011 798 2045 sacerdotum
831 2024 911 2045 usus

193 2058 334 2092 terbos
356 2058 458 2092 reddi
494 2059 585 2092 enim
614 2059 819 2093 dicebantur
846 2071 911 2093 ez·-

197 2113 244 2150 ta‚
271 2118 347 2140 cum
374 2106 525 2152 probata
557 2112 587 2140 et
615 2107 710 2141 elixa
733 2119 821 2141 arae
850 2121 911 2142 su-

193 2154 492 2201 perpetiebantur.

266 2203 378 2238 studio
406 2203 608 2248 laetitiaque
636 2205 800 2238 connixi:
827 2215 912 2238 ver-

197 2252 278 2286 bum
308 2252 452 2285 connisi-i
487 2263 710 2287 communem
748 2252 912 2286 trahendi

197 2301 312 2334 nisum
335 2300 491 2335 denotat.
518 2301 572 2334 De
586 2303 762 2335 communi
780 2303 913 2345 impetu

198 2350 418 2383 vincentium
451 2354 504 2383 est
522 2349 565 2383 A.
588 2349 659 2385 36:
687 2356 824 2384 ceterae
852 2361 913 2383 co-

198 2397 315 2431 hortes
346 2397 580 2432 aemulatione
614 2404 645 2431 et
671 2399 798 2444 impetu
826 2410 913 2432 con-

197 2446 298 2479 nisae
322 2446 500 2491 proximos
528 2458 676 2490 quosque
704 2447 864 2480 caedere.

273 2499 374 2527 tanta
399 2515 443 2519 —
468 2500 567 2529 erat:
594 2495 669 2528 noli
698 2496 828 2537 mirari,
858 2494 914 2528 le-

202 2546 301 2584 ctor,
331 2541 420 2575 haec
447 2542 556 2575 verba
587 2544 745 2586 reposita
772 2553 852 2576 esse
878 2543 914 2575 in

200 2589 319 2624 locum
346 2601 365 2624 a
393 2588 446 2623 Ma
471 2590 624 2635 aliisque
652 2591 835 2624 codicibus
863 2591 914 2623 eis

201 2639 434 2684 assignatum,
462 2649 579 2683 neque
613 2650 691 2672 cum
719 2639 915 2672 editoribus

201 2686 463 2721 recentioribus
500 2691 535 2720 et
571 2697 614 2720 ex
652 2697 761 2731 prava
789 2687 916 2721 conie-

204 2741 302 2769 ctura
328 2735 411 2769 libri
426 2735 619 2781 Agricolae
648 2736 754 2780 capiti
781 2736 828 2770 46
857 2736 916 2768 in-

204 2788 297 2817 serta
323 2783 476 2828 prodire.
530 2783 677 2818 Scilicet
709 2784 758 2818 ibi
795 2783 916 2817 vindi-

206 2833 277 2864 cari
304 2832 403 2866 nullo
423 2831 526 2866 modo
553 2838 713 2877 possunt,
742 2833 811 2866 lioc
834 2831 914 2865 loco

208 2884 304 2913 certe
343 2880 515 2924 explicari
554 2886 696 2924 potest,
740 2880 916 2926 quomodo

207 2933 289 2961 nata
325 2929 407 2961 sint.
473 2928 642 2963 Nimirum
680 2931 714 2963 in
756 2930 918 2974 margine

210 2976 420 3022 exemplaris
451 2978 586 3023 antiqui
614 2978 784 3014 adversus
809 2977 919 3013 verba

981 1914 1195 1960 praedixere
1224 1914 1440 1959 haruspices,
1467 1924 1512 1947 ne
1537 1918 1691 1947 temera·

978 1969 1076 1996 retur
1102 1974 1185 2008 opus
1226 1974 1312 1996 saxo
1354 1973 1485 1996 aurove
1516 1962 1555 1995 in
1594 1960 1693 1995 aliud

980 2011 1175 2053 destinato,
1213 2010 1302 2044 hacc
1328 2011 1524 2044 admonitio
1553 2009 1692 2044 adiecta

981 2064 1067 2102 crat,
1098 2064 1136 2092 ut
1164 2058 1318 2093 lectores
1345 2059 1536 2101 discerent,
1561 2069 1625 2092 cur
1644 2058 1692 2092 il-

980 2107 1041 2141 lud
1067 2107 1330 2152 praedixissent
1362 2107 1591 2151 haruspices:
1633 2106 1692 2140 ni-

980 2157 1085 2195 miam
1128 2156 1221 2189 enim
1262 2156 1373 2189 fuisse
1408 2155 1582 2188 hominum
1624 2155 1693 2188 vim

980 2204 1132 2250 vulgare
1181 2215 1304 2238 aurum
1354 2208 1615 2249 argentumque
1658 2203 1694 2236 in

981 2253 1212 2287 fundamenta
1240 2252 1362 2296 templi
1395 2254 1515 2287 iacere
1540 2252 1694 2296 cupien-

981 2303 1094 2344 tium3
1139 2300 1231 2334 hanc
1269 2301 1491 2346 praescripto
1528 2299 1694 2344 haruspi-

983 2361 1061 2384 cum
1088 2350 1308 2384 retinendam
1340 2349 1462 2383 fuisse.

1051 2397 1136 2442 Cap.
1166 2399 1223 2433 54.
1259 2398 1383 2432 audita
1407 2397 1570 2434 interim.-
1597 2396 1694 2430 urbis

981 2446 1087 2480 rebus
1126 2457 1240 2491 usque
1273 2448 1308 2481 in
1344 2446 1496 2480 mediam
1523 2450 1694 2480 aestatem

983 2495 1157 2528 enarratis
1205 2494 1248 2527 ad
1291 2499 1437 2527 externa
1475 2495 1690 2536 revertitur,

982 2542 1176 2586 praecipue
1203 2542 1246 2575 ad
1279 2552 1321 2576 ea
1347 2552 1438 2586 quae
1478 2546 1560 2576 ante
1587 2551 1695 2576 exor-

983 2601 1042 2623 sus
1085 2591 1127 2622 ad
1165 2589 1269 2624 finem
1309 2590 1463 2623 nondum
1508 2589 1692 2634 perduxit,

985 2638 1104 2672 turbas
1156 2639 1192 2671 in
1244 2638 1440 2672 Germaniis
1483 2638 1694 2683 Galliisque.

986 2686 1198 2721 Germaniae
1235 2697 1328 2731 quae
1353 2688 1470 2720 statim
1497 2697 1695 2721 memoran-

986 2741 1059 2778 tur,
1100 2735 1249 2769 inferior
1276 2741 1330 2769 est
1355 2735 1544 2770 Germania
1570 2740 1606 2769 et
1631 2745 1695 2769 su-

985 2785 1105 2828 perior
1131 2785 1167 2816 in
1205 2785 1349 2818 sinistra
1379 2784 1455 2828 ripa
1479 2783 1621 2827 Rheni3
1660 2793 1693 2816 v.

986 2833 1029 2866 ad
1060 2844 1089 2867 c.
1122 2833 1176 2867 17.

1059 2882 1186 2914 omissa
1223 2880 1521 2915 dissimulatione:
1569 2878 1696 2912 Civilis

987 2929 1189 2963 ante'l'aciti
1216 2929 1259 2963 ad
1281 2928 1402 2963 urbem
1435 2928 1696 2974 digressionem
1758 2958 1761 2961 Α

989 2977 1178 3013 Geldubam
1205 2988 1276 3013 non
1302 2976 1427 3024 procul
1444 2976 1636 3012 Veteribus
1660 2978 1698 3009 et
