1768 3216
153 200 203 234 88
753 193 1013 230 AGRIOOLAE

153 313 282 367 ipsius
312 311 398 353 voti
428 310 618 351 fiduciam
653 323 702 352 ac
732 310 862 352 robur
892 310 1193 365 adsumpserit,
1227 314 1372 352 natura
1405 314 1544 354 tamen
1573 311 1644 352 in-

151 386 351 428 firmitatis
382 385 585 425 humanae
613 384 798 426 tardiora
829 389 924 426 sunt
954 385 1139 427 remedia
1180 397 1300 438 quam
1341 385 1474 437 mala3
1519 389 1560 427 et
1599 388 1645 426 ut

154 471 331 512 corpora
361 461 503 499 nostra
534 457 644 498 lent-e
675 463 920 512 augescunt,
954 459 1035 500 cito
1067 459 1388 514 extinguuntur,
1427 459 1489 501 sic
1508 459 1645 514 ,inge-

152 534 220 574 nia
251 532 468 586 studiaque
512 533 771 586 oppresseris
811 534 976 576 facilius
1018 546 1139 588 quam
1184 534 1468 576 revocaveris,
1529 533 1645 576 Subit

122 607 302 661 squippe
333 607 453 647 etiam
485 607 614 661 ipsius
644 608 821 649 inertiae
853 607 1047 660 dulcedo,
1081 612 1121 649 et
1153 608 1287 650 invisa
1317 608 1449 662 primo
1482 607 1644 650 desidia

151 685 362 735 postremo
403 685 573 723 amatur.
636 681 769 734 Quid,
816 682 852 723 si
890 694 965 735 per
1006 682 1241 735 quindecim
1282 694 1440 734 annos,
1484 681 1645 737 grande

153 756 338 798 mortalis
368 756 460 797 aevi
489 756 690 809 spatium,
724 756 835 798 multi
869 757 1046 798 fortuitis
1079 757 1271 809 casibus,
1314 739 1644 811 promptissimus

154 831 326 884 quisque
355 830 528 872 saevitia
558 831 756 884 principis
788 831 1119 872 interciderunt?
1150 831 1287 883 Pauci,
1319 835 1363 872 ut
1376 831 1432 872 ita
1452 830 1643 883 dixerim,
1675 857 1681 863 -

151 916 236 946 non
266 904 390 945 modo
420 904 593 945 aliorum
624 904 698 946 sed
731 905 854 946 etiam
877 906 1009 946 nostri
1038 906 1468 964 superstites-sumus,
1501 916 1646 946 exem-

818 961 902 972 ’,κ-,θλ
914 963 924 965 st

288 1029 322 1062 3.
347 1034 470 1061 nostra
496 1028 586 1062 lente
613 1035 802 1073 auqescunt
836 1031 871 1064 Δ
895 1034 930 1062 et
959 1029 1195 1063 Puteolanus:
1234 1035 1357 1063 nostra
1393 1035 1582 1075 augescunt
1608 1030 1642 1063 Γ.

152 1076 187 1111 6.
216 1076 292 1109 XV.
320 1078 361 1118 Δ,
387 1076 581 1120 quindecim
606 1079 643 1111 Γ.

152 1125 205 1158 ita
230 1123 443 1157 Rhenanus:
473 1130 505 1158 et
529 1126 581 1158 uti
606 1126 674 1159 ΓΔ.

152 1224 285 1267 factum
314 1228 347 1256 et
373 1222 469 1256 brevi
500 1225 666 1268 futurum.
696 1224 864 1258 Felicita-

154 1276 219 1304 tem
257 1276 445 1315 temporum
479 1272 603 1316 augeri
646 1282 666 1305 a
702 1271 864 1314 Traiano,

154 1319 213 1362 qui
242 1323 347 1360 tunc,
385 1329 463 1351 cum
496 1318 584 1352 haec
611 1320 743 1363 scripta
769 1325 862 1363 sunt,

153 1377 198 1399 ne
225 1367 261 1399 in
287 1366 410 1400 urbem
447 1367 590 1411 quidem
633 1373 861 1412 pervenerat,

153 1414 231 1448 sine
256 1419 341 1448 nota
367 1414 594 1457 adulationis,
623 1416 685 1450 abs
712 1427 780 1462 qua
794 1417 861 1450 Ta-

155 1463 246 1496 citus
285 1463 525 1496 alienissimus
561 1468 635 1506 est,
676 1464 745 1498 dici
791 1475 862 1498 non

153 1511 280 1555 potuit.
332 1510 419 1544 Nam
459 1511 555 1545 vitae
595 1513 748 1556 scriptor
782 1518 863 1557 post

154 1557 355 1592 absolutum
390 1559 601 1603 opusculum
638 1560 729 1594 hanc
755 1571 862 1605 prae-

153 1607 326 1640 sationem
353 1606 486 1640 addidit
515 1610 683 1642 extremis
713 1610 795 1643 anni
816 1610 860 1645 97

152 1655 213 1689 vel
248 1656 372 1699 primis
408 1657 491 1689 anni
529 1656 574 1690 98
604 1656 748 1700 diebus,
783 1669 862 1691 cum

152 1703 280 1746 Nerva,
309 1703 370 1747 qui
389 1705 567 1737 extinctus
593 1709 645 1738 est
672 1705 729 1739 die
756 1707 862 1745 vicc÷

152 1753 241 1785 simo
281 1751 432 1795 septimo
476 1751 630 1786 Ianuarii
666 1764 758 1787 anno
802 1753 860 1797 98,

155 1800 261 1833 etiam
288 1804 361 1832 tum
388 1800 424 1832 in
453 1801 546 1834 vivis
575 1805 660 1843 erat,
692 1801 755 1835 sed
776 1801 862 1835 Tra-

152 1848 272 1880 ianum
298 1847 438 1891 imperii
464 1858 711 1883 successorem
740 1855 862 1884 extre-

152 1896 218 1929 mis
245 1895 427 1930 mensibus
461 1898 542 1929 anni
582 1896 625 1931 97
654 1898 863 1932 destinave-

152 1947 223 1976 rat:
261 1942 395 1977 Plinius
431 1943 606 1988 Panegyr.
644 1956 673 1978 c.
708 1946 742 1980 8.
794 1946 862 1980 Dio

152 1989 299 2023 LXVlll
322 1992 357 2024 3.
410 1991 463 2024 De
488 1991 639 2034 Traiani,
667 2004 745 2026 cum
774 1994 864 2027 ado-

153 2042 271 2081 ptatus
297 2042 370 2081 est,
409 2038 573 2072 absentia
613 2040 760 2083 (absens
788 2046 863 2075 erat

154 2087 191 2119 in
219 2084 421 2131 Germania)
461 2086 506 2120 cf.
539 2087 605 2120 Dio
635 2098 689 2131 ap.
727 2088 861 2132 Xiphil.

154 2133 292 2167 LXVllI
308 2134 414 2168 3—5.
456 2134 590 2167 Plinius
607 2135 738 2181 Paneg.
752 2147 782 2169 c.
803 2138 860 2172 20.

96 2212 98 2214 ,
154 2181 227 2215 lam
257 2181 317 2225 qui
350 2182 517 2226 princeps
553 2183 675 2216 urbem
706 2184 861 2217 nondum

155 2230 322 2274 attigerat
347 2234 453 2274 atque
479 2231 585 2264 unice
611 2231 784 2266 militibus
798 2233 863 2266 ad-

156 2276 226 2310 buc
245 2277 461 2320 praefuerat,
489 2279 548 2322 qui
563 2278 650 2312 nihil
670 2281 705 2312 in
722 2285 860 2324 senatu,

155 2323 246 2358 nihil
273 2325 310 2357 in
336 2327 459 2359 castris
499 2325 642 2360 urbanis
678 2333 713 2361 et
743 2339 861 2362 coram

156 2371 290 2416 populo
317 2374 557 2417 ordinaverat,
586 2375 613 2407 is
641 2386 775 2421 augere
802 2377 861 2411 fe-

156 2420 328 2454 licitatem
359 2426 555 2466 temporum
584 2425 676 2456 iuste
703 2424 861 2458 dicinon

156 2468 284 2511 potuit.
334 2469 425 2503 Aliis
458 2471 493 2502 in
521 2470 612 2503 locis
641 2473 746 2505 etiam
777 2473 862 2516 feli-

158 2516 245 2549 citas
272 2521 460 2561 temporum
486 2519 569 2562 quin
597 2524 694 2553 recte
711 2519 860 2564 dicatur,

159 2574 178 2596 e
204 2564 329 2607 peritis
358 2575 463 2598 nemo
490 2565 676 2601 dubitabit.

230 2612 337 2656 ipsius
377 2614 448 2646 voti
476 2613 642 2655 fiduciam
676 2626 720 2647 ac
759 2616 867 2650 robur

157 2658 406 2705 adsumpserit:
439 2670 569 2694 nomen
607 2664 677 2695 voti
719 2662 863 2697 denotat

157 2707 250 2749 quod
278 2707 433 2751 optando
461 2710 657 2752 expetitum
683 2715 737 2744 est
753 2711 861 2756 idque

155 2755 297 2796 passiva
324 2757 400 2789 eius
433 2756 568 2791 formae
595 2758 860 2803 significatione

156 2803 363 2844 exprimitur
377 2816 385 2845 ;
398 2804 564 2847 fiduciam
590 2817 634 2839 ac
645 2807 752 2840 robur
766 2807 860 2841 idem

155 2849 252 2882 valet
295 2861 337 2884 ac
376 2852 552 2888 robustam
591 2856 663 2898 (=
697 2854 858 2903 firmam)

152 2895 327 2937 fiduciam.

782 1078 815 1111 7.
841 1077 955 1111 multis
982 1079 1065 1113 ΓΛε
1091 1078 1246 1112 correxit
1271 1078 1424 1122 Lipsius.

1546 1077 1582 1111 8.
1607 1082 1644 1110 ut

986 1224 1085 1257 inulti
1107 1224 1260 1268 fortuitis
1283 1223 1431 1266 casibus,
1453 1224 1647 1270 promptis·-

932 1272 1037 1305 simus
1075 1273 1214 1316 quisque
1259 1273 1409 1306 saevitia
1444 1273 1644 1318 principis:

933 1319 1228 1364 quemadmodum
1254 1321 1409 1364 fortuitis
1433 1320 1570 1354 casibus
1585 1319 1642 1365 (h.

933 1379 964 1401 e.
1006 1369 1137 1402 morbis
1189 1367 1341 1413 aliisque
1393 1368 1495 1402 malis
1549 1368 1642 1403 forte
1672 1372 1678 1374 “

932 1415 1081 1462 oblatis)
1119 1421 1155 1450 et
1189 1417 1338 1450 saevitia
1371 1417 1546 1462 principis
1571 1426 1640 1461 op-

930 1469 1122 1508 ponuntur,
1154 1465 1207 1498 sic
1237 1465 1342 1498 etiam
1360 1464 1458 1498 multi
1473 1469 1637 1510 etprom·

926 1513 1102 1558 quissimus
1131 1514 1283 1557 quisque.
1310 1512 1364 1546 Eo
1391 1513 1507 1547 minus
1533 1511 1641 1547 dubi-

930 1560 1074 1594 tandum
1098 1562 1183 1605 quin
1198 1561 1341 1605 Lipsius
1368 1570 1525 1595 errorem
1550 1559 1644 1595 mul-

931 1610 974 1642 tis
991 1635 1000 1651 ‚
1029 1608 1247 1643 assimilandi
1273 1619 1382 1653 prava
1407 1609 1643 1643 inclinatione

931 1657 1162 1691 scribentium
1188 1662 1320 1700 natum,
1348 1662 1448 1691 recte
1471 1656 1644 1691 emenda-

931 1707 1036 1739 verit.
1073 1705 1350 1750 Promptissimus
1376 1707 1516 1750 quisque
1539 1706 1570 1739 is
1588 1710 1642 1739 est

932 1754 992 1798 qui
1019 1758 1078 1788 aut
1105 1764 1211 1788 manu
1238 1758 1298 1788 aut
1319 1755 1438 1788 animo
1455 1758 1516 1787 aut
1529 1754 1641 1788 utris-

932 1813 1002 1847 que
1026 1801 1176 1836 inclinat
1203 1802 1245 1836 ad
1263 1802 1442 1848 agendum
1458 1806 1494 1836 et
1503 1802 1642 1836 auden-

931 1850 1012 1883 dum
1052 1850 1174 1895 (jeder
1214 1850 1542 1884 unternehmendste
1580 1848 1641 1884 vel

924 1898 1029 1941 jeder
1053 1898 1342 1947 thatkrtiftiyste).

994 1996 1031 2024 ut
1049 1991 1100 2024 ita
1113 1991 1283 2024 dixerim:
1312 1992 1494 2036 antiquum
1514 1991 1642 2025 vitium

930 2039 982 2071 uti
1004 2048 1068 2082 pro
1097 2044 1133 2072 ut
1158 2039 1209 2071 ita
1248 2049 1293 2072 ex
1334 2039 1504 2084 neglecto
1541 2048 1642 2073 com-

932 2085 1062 2129 pendio
1090 2088 1288 2130 scripturae
1314 2087 1493 2130 provenit.
1524 2086 1640 2120 Parti-

934 2133 1014 2167 cula
1053 2140 1104 2177 et,
1140 2145 1160 2167 a
1199 2134 1371 2168 Rhenano
1397 2145 1484 2168 vere
1511 2134 1642 2178 deleta,

933 2193 951 2215 a
978 2183 1081 2216 novis
1109 2182 1306 2216 editoribus
1333 2193 1406 2216 non
1423 2187 1507 2227 apte
1530 2193 1641 2217 revo-

933 2235 1030 2273 cata,
1070 2231 1119 2263 ita
1162 2235 1296 2264 tantum
1333 2231 1479 2265 tolerari
1507 2236 1640 2276 posset,

932 2279 962 2311 si
1001 2290 1114 2312 sumus
1152 2284 1232 2323 post
1258 2281 1457 2323 superstites
1484 2279 1639 2316 abesset,

931 2326 968 2359 Id
995 2328 1054 2371 qui
1080 2337 1150 2360 non
1178 2327 1333 2361 advertit
1351 2328 1504 2372 scriptor
1529 2327 1642 2362 libra-

930 2376 1004 2408 rius
1041 2379 1076 2408 et
1124 2377 1325 2421 superstites
1367 2375 1516 2409 alterum
1562 2386 1644 2410 esse

931 2423 1128 2456 subiectum
1168 2429 1310 2467 praeter
1339 2425 1450 2469 pauci
1474 2424 1639 2468 opinatus

933 2475 997 2512 est,
1026 2481 1096 2504 non
1121 2471 1375 2514 praedicatum,
1403 2477 1441 2504 ut
1461 2482 1640 2517 gramma-

931 2519 992 2551 tici
1033 2518 1174 2562 dicunt,
1213 2525 1245 2552 et
1281 2529 1467 2563 perperam
1493 2519 1637 2554 adiecit.

936 2565 989 2599 Cf.
1021 2566 1100 2600 x1v
1126 2567 1190 2610 535
1225 2568 1359 2609 studia,
1397 2573 1435 2601 ut
1461 2568 1512 2601 sic
1538 2567 1640 2601 dive-

934 2614 1018 2656 rim,
1062 2616 1100 2648 in
1139 2615 1262 2648 umbra
1301 2616 1461 2649 educata.
1514 2615 1552 2649 G.
1597 2617 1639 2651 2:

933 2668 1034 2706 utque
1046 2664 1097 2696 sic
1117 2662 1264 2696 dixerim
1286 2664 1452 2698 adversus
1465 2663 1638 2698 Oceanus.

933 2709 973 2744 Ο.
999 2711 1069 2746 34:
1104 2717 1206 2755 utque
1232 2713 1283 2745 sic
1308 2712 1456 2745 dimerim
1478 2722 1642 2757 puqnare

929 2760 966 2792 in
978 2760 1114 2804 proelio
1129 2759 1288 2794 disceret.
1323 2759 1368 2793 Vl
1386 2762 1433 2805 22
1449 2771 1457 2792 :
1483 2770 1527 2792 ne
1544 2769 1639 2793 nunc

928 2807 1065 2852 incepto
1093 2807 1229 2852 longius
1255 2808 1413 2841 abierim.
1461 2807 1638 2840 Admoni-

927 2856 1059 2888 tionem
1086 2856 1217 2889 adiecit
1246 2861 1389 2900 propter
1409 2855 1519 2889 verba
1543 2864 1641 2889 novo

926 2913 1033 2937 sensu
1071 2904 1187 2949 posita
1213 2905 1325 2939 nostri
1354 2903 1552 2949 superstites
1577 2914 1639 2938 su-
