1768 3216
778 225 1086 264 HISTORIARVM
1468 236 1501 261 a.
1527 234 1564 262 u.
1591 225 1678 263 822.

191 239 260 284 ³04

193 364 297 406 quae
337 350 534 392 adversus
581 343 853 385 necessitates
893 342 934 382 in
982 341 1151 396 longum
1195 339 1474 390 suffecissent.
1534 339 1682 382 *Civilis

191 426 366 468 medium
397 432 543 476 agmen
576 431 667 460 cum
710 418 865 460 robore
909 417 1158 470 Batavorum
1203 415 1424 467 obtinens,
1469 416 1685 469 utramque

189 498 318 542 Rheni
348 497 491 549 ripam,
524 506 604 548 quo
633 493 906 535 truculentior
935 492 1028 533 visu
1059 491 1179 543 soret,
1210 490 1513 532 Germanorum
1544 489 1686 531 cater-

187 572 249 613 vis
282 569 487 622 complet,
532 568 765 610 adsultante
794 579 870 620 per
903 577 1072 619 campos
1106 565 1259 618 equite.
1320 563 1448 606 Simul
1479 574 1610 605 naves
1642 562 1686 617 ij}
1732 574 1733 577 ¹

156 645 406 689 sadversum
449 655 610 685 amnem
653 641 896 697 agebantur.
958 639 1064 681 Hinc
1106 643 1400 681 veteranarum
1450 638 1684 680 cohortium

186 720 321 774 signa,
355 718 451 760 inde
483 717 751 771 depromptae
784 715 899 757 silvis
930 714 1120 768 lucisque
1152 714 1334 756 serarum
1365 713 1596 768 imagines,
1639 716 1684 754 ut

187 794 334 847 cuique
365 793 479 848 genti
510 791 618 833 inire
651 790 853 844 proelium
887 802 977 831 mos
1009 793 1096 841 est,
1138 789 1265 830 mixta
1309 787 1407 829 belli
1439 787 1574 829 civilis
1606 799 1686 829 ex—

185 869 373 922 ternique
405 865 914 919 sacie»obstupesecerant
946 864 1157 905 obsessos.
1209 863 1259 904 Et
1289 874 1404 916 spem
1439 872 1687 916 oppugnan—

186 943 286 984 tium
318 942 497 996 augebat
527 940 753 994 amplitudo
788 939 899 992 valli,
933 938 1042 993 quod
1086 937 1245 980 duabus
1283 936 1522 992 legionibus
1563 935 1685 978 situm

136 1026 174 1055 ιο
186 1018 256 1060 vix
287 1017 466 1071 quinque
497 1015 607 1057 milia
627 1019 877 1056 armatorum
900 1013 1132 1055 tuebantur.
1176 1011 1258 1055 Sed
1276 1011 1452 1054 lixarum
1469 1009 1686 1052 multitudo

190 1091 350 1133 turbata
381 1103 485 1144 pace
518 1090 613 1131 illuc
646 1093 904 1144 congregata
937 1092 977 1130 et
1006 1087 1116 1129 bello
1150 1086 1337 1128 ministra
1369 1085 1528 1127 aderat.
1587 1084 1758 1129 Pars2=3

189 1170 419 1208 castrorum
452 1166 492 1205 in
535 1164 681 1206 collem
724 1164 889 1237 leniter³
907 1174 1141 1238 ›exffrgegm
1187 1173 1283 1215 pars
1317 1171 1452 1215 aequo
1483 1159 1688 1202 adibatur.

188 1241 345 1295 Quippe
379 1241 458 1283 illis
495 1239 679 1282 hibernis
712 1214 899 1280 obsideri
932 1215 1148 1292 premique
1189 1220 1434 1278 Germanias
1476 1236 1690 1290 Augustus

190 1315 453 1367 crediderat,
493 1327 628 1368 neque
668 1326 847 1367 unquam
893 1312 931 1354 id
966 1312 1167 1354 malorum
1198 1315 1242 1353 ut
1273 1313 1552 1366 oppugnatum
1580 1309 1689 1351 ultro

135 1389 377 1443 islegiones
411 1393 576 1431 nostras
608 1388 813 1430 venirent.
877 1387 977 1428 Inde
1008 1386 1390 1460 noQO—neque
1422 1383 1690 1451 munimfflis

185 1463 304 1504 labor
335 1463 523 1504 additus:
554 1462 617 1503 vis
650 1466 691 1504 et
722 1474 836 1502 arma
867 1461 968 1502 satis
997 1455 1230 1514 placebant.
1298 1448 1691 1502 Batavstr'an'srhe-

185 1537 391 1590 nanique,
443 1548 522 1590 quo
567 1536 747 1577 discreta
792 1535 922 1577 virtus
971 1535 1231 1577 manifestius
1273 1537 1561 1588 spectaretur,
1611 1531 1691 1575 sibi

186 1622 373 1664 quaeque
404 1622 509 1664 gens
543 1610 801 1662 consistunt,
846 1609 1006 1650 eminus
1038 1608 1311 1650 lacessentes.
1372 1607 1469 1648 Post
1498 1606 1569 1648 ubi
1598 1606 1693 1660 ple·-

186 1696 315 1738 raque
347 1683 523 1725 telorum
554 1683 736 1725 turribus
783 1683 1004 1737 pinnisque
1052 1683 1261 1724 moenium
1300 1681 1424 1723 inrita
1463 1681 1693 1724 haerebant

133 1763 228 1801 no-et
258 1759 436 1812 desuper
464 1758 577 1800 saxis
605 1758 955 1810 vulnerabantur,
1007 1757 1191 1799 clamore
1233 1761 1357 1810 atque
1386 1756 1541 1810 impetu
1569 1756 1694 1798 inva-

326 1891 359 1924 5.
388 1901 515 1923 amnen
541 1888 605 1923 Ma.
699 1889 733 1923 6.
763 1888 960 1934 deprompte
987 1887 1052 1922 Ma.
1153 1888 1305 1932 lucisque
1331 1885 1437 1921 Corb.
1464 1891 1500 1921 et
1525 1885 1688 1932 Lipsius:

188 1937 330 1983 lausque
356 1942 443 1984 (non
469 1939 628 1982 imasque)
658 1936 723 1980 Ma,
750 1937 906 1981 iugisque
933 1935 973 1977 G,
1005 1935 1133 1970 lucisve
1158 1936 1198 1970 R.
1300 1936 1332 1970 7.
1359 1936 1470 1969 miaeta
1498 1933 1573 1972 Ma:
1599 1935 1692 1968 iusta

190 1986 229 2020 G.
306 1987 401 2020 civili
428 1985 504 2020 Ma:
536 1986 562 2020 G
589 1985 715 2019 ciuilis.
775 1985 809 2019 8.
839 1986 913 2031 obp.
944 1983 1007 2018 Ma.
1082 1985 1137 2020 10.
1165 1985 1313 2028 quinque
1341 1983 1394 2017 G:
1426 1981 1480 2018 Ma
1513 1982 1550 2019 V.
1625 1994 1689 2017 ar·

187 2041 358 2069 malm-um
384 2035 623 2068 Romanorum
650 2032 726 2067 Ma:
754 2039 971 2067 armatorum
1001 2043 1079 2066 cum
1106 2033 1132 2066 B
1161 2032 1367 2066 Rhenanus.
1460 2032 1515 2067 ¹3.
1548 2030 1692 2078 sontique

187 2081 253 2117 Ma.
341 2083 430 2128 Any.
458 2093 537 2116 cum
575 2082 637 2116 lin.
667 2080 730 2116 Ma.
821 2083 876 2116 14.
903 2081 979 2127 obp.
1013 2080 1076 2115 Ma.
1173 2081 1228 2116 19.
1258 2081 1376 2124 irrita,
1403 2090 1486 2114 mox
1510 2080 1604 2115 volu.
1631 2078 1689 2117 Or.

189 2205 223 2238 h.
251 2216 282 2239 e.
319 2214 427 2248 opera
453 2215 543 2249 quae
575 2209 709 2237 tautum
747 2205 782 2237 in
817 2214 905 2248 pace

188 2258 371 2287 struuntur
399 2257 432 2286 et
460 2255 538 2285 usui
573 2258 665 2295 sunt,
694 2252 806 2286 veluti
837 2262 906 2285 no-

187 2301 311 2335 bilium
342 2301 562 2346 divitumque
590 2301 727 2343 domus,
765 2300 904 2343 horrea,

186 2349 327 2392 balnea,
355 2349 627 2393 valetudinaria,
649 2350 817 2394 popinae,
837 2349 907 2382 alia

189 2399 266 2431 eius
295 2399 450 2443 generis.

259 2452 439 2490 utramque
458 2446 573 2480 Rheni
601 2447 716 2491 ripam
740 2467 786 2472 —
815 2447 906 2480 Ger-

188 2505 370 2527 manorum
412 2496 561 2528 catervis
607 2494 781 2539 complet:
828 2495 906 2538 ipse

190 2541 316 2575 civilis
350 2544 385 2575 in
428 2544 571 2575 sinistra
618 2544 694 2586 ripa
737 2541 907 2576 adversus‘

191 2590 323 2623 Vetera
340 2590 542 2633 incedebat,
570 2590 633 2623 sed
647 2590 752 2623 simul
770 2596 907 2624 utram-

190 2649 259 2683 que
281 2638 534 2673 Germanorum
563 2639 716 2672 catervis
744 2639 907 2683 comple-

192 2688 243 2721 vit
269 2687 311 2721 ad
339 2688 536 2733 augendam
565 2688 735 2731 speciem.
823 2688 908 2720 hinc

189 2741 436 2769 veteranarum
456 2736 648 2769 cohortium
674 2736 797 2780 signa:
826 2736 909 2769 hinc

193 2789 245 2817 est
271 2784 314 2817 ab
343 2795 385 2818 ea
415 2790 512 2828 parte
540 2783 598 2817 ubi
626 2784 734 2817 robur
747 2783 906 2817 Batavo-

192 2842 267 2864 rum
296 2838 330 2865 et
358 2833 554 2866 cohortium
583 2833 704 2878 signa,
738 2832 819 2866 inde
846 2832 906 2865 ubi
927 2830 937 2841 “

193 2879 443 2913 Germanorum
501 2879 690 2914 multitudo
731 2885 766 2914 et
804 2882 908 2926 signa

195 2929 356 3012 {entiun}
371 2928 655 2963 Germanicarum
678 2930 843 2974 propria3
871 2939 905 2963 v.

227 2986 308 3009 erm.
363 3003 370 3012 .

1062 2203 1174 2236 mixta
1222 2202 1303 2236 belli
1341 2201 1453 2235 civilis
1490 2201 1693 2245 eaeeernique

974 2252 1093 2296 facie:
1140 2250 1264 2284 bellum
1307 2249 1407 2284 civile
1442 2249 1547 2292 dicit,
1598 2249 1693 2295 quod

975 2299 1210 2333 auxiliaribus
1237 2299 1474 2332 Romanorum
1511 2297 1617 2331 armis
1639 2298 1694 2331 si-

976 2348 1129 2393 gnisque
1172 2348 1328 2393 geritur,
1378 2352 1560 2380 externum
1598 2345 1693 2392 quod
1720 2360 1729 2371 x

975 2400 1116 2440 praeter
1158 2401 1239 2429 octo
1276 2395 1444 2429 cohortes
1475 2393 1694 2429 Batavorum

975 2445 1086 2478 ceteri
1114 2444 1235 2478 hostes
1260 2444 1429 2478 inferunt.
1621 2484 1629 2488 Α

1030 2494 1179 2537 quinque
1204 2492 1303 2525 milia
1324 2497 1560 2526 armatorum:
1593 2499 1695 2524 com-

976 2545 1155 2585 ponuntur
1183 2551 1226 2574 ex
1252 2551 1322 2574 una
1350 2545 1451 2584 parte
1477 2539 1619 2581 armati,
1650 2548 1694 2572 ex

976 2589 1089 2624 altera
1121 2589 1267 2623 inermis
1306 2588 1457 2622 lixarum
1489 2585 1691 2620 multitudo.

976 2638 1052 2672 Hoc
1088 2639 1148 2682 qui
1185 2638 1371 2680 tenuerit,
1418 2646 1490 2670 non
1525 2633 1695 2669 tolerabit

976 2686 1126 2720 Medicei
1175 2692 1391 2719 armatorum
1435 2685 1693 2725 Romanorum,

977 2734 1038 2768 ubi
1070 2744 1199 2768 nomen
1240 2736 1346 2768 inane
1383 2735 1624 2768 Romanorum
1650 2741 1695 2764 ex

977 2789 1193 2816 armatorum
1208 2782 1451 2827 imprudenter
1477 2780 1638 2825 repetito
1660 2783 1695 2812 et

976 2841 1069 2876 pone
1094 2830 1269 2875 syllabam
1299 2842 1357 2865 um
1382 2834 1545 2864 truncatu
1579 2830 1695 2875 (rma-

977 2884 1126 2925 torum),
1163 2890 1246 2914 mox
1271 2889 1380 2924 prave
1417 2882 1579 2913 correcto
1606 2885 1695 2920 pro-

976 2929 1088 2962 venit.
1131 2927 1185 2962 De
1210 2927 1388 2963 vocabulo
1416 2932 1634 2961 armatorum
1659 2927 1696 2958 et

977 2976 1157 3023 frequenti
1188 2978 1266 3012 eius
1300 2987 1368 3012 usu
1409 2974 1503 3021 apud
1533 2971 1694 3009 Tacitum
