1768 3216
175 204 246 238 170
737 203 797 237 DE
825 203 1113 241 ORATORIBVS

168 325 333 376 guntur,
367 325 445 361 tam
478 319 656 361 Hercule
690 331 810 373 quam
843 320 1013 363 divitiae
1045 326 1085 362 et
1116 333 1231 375 opes,
1263 334 1363 375 quas
1399 323 1560 366 facilius
1599 323 1669 364 in-

171 396 315 437 venies
348 395 415 447 qui
446 394 652 447 vituperet
675 406 805 448 quam
838 396 905 448 qui
938 396 1136 437 fastidiat.
1197 397 1270 438 His
1302 397 1430 452 igitur
1459 402 1500 440 et
1527 397 1669 441 hono-

167 471 281 511 ribus
326 473 365 509 et
410 470 664 511 ornamentis
710 473 750 511 et
804 470 1065 512 facultatibus
1108 472 1288 513 refertas
1334 471 1481 514 domos
1522 483 1667 514 eorum

168 543 355 585 videmus
387 544 456 597 qui
488 555 535 586 se
569 544 619 586 ab
650 544 818 586 ineunte
850 545 1136 587 adolescentia
1170 546 1310 588 causis
1339 546 1579 589 forensibus
1623 550 1664 588 et

137 619 353 661 seratorio
386 618 523 660 studio
555 618 770 661 dederunt.
842 621 945 662 Nam
993 621 1176 662 carmina
1218 626 1259 663 et
1297 634 1492 677 versus,
1518 621 1707 675 quibust)

167 698 291 735 totam
323 694 448 735 vitam
483 693 692 736 Maternus
726 695 935 736 insumere
966 700 1081 749 optat
1112 695 1231 751 (inde
1262 696 1371 737 enim
1396 697 1530 738 omnis
1551 696 1667 738 fluxit

174 769 331 821 oratio)
364 781 499 823 neque
532 769 777 824 dignitatem
806 769 930 811 ullam
964 771 1202 812 auctoribus
1234 771 1320 813 suis
1343 771 1569 813 conciliant
1587 783 1670 812 ne-

169 856 247 898 que
277 844 453 886 utilitate
498 856 571 886 eos
615 844 727 886 alunt
740 858 751 895 ;
794 845 1046 899 voluptatem
1093 850 1227 887 autem
1268 846 1463 899 brevem,
1503 845 1667 888 laudem

104 975 108 978 .
170 919 333 961 inanem
364 923 405 976 et
438 919 736 961 infructuosam
771 925 1094 974 consequuntur.
1165 921 1281 962 Licet
1319 921 1424 962 baec
1464 921 1577 974 ipsa,
1627 925 1668 962 et

117 1006 156 1035 ιο
169 1005 273 1047 quae
305 994 503 1047 deinceps
538 993 721 1035 dicturus
753 1006 866 1047 sum,
900 1006 1022 1036 aures
1054 998 1170 1046 tuae,
1203 994 1416 1047 Materne,
1449 998 1660 1048 respuant,

171 1068 239 1108 eui
269 1068 380 1109 bono
415 1073 498 1120 est,
548 1068 581 1110 si
613 1068 719 1122 apud
767 1072 806 1110 te
836 1068 1127 1123 Agamemnon
1158 1073 1227 1109 aut
1257 1068 1379 1110 Iason
1411 1069 1568 1111 diserte
1598 1068 1667 1111 lo-

169 1142 336 1195 quitur?
397 1143 497 1192 Quis
530 1143 624 1184 ideo
658 1143 822 1184 domum
851 1143 1048 1185 defensus
1082 1147 1122 1183 ct
1154 1143 1226 1184 tibi
1270 1143 1477 1197 obligatus
1517 1142 1667 1185 redit?

169 1217 269 1266 Quis
301 1217 479 1259 Saleium
512 1222 710 1269 nostrum,
745 1218 961 1272 egregium
993 1221 1158 1271 poetam
1188 1217 1267 1270 vel,
1301 1218 1337 1259 si
1366 1217 1666 1281 hochonorifi-

170 1291 329 1332 centius
364 1295 452 1342 cst,
498 1291 877 1344 praeclarissimum
908 1296 1066 1344 vatem,
1117 1291 1287 1333 deducit
1317 1296 1386 1333 aut
1416 1292 1566 1334 salutat
1598 1296 1666 1334 aut

110 1376 147 1404 15
167 1365 461 1420 prosequitur?
521 1366 676 1419 Nempe
709 1366 743 1407 si
777 1367 935 1407 amicus
969 1367 1072 1419 eius,
1106 1367 1140 1407 si
1172 1367 1441 1420 propinquus,
1474 1366 1511 1409 si
1542 1366 1666 1408 deni-

169 1452 248 1493 que
279 1440 366 1494 ipse
396 1441 437 1480 in
470 1440 635 1494 aliquod
668 1441 879 1495 negotium
920 1441 1139 1493 inciderit,
1185 1442 1235 1482 ad
1279 1441 1389 1483 bunc
1430 1441 1664 1484 Secundum

168 1519 386 1567 recurret,
428 1519 495 1556 aut
527 1515 577 1557 ad
610 1519 672 1567 te,
707 1516 917 1567 Materne,
951 1528 1035 1556 non
1067 1517 1161 1570 quia
1191 1519 1314 1570 poeta
1347 1529 1419 1570 es,
1457 1528 1592 1571 neque
1613 1520 1666 1558 ,ιιι

272 1677 306 1711 3.
335 1678 510 1722 resercttrs
538 1676 573 1709 P.
649 1678 683 1710 4.
713 1677 756 1710 ab
781 1677 921 1710 ineunte
947 1682 1061 1710 aetate
1089 1677 1326 1711 adolescentia
1353 1675 1392 1719 F,
1419 1686 1489 1709 non
1517 1675 1553 1709 P.
1635 1675 1671 1710 7.

173 1725 352 1758 autoribus
379 1725 414 1759 Ι).
491 1725 525 1758 8.
553 1724 703 1758 utilitate
731 1737 788 1759 eos
818 1725 956 1758 editor:
985 1725 1128 1759 codices
1153 1725 1333 1759 utilitates.
1427 1726 1481 1760 10.
1510 1724 1671 1769 deinceps

169 1773 223 1806 1’:
252 1773 375 1806 deinde
405 1773 582 1807 editiones
610 1774 790 1818 antiquae.
867 1780 1049 1807 maternae
1076 1773 1113 1808 F.
1208 1775 1262 1810 13.
1293 1773 1469 1807 Coeteium
1493 1773 1538 1807 P:
1613 1773 1668 1807 15.

171 1822 304 1856 amicus
332 1828 380 1856 cst
408 1822 453 1855 P:
483 1822 616 1856 amicus
645 1823 718 1856 eius
745 1822 783 1856 F.
866 1822 919 1857 16.
948 1823 1131 1868 neqocium
1157 1822 1193 1856 P.

959 1974 1156 2007 orationem
1196 1972 1366 2006 variando
1411 1971 1575 2006 elocutus
1616 1973 1670 2004 est

957 2032 1021 2066 per
1044 2033 1154 2065 neque
1183 2022 1335 2055 utilitate
1362 2032 1419 2055 eos
1441 2020 1552 2054 alunt.
1592 2017 1670 2052 Ad..

957 2080 1081 2103 versus
1128 2069 1218 2103 haec
1262 2080 1281 2102 a
1326 2081 1382 2102 nie
1425 2069 1509 2103 olim
1548 2072 1670 2106 notata

958 2119 1094 2151 monuit
1122 2117 1280 2150 Oreltius
1307 2117 1404 2150 alere
1431 2127 1494 2161 pro
1511 2126 1554 2150 eo
1575 2114 1670 2160 quod

239 1969 297 2013 qui
315 1971 485 2014 vituperet
510 1981 611 2014 quam
633 1971 690 2015 qui
707 1971 888 2015 fastidiat:

172 2015 217 2050 cs.
247 2017 327 2050 Xttl
356 2018 414 2051 423.
534 2019 649 2052 (Ionios
681 2031 824 2053 eorum:
851 2030 885 2052 v.

171 2069 291 2098 annot.
320 2065 361 2098 ad
390 2065 430 2098 A.
460 2067 517 2101 2¹.

232 2160 315 2204 Cap.
335 2161 368 2195 9.
400 2172 508 2204 neque
525 2162 673 2195 utilitate
693 2174 749 2195 cos
765 2162 885 2196 alunt:

174 2207 390 2242 locutionem
419 2210 517 2243 alere
542 2211 735 2254 utilitates,
781 2216 818 2244 ut
851 2211 886 2243 in

175 2257 358 2291 codicibus
384 2258 573 2301 scribitur,
601 2259 819 2293 Gutmannus
850 2261 886 2292 in

172 2306 424 2339 dissertatione
451 2307 494 2339 ab
517 2306 652 2341 Orellio
680 2307 765 2341 olim
792 2308 888 2341 edita

172 2365 252 2399 pag.
290 2354 356 2389 108
382 2365 508 2388 novam
540 2361 575 2389 et
603 2357 803 2390 inusitatam
821 2367 888 2400 ap-

173 2402 283 2445 pellat
310 2407 344 2436 et
392 2404 484 2436 inter
510 2403 641 2438 indicia
693 2410 887 2447 enumerat,

171 2450 298 2495 quibus
329 2451 498 2494 probetur
524 2452 705 2498 dialogum
727 2464 745 2486 a
765 2452 886 2487 Tacito

173 2507 244 2531 non
284 2500 453 2542 scriptum
490 2510 587 2533 esse:
627 2511 695 2547 ego
739 2501 887 2535 eandem

174 2546 253 2579 dico
281 2546 364 2579 huic
391 2547 471 2580 loco
498 2548 654 2591 ineptam
691 2554 726 2582 et
762 2560 887 2583 corru-

175 2600 281 2639 ptam.
308 2595 394 2629 Nam
424 2606 502 2628 cum
534 2597 631 2640 Aper
658 2607 798 2630 omnem
814 2599 887 2631 nti-

174 2644 310 2677 litatem
337 2643 550 2677 carminibus
575 2644 768 2688 abiudicet‚
795 2657 887 2691 qno-

173 2692 277 2725 modo
306 2692 426 2726 dicere
454 2697 596 2736 potest,
636 2703 706 2726 non
735 2694 782 2727 ali
810 2695 887 2728 sive

173 2741 297 2785 augeri
315 2741 530 2775 carminibus
546 2741 751 2775 utilitates?
777 2742 886 2775 Immo

174 2787 242 2821 hoc
268 2790 365 2832 Aper
390 2789 488 2832 dicit,
519 2790 682 2823 carmina
711 2796 743 2823 et
766 2802 887 2824 versus

171 2847 280 2880 neque
307 2837 512 2882 diqnitatem
542 2837 652 2872 ullam
686 2839 887 2872 auctoribus

172 2886 301 2930 afferre
321 2896 429 2929 neque
456 2885 640 2921 utilitatem
661 2888 888 2933 (pecunias);

172 2932 234 2967 sed
265 2932 333 2967 hoc
360 2935 539 2978 posterius
565 2946 675 2981 neque
701 2935 889 2971 utilitatem

959 2171 1012 2200 est
1049 2177 1179 2211 augere
1222 2166 1355 2199 dixisse
1400 2164 1670 2206 Quintilianum,

957 2225 1140 2248 numerum
1168 2219 1284 2247 autem
1310 2212 1549 2247 multitudinis
1572 2211 1672 2246 utiti-

958 2269 1046 2297 tates
1077 2262 1169 2307 apud
1208 2262 1419 2296 Ciceronem
1453 2261 1603 2307 reperiri
1636 2265 1672 2294 et

958 2311 1114 2345 Tacitum
1156 2311 1295 2355 ipsum,
1354 2311 1397 2345 de
1436 2320 1506 2356 quo
1554 2318 1672 2354 neque

959 2371 1028 2406 ego
1050 2371 1167 2405 neque
1194 2359 1285 2393 alius
1303 2370 1455 2405 unquam
1484 2357 1670 2392 dubitavit.

959 2409 1084 2451 Vides,
1113 2408 1246 2451 lector,
1280 2409 1323 2442 ab
1351 2407 1486 2443 Orellio
1513 2405 1672 2441 difficul-

959 2462 1065 2491 tatem
1082 2457 1151 2490 loci
1167 2467 1212 2489 ne
1227 2458 1350 2490 sentiri
1367 2456 1522 2501 quidem,
1541 2454 1670 2489 nedum

959 2505 1149 2538 removeri.
1204 2504 1281 2538 Non
1309 2507 1403 2538 enim
1431 2504 1476 2538 de
1502 2503 1672 2549 augendis

959 2552 1173 2586 utilitatibus
1197 2563 1312 2586 sermo
1338 2558 1458 2597 potest
1483 2562 1582 2594 esse,
1610 2551 1669 2584 ubi

959 2601 1076 2635 nullas
1112 2611 1191 2634 esse
1218 2601 1408 2646 nullasque
1440 2599 1536 2634 effici
1570 2599 1670 2634 affir-

959 2655 1085 2684 matur.
1112 2649 1166 2682 Ex
1192 2650 1342 2683 utilitate
1377 2661 1433 2684 eos
1464 2648 1591 2683 vitium
1623 2648 1670 2682 li-

959 2698 1101 2732 brorum
1129 2699 1177 2731 ita
1203 2703 1322 2732 natum
1352 2704 1429 2741 est,
1460 2703 1498 2731 ut
1528 2697 1670 2731 litterae

961 2758 998 2779 eo
1040 2758 1059 2780 a
1104 2748 1223 2791 priore
1270 2747 1387 2781 vocali
1432 2746 1669 2786 haurirentur,

959 2795 1099 2839 reliqua
1139 2797 1185 2842 (s)
1228 2794 1457 2839 praecedenti
1492 2793 1670 2829 vocabulo

959 2843 1225 2889 adiungeretur.

1031 2937 1061 2971 si
1088 2938 1220 2972 amicus
1246 2937 1341 2972 eius.-
1384 2946 1446 2982 pro
1486 2940 1558 2972 eius
1585 2936 1620 2971 in
1646 2934 1671 2970 P
