1768 3216
178 239 227 275 aa
593 280 600 288 Ἰ,
796 235 1063 273 GERuAmAE
1098 278 1105 286 ,

313 355 420 398 Nihil
449 359 583 397 autem
613 367 747 410 neque
778 355 968 410 publicae
999 346 1134 411 neque
1163 355 1351 412 privatae
1381 354 1445 396 rei
1478 353 1560 396 nisi
1594 356 1741 400 tir-13

180 430 276 473 mati
307 434 447 484 agunt.
491 430 576 472 Sed
609 443 722 472 arma
754 442 919 473 sumere
950 442 1035 472 non
1066 435 1161 472 ante
1194 430 1385 483 cuiquam
1402 427 1670 482 morisq'ua‘m

177 504 325 546 civitas
361 504 629 547 suffecturum
679 505 932 559 probaverit.
1002 505 1103 546 Tum
1150 505 1192 545 in
1237 505 1328 558 ipso
1371 501 1554 545 coneilio
1602 495 1671 544 rel

176 579 406 632 principum
438 579 584 633 aliquis
617 580 684 620 vel
717 584 835 633 pater
862 580 929 621 vel
945 578 1165 634 propinqui
1182 582 1300 620 scuto
1332 577 1572 630 frameaque
1602 575 1672 618 iuu-

144 664 325 695 5venem
352 657 516 695 ornant.
574 653 688 695 Haec
719 655 827 708 apud
869 654 963 696 illos
1003 658 1125 708 toga,
1168 653 1237 694 hic
1274 652 1430 707 primus
1474 651 1669 693 iuventae

177 727 312 768 honos
326 741 338 778 3
390 730 485 769 ante
531 727 612 768 hoc
660 728 806 770 domus
849 740 947 782 pars
985 727 1201 779 videntur,
1247 738 1345 768 mox
1372 725 1436 767 rei
1465 723 1670 779 publicae.

176 801 357 856 Insignis
390 801 582 843 nobilitas
614 806 683 844 aut
714 815 865 857 magna
894 807 1054 856 patrum
1085 798 1229 843 merita
1259 800 1458 856 principis
1489 798 1673 854 dignita-

176 880 257 916 tem
286 876 408 917 etiam
436 875 760 918 adolescentulis
793 877 1037 931 adsignant:
1082 875 1234 917 ceteris
1277 873 1584 916 robustioribus
1619 882 1670 915 ac

176 950 257 991 iam
287 950 449 1004 pridem
480 951 664 1004 probatis
700 952 995 1006 adgregantur.
1055 950 1142 992 Nec
1177 950 1307 991 rubor
1352 949 1459 990 inter
1497 947 1670 989 comites

125 1038 163 1067 ιο
177 1024 322 1078 aspici.
384 1025 545 1067 Gradus
577 1026 676 1079 quin
707 1027 831 1068 etiam
862 1026 951 1080 ipse
983 1025 1200 1066 comitatus
1231 1023 1370 1076 hahet,
1403 1022 1558 1064 iudicio
1578 1021 1670 1063 eius

175 1111 297 1153 quem
337 1104 575 1153 sectantum
621 1113 853 1157 magnaque
896 1105 936 1142 et
986 1100 1179 1142 comitum
1230 1097 1478 1151 aemulatio,
1522 1096 1669 1152 quibus

313 1277 348 1311 3.
390 1277 443 1315 (πῖ
472 1286 647 1320 superscr.
687 1277 730 1310 ab
757 1276 802 1310 al.
833 1286 877 1309 m.
911 1275 992 1309 Tum
1023 1279 1058 1309 et
1085 1274 1205 1309 littera
1232 1274 1261 1308 G
1286 1273 1455 1308 transfixa
1480 1272 1517 1307 P.
1627 1272 1663 1308 4.

169 1325 359 1370 propinqui
383 1324 407 1358 P
438 1329 474 1358 et
499 1325 589 1358 alii:
627 1326 841 1370 propinquus
878 1323 1115 1358 Fainesiunus
1143 1328 1179 1357 et
1206 1322 1281 1357 alii.
1406 1322 1441 1357 6.
1478 1306 1603 1367 νεί.Ριι.
1631 1321 1668 1355 P.

174 1373 207 1407 7.
236 1372 370 1418 diptate‘
396 1373 463 1406 litt.
491 1374 505 1406 i
529 1384 706 1417 superscr.
740 1374 834 1406 inter
869 1378 904 1417 qt
932 1374 969 1418 (i.
1000 1383 1031 1405 e.
1062 1372 1284 1417 diqnitatem‚
1309 1375 1348 1404 ut
1366 1369 1669 1426 Arundehanus)

173 1420 232 1503 ¹13¹?
236 1422 650 1518 ’,ἱὲἶίυῗῖἵῒῖξΐῒῗῗῖωη
687 1420 999 1505 δἰῗῗεὶΐῖιῖἱῑῖ
1007 1468 1043 1504 P.
1072 1421 1107 1455 ⁹
1138 1431 1239 1466 “⁹⁹''
1271 1397 1306 1453 i›
1383 1419 1437 1455 ¹⁰
1467 1419 1572 1454 “W'‘
1596 1419 1671 1464 '³²⁸⁶

953 1634 1093 1680 probati
1135 1630 1217 1667 sunt
1257 1630 1437 1677 principes
1477 1634 1596 1665 aetate
1635 1634 1671 1665 et

955 1695 1021 1718 usu
1048 1692 1223 1716 armorum
1250 1681 1483 1717 robustiores
1498 1684 1534 1714 et
1553 1678 1664 1726 longo

956 1738 1116 1776 tempore
1148 1730 1299 1775 probati.
1327 1728 1511 1775 Cogitavit
1528 1728 1572 1762 de
1585 1727 1670 1773 plu-

953 1781 1050 1814 ribus
1084 1780 1252 1814 comitum
1294 1778 1448 1812 catervis
1486 1787 1567 1811 cum
1605 1786 1669 1810 suo

955 1831 1129 1874 cuiusque
1144 1827 1319 1872 principe.
1336 1826 1433 1860 Haec
1449 1826 1559 1882 igitur
1577 1826 1670 1859 scri-

954 1879 1066 1923 ptoris
1115 1877 1296 1910 sententia
1346 1879 1420 1918 est,
1471 1873 1669 1918 principem
1695 1871 1699 1878 ¹

954 1923 1262 1960 adolescentulum
1302 1932 1381 1956 cum
1418 1923 1492 1956 suis
1526 1922 1670 1956 comiti-

954 1975 1019 2008 bus
1045 1975 1149 2018 sequi
1177 1971 1379 2016 exemplum
1404 1971 1496 2005 alius
1532 1971 1670 2015 princi-

955 2024 1009 2067 pis
1025 2023 1126 2055 annis
1150 2027 1184 2055 et
1201 2030 1377 2054 armorum
1398 2019 1549 2054 scientia
1563 2029 1671 2064 prae-

955 2070 1141 2115 fulgentis.
1204 2069 1272 2110 Qui
1317 2067 1553 2113 adyreqatur‚
1598 2077 1669 2100 non

953 2118 1142 2152 subiicitur
1172 2116 1443 2163 (coordinatur,
1478 2124 1551 2149 non
1586 2114 1669 2149 sub-

954 2167 1169 2212 ordinatur),
1196 2164 1259 2199 sed
1278 2168 1462 2198 auctorem
1489 2168 1525 2198 et
1542 2163 1669 2198 ducem

173 1637 243 1670 nisi
279 1637 416 1681 privata
456 1637 710 1672 Germanorum
753 1637 885 1672 iudicia

172 1686 374 1719 recensuit:
400 1684 438 1719 in
461 1697 549 1732 pace
576 1685 691 1720 nullus
716 1693 764 1720 est
790 1698 885 1720 com-

171 1735 284 1767 munis
316 1735 567 1780 magistratus,
613 1735 674 1768 sed
706 1736 885 1781 principes

172 1783 352 1827 reqionum
378 1789 479 1827 atquc
501 1795 672 1829 pagorum
689 1785 782 1817 inter
808 1795 885 1817 suos

171 1832 225 1864 ius
239 1831 358 1865 dicunt
374 1833 698 1877 controversiasque
713 1834 884 1866 minuant.

259 1901 342 1946 Cap.
388 1903 441 1937 13.
493 1903 583 1936 nihil
627 1909 742 1937 autem
775 1915 885 1947 neque

170 1949 332 1995 publicae
366 1961 477 1994 neque
518 1949 681 1997 privatae
724 1953 777 1985 ret
817 1952 886 1985 nisi

172 1999 303 2032 armati
328 2006 457 2042 ayunt.-
494 2009 572 2032 cum
600 2001 705 2033 armis
736 2001 886 2034 veniunt

172 2047 207 2079 in
240 2046 432 2080 concilium
473 2051 508 2080 et
552 2047 697 2091 publica
738 2049 885 2103 negotia

172 2098 353 2136 tr‚actant
399 2095 524 2128 armati
564 2106 626 2140 per
660 2106 773 2141 pagos
809 2096 885 2129 iura

173 2142 325 2185 dicunt3
374 2143 416 2177 ad
459 2140 524 2176 hos
560 2154 688 2178 nomen
723 2146 884 2189 privatae

172 2191 227 2225 rei
252 2188 419 2235 pertinet.
449 2187 539 2226 Galli
561 2193 595 2225 in
615 2192 778 2226 conciliis
797 2192 884 2227 belli

172 2239 391 2284 suscipiendi
414 2249 520 2273 causa
546 2239 676 2274 habitis
705 2250 800 2274 arma
817 2252 884 2287 ge-

171 2287 336 2322 stabant.
388 2286 520 2322 Caesar
557 2289 585 2321 V
612 2285 683 2332 56,
738 2288 797 2322 v11
826 2291 882 2323 21.

171 2337 338 2382 Antiquis
365 2337 584 2380 temporibus
620 2338 725 2370 etiam
759 2336 884 2371 Graeci

171 2395 312 2429 semper
339 2385 374 2417 in
406 2386 532 2418 armis:
559 2384 782 2429 Thucydides
809 2384 824 2418 Ι
848 2385 882 2420 6.

229 2455 318 2488 haec
343 2455 436 2500 apud
460 2455 538 2489 illos
556 2462 659 2501 coya:
689 2467 784 2490 arma
805 2455 886 2491 data

171 2503 265 2537 idem
291 2503 413 2537 valent
449 2504 542 2548 quod
577 2504 670 2548 apud
705 2515 770 2537 nos
797 2509 884 2550 toga

170 2550 309 2585 virilis:
343 2561 421 2584 nam
452 2552 594 2585 virilem
620 2557 739 2597 togam
770 2553 883 2586 intel-

171 2600 238 2646 ligi
276 2600 437 2644 proxima
463 2599 667 2646 significant
707 2601 779 2647 (hic
803 2602 882 2646 Ρνὶ-

173 2659 248 2683 mus
272 2649 436 2683 iuventae
461 2649 598 2696 hones).

229 2719 334 2752 etiam
359 2718 648 2753 adolescentulis.-
677 2720 712 2753 in
734 2730 882 2753 numero

171 2766 522 2801 adolescentulorum
546 2769 607 2813 qui
625 2768 810 2803 suffecturi
825 2779 883 2801 ar-

171 2816 237 2848 mis
267 2816 334 2848 iam
362 2816 501 2860 probati
529 2821 622 2850 sunt.

261 2888 384 2920 ceteris
426 2884 676 2921 robustioribus
728 2895 773 2921 no
813 2887 886 2920 iam

168 2933 305 2978 pridem
331 2935 489 2980 probatis
516 2936 783 2981 adqreyantm·:
819 2945 883 2968 ce-

172 2982 241 3017 teri
281 2982 507 3034 *robustiores
549 2988 585 3018 et
627 2984 698 3018 iam
746 2983 884 3030 pridem

954 2216 1004 2249 ita
1029 2219 1164 2247 tantum
1194 2214 1378 2258 sequitur,
1415 2216 1453 2245 ut
1497 2213 1574 2247 eius
1603 2219 1670 2246 ex-

955 2263 1074 2307 emplo
1103 2267 1139 2296 et
1166 2263 1294 2306 peritia
1320 2265 1450 2295 utatur.
1494 2261 1554 2295 Sic
1579 2259 1670 2294 haec

957 2311 1069 2345 verba
1095 2316 1132 2344 ut
1159 2309 1388 2355 accipiamus,
1415 2308 1565 2343 suadent
1585 2316 1670 2354 pro-

956 2361 1049 2393 xima
1079 2363 1113 2392 et
1139 2358 1317 2393 contraria
1350 2366 1416 2391 nee
1441 2357 1550 2391 rubor
1575 2357 1670 2391 inter

955 2408 1094 2441 comites
1121 2409 1259 2453 aspici:
1300 2405 1355 2440 his
1393 2406 1488 2439 enim
1517 2405 1670 2439 alterum

953 2461 988 2490 et
1029 2466 1162 2489 novum
1199 2455 1364 2489 infertur.
1440 2453 1669 2488 Theodisce:

952 2503 1043 2538 auch
1070 2504 1186 2548 brinyt
1220 2515 1254 2536 es
1289 2501 1530 2549 (anderseits)
1566 2501 1669 2535 keine

953 2551 1118 2585 Sokande
1143 2556 1247 2584 unter
1273 2550 1348 2583 dem
1368 2550 1512 2595 Gefolqe
1537 2561 1579 2583 zu
1605 2560 1666 2583 er-

953 2600 1132 2634 schemen.
1152 2597 1290 2633 ‘Etiam
1318 2597 1386 2632 hoc
1413 2597 1457 2633 d‘e
1484 2595 1667 2631 nobilibus

954 2646 1087 2682 dictum
1115 2657 1194 2681 esse
1224 2648 1286 2681 vix
1314 2656 1401 2691 opus
1434 2645 1488 2681 est
1525 2650 1564 2679 ut
1588 2655 1670 2680 mo-

954 2707 1068 2730 neam.
1121 2695 1232 2740 Lipsii
1278 2696 1486 2729 coniectura
1528 2691 1669 2740 (ceteri)

955 2744 1170 2778 sententiam
1217 2744 1410 2787 corrumpit
1451 2745 1669 2788 evertitque.

955 2792 1179 2826 Doederlinii
1208 2792 1400 2836 explicatio
1412 2788 1572 2826 Tacitum
1583 2780 1670 2824 red-

955 2841 1004 2874 dit
1036 2840 1246 2883 obscurum,·
1275 2839 1331 2873 dir·
1315 2841 1382 2873 cit.
1407 2838 1671 2873 ‘nobilissimo-

954 2899 1030 2922 rum
1061 2887 1124 2922 filii
1153 2888 1290 2922 etiamsi
1317 2889 1385 2921 iam
1408 2882 1670 2921 adolescentuli

954 2936 1202 2983 dignationem
1230 2936 1402 2990 principis
1427 2934 1573 2978 habent,
1597 2933 1670 2969 vim

955 2990 1078 3020 tamen
1121 2989 1157 3020 et
1198 2984 1325 3020 muniis
1372 2983 1547 3029 principis
1596 2991 1669 3017 non
