1768 3216
752 209 888 245 LIBER
913 209 972 245 ΙΙΙ.
1545 215 1616 249 193

118 324 301 361 Vitelliani
331 326 371 360 in
401 327 525 371 fuqam
555 327 707 361 coniecti
741 327 952 362 Cremonam
993 339 1030 362 se
1055 328 1233 374 recipiunt
1268 328 1438 375 (19—25
1450 330 1477 377 ).
1541 331 1616 373 Quo

112 397 191 421 eum
213 387 309 423 venit
338 386 530 421 Flavianus
558 388 744 431 exercitus,
770 399 898 422 novum
923 390 1193 434 immensumque
1218 400 1304 435 opus
1330 390 1499 424 occurrit.
1541 391 1616 424 Ca-

110 452 187 490 stra
213 452 246 481 et
270 446 402 481 vallum
426 447 551 494 oppido
577 448 797 482 circumdata
826 448 1027 483 Othoniano
1059 448 1146 483 bello
1172 460 1194 483 a
1223 449 1435 483 Germanico
1459 452 1617 486 exercitu

110 507 250 542 invadit
274 507 451 542 Antonius
477 520 555 542 cum
579 508 688 543 milite
711 509 871 555 praedae
896 510 1022 552 acido‚·
1053 515 1131 556 post
1162 516 1345 543 cruentam
1370 522 1524 556 puynam
1550 522 1616 544 ca-

106 568 255 614 piuntur
279 568 468 615 (26—29).
521 569 592 603 Sed
616 580 710 603 nova
737 569 897 604 laborum
922 571 1060 615 facies,
1097 570 1214 603 ardua
1239 571 1336 604 urbis
1363 572 1524 614 moenia,
1553 583 1616 606 sa-

108 639 201 663 xeae
229 633 359 671 turres,
384 629 517 674 ferrati
538 635 725 675 portarum
751 630 891 673 obices,
917 631 1043 676 inqens
1070 631 1174 677 copia
1202 630 1368 674 militum,
1398 631 1616 666 Cremonen-

109 682 159 724 sis
178 689 328 735 populus
353 689 513 735 partibus
546 689 743 725 Vitellianis
774 691 968 725 obstn’ctus.
1029 691 1297 737 Oppuynatione
1332 698 1457 738 coepta
1482 692 1614 739 lanqu-

110 760 229 783 escere
252 749 428 796 incipiunt
459 749 728 785 Vitellianorum
753 752 877 793 animi,
901 751 984 785 urbs
1009 751 1166 794 deditur,
1194 752 1237 785 ab
1262 753 1478 798 irrumpente
1504 752 1614 787 milite

110 820 184 844 non
209 810 286 844 sine
311 810 467 855 infamia
489 811 639 845 Antonii
661 812 810 846 incensa
835 818 868 846 et
893 812 1034 858 direpta
1061 813 1252 859 (30—35).

246 869 334 916 Cap.
362 871 535 906 36-133:
582 871 712 905 Vitellii
744 884 802 906 res
829 873 868 905 in
896 872 969 906 dies
1000 872 1174 913 deterior,
1218 872 1433 919 Vespasiano
1466 875 1615 918 fortuna

111 929 242 976 ubique·
259 930 428 965 secunda.
482 931 525 965 ln
549 931 635 965 urbe
670 931 825 966 Vitellius
851 934 946 967 curis
985 932 1106 966 luxum
1139 932 1318 975 obtendit,
1358 934 1407 967 ad
1430 935 1615 968 saevitiam

105 989 259 1024 inclinat
273 1002 287 1034 ,-
311 990 470 1025 Publium
493 991 664 1026 Sabinum
690 992 731 1026 ob
755 993 950 1026 amicitiam
975 1004 1053 1026 cum
1078 992 1237 1026 Caecina
1262 993 1393 1027 vinciri
1417 994 1520 1037 iubet,
1551 995 1614 1029 Iu-

107 1051 206 1084 nium
230 1049 395 1085 Blaesum
423 1062 557 1085 veneno
585 1051 675 1086 tollit
702 1052 891 1099 (36-39).
947 1052 1072 1086 Fabius
1106 1052 1235 1087 Valens
1265 1053 1314 1086 ad
1338 1053 1464 1088 bellum
1486 1057 1612 1100 profe-

107 1116 183 1146 etus
209 1110 359 1146 classem
385 1111 553 1157 defecisse
579 1113 728 1158 accepit,
755 1112 861 1158 foeda
888 1114 1113 1147 cunctatione
1137 1119 1253 1147 terens
1279 1119 1421 1160 tempus.
1478 1116 1613 1149 Perra-

106 1171 191 1215 dere
223 1171 272 1206 ad
308 1173 501 1206 exercitum
538 1184 611 1206 non
643 1184 749 1207 ausus
782 1174 821 1207 in
859 1172 1037 1207 Umbriam
1069 1174 1166 1218 flea-it
1202 1180 1234 1207 et
1271 1173 1487 1218 Etruriam;
1529 1175 1615 1210 bine

104 1231 371 1267 Narbonensem
394 1233 550 1268 Galliam
571 1231 742 1279 petiturus
776 1239 808 1267 et
846 1233 982 1267 delatus
1011 1233 1059 1267 ad
1083 1234 1304 1268 Stoechadas
1332 1235 1612 1270 Massiliensium

103 1291 241 1327 insulas
266 1293 406 1339 eapitur
431 1304 455 1327 a
481 1292 630 1327 Paulino
667 1293 875 1339 Vespasiani
908 1294 1023 1328 amico
1051 1294 1239 1341 (tw—431.
1306 1294 1382 1328 Iam
1409 1301 1538 1330 cuncta
1564 1296 1613 1330 ad

103 1353 249 1387 victoris
273 1364 354 1400 opes
381 1365 572 1396 conversa,
609 1353 786 1400 Hispania
814 1353 1020 1398 Galliaque,
1060 1355 1166 1388 etiam
1193 1355 1383 1389 Britannia
1419 1357 1609 1405 (44-45).

105 1412 175 1447 Per
199 1413 338 1448 eosdem
363 1413 437 1448 dies
470 1414 510 1448 in
537 1414 732 1448 Germania
765 1426 875 1460 prope
909 1415 1045 1460 afflicta
1074 1415 1239 1449 Romana
1267 1427 1348 1458 res,·
1381 1421 1475 1449 mota
1506 1417 1613 1450 etiam

110 1474 294 1509 Dacorum
318 1486 405 1521 qens
438 1479 472 1510 et
495 1486 660 1521 repressa
686 1486 710 1508 a
736 1475 907 1509 Muciano
948 1486 1025 1509 cum
1056 1475 1189 1509 viribus
1216 1475 1371 1509 Orientis
1407 1475 1493 1510 illuc
1525 1476 1611 1512 lato.

103 1534 230 1575 Subita
252 1547 318 1581 per
344 1535 491 1569 Pontum
516 1547 620 1569 arma
644 1537 750 1570 movit
776 1536 943 1570 Anicetus
970 1535 1166 1569 Polemonis
1193 1535 1357 1579 libertus,
1396 1549 1478 1570 mox
1501 1539 1612 1572 victus

105 1600 139 1629 et
162 1596 305 1642 punitus
334 1607 358 1629 a
390 1595 511 1629 Virdio
539 1596 694 1630 Gemino.
754 1596 1006 1642 Vespasianum
1033 1597 1167 1630 cunctis
1194 1608 1298 1641 super
1323 1602 1404 1630 rota
1427 1597 1611 1642 fluentibus

105 1653 236 1689 laetum
257 1655 503 1690 Cremonensis
525 1656 655 1701 proelii
680 1657 823 1690 nuntius
850 1657 886 1689 in
914 1655 1068 1701 Aeyypto
1096 1657 1304 1700 assequitur.
1350 1656 1611 1691 Alexandriam

101 1715 219 1761 pergil
244 1716 434 1762 (ao-48).
487 1714 597 1749 Primi
622 1715 771 1749 Antonii
802 1721 882 1761 post
907 1716 1092 1751 victoriam
1128 1715 1295 1758 licentia3
1333 1717 1363 1749 is
1401 1727 1478 1750 cum
1504 1723 1608 1762 parte

105 1776 280 1810 exercitus
303 1781 415 1810 movet
441 1775 489 1809 ad
515 1775 649 1809 Fanum
676 1776 853 1809 Fortunae
878 1776 917 1809 in
948 1775 1102 1819 Umbria,
1131 1776 1312 1821 Apennini
1336 1777 1416 1822 iuqo
1443 1788 1467 1810 a
1498 1777 1608 1812 Vitel-

104 1835 213 1870 lianis
239 1835 411 1870 discretus
437 1836 646 1881 (ms-50).
712 1837 816 1870 Rara
852 1848 897 1870 ac
920 1838 1065 1881 nefaria
1098 1836 1254 1870 aicdacia
1289 1836 1409 1871 militis
1433 1839 1605 1883 gregarii.

103 1896 237 1930 Aerior
263 1889 363 1942 ap'ud
390 1897 544 1930 maiores
577 1897 791 1942 [layitiorum
820 1897 1055 1942 paenitentia.
1117 1897 1217 1931 Inter
1249 1897 1353 1931 duces
1389 1897 1606 1941 obtrectatio,

104 1956 280 1991 Antonius
303 1956 430 1990 litteris
457 1957 506 1990 ad
538 1956 791 2002 Vespasianum
814 1958 927 1991 missis
968 1957 1009 1990 de
1037 1957 1205 1991 Muciano
1233 1958 1391 2002 queritur
1417 1958 1606 2007 (51-53).

111 2015 268 2051 Vitellius
293 2018 422 2062 fractis
447 2017 543 2063 apud
568 2017 779 2051 Cremonam
818 2017 922 2051 rebus
946 2019 1088 2051 nuntios
1124 2017 1237 2051 cladis
1273 2017 1375 2051 stulte
1401 2018 1607 2053 dissimulat.

103 2077 278 2118 Notabilis
303 2078 505 2112 constantia
530 2084 562 2111 et
582 2078 669 2122 fides
694 2078 778 2112 Iulii
794 2078 954 2123 Agrestis
970 2080 1061 2125 (54).
1112 2079 1264 2112 Tandem
1286 2091 1304 2112 e
1328 2090 1447 2112 somno
1475 2080 1608 2113 excitus

111 2137 268 2172 Vitellius
292 2139 431 2184 maguis
457 2139 567 2184 copiis
586 2138 713 2172 Iulium
736 2137 891 2172 Priscum
912 2144 944 2172 et
960 2138 1126 2183 Alfenum
1154 2139 1283 2173 Varum
1308 2139 1466 2173 obsidere
1485 2139 1607 2185 Apen-

102 2198 225 2231 ninum
248 2197 364 2241 iuba,-
409 2204 548 2232 ceterae
581 2198 742 2232 cohortes
779 2198 826 2232 ad
855 2198 1019 2232 tuendam
1044 2199 1164 2232 urbem
1190 2199 1299 2232 Lucio
1334 2199 1471 2233 Vitellio
1498 2201 1608 2244 fratri

105 2257 221 2291 datae.
288 2246 365 2303 lpse
399 2259 582 2303 flagitante
617 2259 775 2292 exercitu
804 2259 1007 2292 Mevaniam
1035 2259 1295 2305 proficiscitur,
1331 2260 1480 2303 i9narus
1513 2259 1605 2301 belli,

104 2316 259 2363 trepidus
290 2317 440 2351 consilii.
495 2317 622 2351 Taedio
652 2324 848 2351 castrorum
883 2324 914 2352 et
953 2318 1077 2352 audita
1106 2319 1228 2352 classis
1257 2318 1467 2351 Misenensis
1505 2318 1606 2363 defe-

104 2376 219 2410 ctione
248 2377 398 2411 Romam
421 2378 825 2424 revertitur,(55-56).
878 2378 1035 2413 Classem
1070 2379 1119 2412 ad
1147 2379 1251 2423 {idem
1283 2390 1455 2412 revocare
1480 2378 1605 2420 studet,

102 2436 165 2471 sed
186 2438 325 2482 [rastra
349 2437 609 2485 (57).19··1ur
634 2438 782 2472 Lucium
816 2438 989 2472 Vitellium
1021 2440 1172 2484 fratrem
1200 2440 1381 2484 ingruenti
1401 2451 1467 2485 per
1495 2439 1605 2473 Cam-

99 2497 248 2542 paniam
275 2496 364 2531 bello
391 2498 548 2543 opposuit
573 2498 667 2544 (58).
720 2497 890 2531 Flaviani
914 2498 1139 2544 Apenninum
1164 2500 1380 2544 transgressi
1403 2505 1508 2544 sunt,·
1538 2499 1604 2532 du-

103 2558 323 2604 cespartium
341 2557 511 2592 Carsulas
524 2569 651 2592 venere
662 2570 676 2601 ‚·
702 2558 827 2592 milites
844 2558 1005 2593 indomiti
1018 2559 1062 2592 ab
1075 2559 1227 2593 Antonio
1250 2560 1402 2605 mitiqati
1416 2559 1604 2603 (59—60).

105 2617 139 2651 E
164 2617 364 2652 cohortibus
399 2617 598 2652 Vitellianis
623 2619 738 2663 (ipsae
764 2618 941 2652 Narniam
966 2631 1003 2653 se
1028 2622 1253 2665 receperant)
1290 2619 1417 2652 crebra
1444 2619 1605 2661 transsu-

102 2677 177 2721 ρέα,
203 2682 343 2711 ceterae
367 2682 533 2711 nutantes
557 2678 651 2723 (61).
706 2678 833 2712 Fabius
866 2679 996 2713 Valens
1028 2679 1152 2714 Urbini
1186 2681 1224 2713 in
1251 2678 1408 2713 custodia
1433 2677 1606 2720 interfici-

105 2741 174 2770 tur.
226 2735 334 2769 Cuius
357 2736 466 2770 caede
490 2733 567 2770 cisa
591 2738 632 2770 in
661 2737 940 2783 desperationem
974 2741 1069 2773 versi
1101 2739 1280 2773 Vitelliani
1304 2739 1343 2771 in
1368 2742 1492 2782 partes
1519 2735 1607 2770 Fla-

103 2796 232 2829 vianas
258 2795 423 2830 Narniae
450 2802 697 2831 concesserunt
722 2799 913 2843 (62—63).

214 2855 221 2858 ’
242 2861 330 2908 Cap.
356 2861 543 2897 64-86:
594 2861 725 2897 Vitellii
746 2870 935 2909 postrema.
1010 2862 1167 2897 Vitellius
1202 2873 1278 2896 cum
1316 2862 1439 2896 Flavio
1474 2862 1607 2896 Sabino

104 2921 222 2966 fratre
255 2920 462 2967 Vespasiani
488 2921 530 2955 de
553 2921 702 2966 imperio
728 2922 931 2968 deponendo
952 2923 1169 2968 paciscitur,
1196 2927 1265 2956 tum
1288 2921 1412 2968 palam
1438 2922 1479 2955 de
1500 2923 1608 2967 prin-

107 2981 227 3028 cipatu
252 2980 422 3016 decedens
456 2981 579 3028 populi
603 2981 716 3016 studio
750 2987 783 3016 et
807 2985 931 3028 ftarore
963 2981 1084 3016 militis
1108 2982 1335 3028 praetoriani
1366 2983 1406 3016 in
1433 2980 1609 3016 Palatium

213 3059 339 3088 ‘faenus
359 3059 412 3091 ιιι
563 3049 568 3052 '
1347 3041 1398 3083 13
