<?xml version="1.0" encoding="UTF-8"?>
<!DOCTYPE html PUBLIC "-//W3C//DTD XHTML 1.0 Transitional//EN"
    "http://www.w3.org/TR/xhtml1/DTD/xhtml1-transitional.dtd">
<html xmlns="http://www.w3.org/1999/xhtml" xml:lang="en" lang="en">
 <head>
  <title>
</title>
<meta http-equiv="Content-Type" content="text/html;charset=utf-8" />
  <meta name='ocr-system' content='tesseract 3.04.00' />
  <meta name='ocr-capabilities' content='ocr_page ocr_carea ocr_par ocr_line ocrx_word'/>
</head>
<body>
  <div class='ocr_page' id='page_1' title='image "./operaadcodicesan03taciuoft/operaadcodicesan03taciuoft_0122.png"; bbox 0 0 1768 3216; ppageno 0'>
   <div class='ocr_carea' id='block_1_1' title="bbox 1596 0 1768 227">
    <p class='ocr_par' dir='ltr' id='par_1_1' title="bbox 1596 0 1768 227">
     <span class='ocr_line' id='line_1_1' title="bbox 1596 0 1768 227; baseline 0 0"><span class='ocrx_word' id='word_1_1' title='bbox 1596 0 1768 227; x_wconf 95' lang='lat' dir='ltr'>  </span> 
     </span>
    </p>
   </div>
   <div class='ocr_carea' id='block_1_2' title="bbox 162 186 1768 279">
    <p class='ocr_par' dir='ltr' id='par_1_2' title="bbox 162 186 1768 282">
     <span class='ocr_line' id='line_1_2' title="bbox 162 186 1768 279; baseline -0.006 -15"><span class='ocrx_word' id='word_1_2' title='bbox 162 230 232 266; x_wconf 79' lang='lat'>112</span> <span class='ocrx_word' id='word_1_3' title='bbox 742 223 1046 261; x_wconf 76' lang='lat' dir='ltr'>His&#39;romAnvM</span> <span class='ocrx_word' id='word_1_4' title='bbox 1437 231 1470 255; x_wconf 80' lang='lat' dir='ltr'>a.</span> <span class='ocrx_word' id='word_1_5' title='bbox 1498 230 1535 257; x_wconf 88' lang='lat' dir='ltr'>u.</span> <span class='ocrx_word' id='word_1_6' title='bbox 1555 215 1647 263; x_wconf 57' lang='lat' dir='ltr'>aaa.</span> <span class='ocrx_word' id='word_1_7' title='bbox 1700 186 1768 279; x_wconf 72' lang='lat'><em>=</em></span> 
     </span>
    </p>
   </div>
   <div class='ocr_carea' id='block_1_3' title="bbox 97 325 1711 1591">
    <p class='ocr_par' dir='ltr' id='par_1_3' title="bbox 97 325 1711 1591">
     <span class='ocr_line' id='line_1_3' title="bbox 159 325 1650 409; baseline -0.009 -21"><span class='ocrx_word' id='word_1_8' title='bbox 159 347 290 389; x_wconf 89' lang='lat' dir='ltr'>ritas:</span> <span class='ocrx_word' id='word_1_9' title='bbox 323 345 494 389; x_wconf 89' lang='lat' dir='ltr'>Suedius</span> <span class='ocrx_word' id='word_1_10' title='bbox 522 343 710 385; x_wconf 87' lang='lat' dir='ltr'>Clemens</span> <span class='ocrx_word' id='word_1_11' title='bbox 742 341 960 384; x_wconf 92' lang='lat' dir='ltr'>ambitioso</span> <span class='ocrx_word' id='word_1_12' title='bbox 992 339 1165 395; x_wconf 89' lang='lat' dir='ltr'>imperio</span> <span class='ocrx_word' id='word_1_13' title='bbox 1196 337 1384 393; x_wconf 86' lang='lat' dir='ltr'>regebat,</span> <span class='ocrx_word' id='word_1_14' title='bbox 1415 342 1461 381; x_wconf 93' lang='lat' dir='ltr'>ut</span> <span class='ocrx_word' id='word_1_15' title='bbox 1491 325 1650 409; x_wconf 40' lang='lat' dir='ltr'>Qe-</span> 
     </span>
     <span class='ocr_line' id='line_1_4' title="bbox 158 413 1660 470; baseline -0.005 -7"><span class='ocrx_word' id='word_1_16' title='bbox 158 433 227 463; x_wconf 89' lang='lat' dir='ltr'>sus</span> <span class='ocrx_word' id='word_1_17' title='bbox 259 420 495 462; x_wconf 85' lang='lat' dir='ltr'>modestiam</span> <span class='ocrx_word' id='word_1_18' title='bbox 528 416 770 470; x_wconf 89' lang='lat' dir='ltr'>disciplinae</span> <span class='ocrx_word' id='word_1_19' title='bbox 806 418 1049 469; x_wconf 89' lang='lat' dir='ltr'>corruptus,</span> <span class='ocrx_word' id='word_1_20' title='bbox 1094 415 1148 455; x_wconf 89' lang='lat' dir='ltr'>ita</span> <span class='ocrx_word' id='word_1_21' title='bbox 1187 413 1444 468; x_wconf 82' lang='lat' dir='ltr'>proeliorum</span> <span class='ocrx_word' id='word_1_22' title='bbox 1483 413 1660 459; x_wconf 29' lang='lat' dir='ltr'>avidus...</span> 
     </span>
     <span class='ocr_line' id='line_1_5' title="bbox 156 488 1706 544; baseline -0.005 -8"><span class='ocrx_word' id='word_1_23' title='bbox 156 494 245 537; x_wconf 94' lang='lat' dir='ltr'>Non</span> <span class='ocrx_word' id='word_1_24' title='bbox 275 494 386 535; x_wconf 89' lang='lat' dir='ltr'>Italia</span> <span class='ocrx_word' id='word_1_25' title='bbox 417 491 522 533; x_wconf 90' lang='lat' dir='ltr'>adiri</span> <span class='ocrx_word' id='word_1_26' title='bbox 552 504 629 533; x_wconf 91' lang='lat' dir='ltr'>nec</span> <span class='ocrx_word' id='word_1_27' title='bbox 659 491 752 532; x_wconf 88' lang='lat' dir='ltr'>loca</span> <span class='ocrx_word' id='word_1_28' title='bbox 783 490 991 544; x_wconf 89' lang='lat' dir='ltr'>sedesque</span> <span class='ocrx_word' id='word_1_29' title='bbox 1021 489 1180 543; x_wconf 78' lang='lat' dir='ltr'>patriae</span> <span class='ocrx_word' id='word_1_30' title='bbox 1219 488 1489 530; x_wconf 85' lang='lat' dir='ltr'>videbantur:</span> <span class='ocrx_word' id='word_1_31' title='bbox 1535 492 1665 533; x_wconf 33' lang='lat' dir='ltr'>tam-¹..</span> <span class='ocrx_word' id='word_1_32' title='bbox 1703 526 1706 528; x_wconf 75' lang='grc'>,</span> 
     </span>
     <span class='ocr_line' id='line_1_6' title="bbox 156 565 1666 622; baseline -0.005 -12"><span class='ocrx_word' id='word_1_33' title='bbox 156 581 272 622; x_wconf 85' lang='lat' dir='ltr'>quam</span> <span class='ocrx_word' id='word_1_34' title='bbox 315 571 483 608; x_wconf 86' lang='lat' dir='ltr'>externa</span> <span class='ocrx_word' id='word_1_35' title='bbox 524 566 646 608; x_wconf 89' lang='lat' dir='ltr'>litora</span> <span class='ocrx_word' id='word_1_36' title='bbox 687 570 726 606; x_wconf 92' lang='lat' dir='ltr'>et</span> <span class='ocrx_word' id='word_1_37' title='bbox 764 566 890 608; x_wconf 91' lang='lat' dir='ltr'>urbes</span> <span class='ocrx_word' id='word_1_38' title='bbox 922 565 1100 607; x_wconf 92' lang='lat' dir='ltr'>hostium</span> <span class='ocrx_word' id='word_1_39' title='bbox 1131 576 1253 605; x_wconf 90' lang='lat' dir='ltr'>urere</span> <span class='ocrx_word' id='word_1_40' title='bbox 1283 567 1450 605; x_wconf 85' lang='lat' dir='ltr'>vastare</span> <span class='ocrx_word' id='word_1_41' title='bbox 1480 575 1666 618; x_wconf 76' lang='lat' dir='ltr'>rapere„</span> 
     </span>
     <span class='ocr_line' id='line_1_7' title="bbox 123 637 1644 695; baseline -0.002 -12"><span class='ocrx_word' id='word_1_42' title='bbox 123 654 203 684; x_wconf 72' lang='lat' dir='ltr'>seo</span> <span class='ocrx_word' id='word_1_43' title='bbox 242 641 421 683; x_wconf 85' lang='lat' dir='ltr'>atrocius</span> <span class='ocrx_word' id='word_1_44' title='bbox 460 640 569 695; x_wconf 90' lang='lat' dir='ltr'>quod</span> <span class='ocrx_word' id='word_1_45' title='bbox 609 640 709 684; x_wconf 91' lang='lat' dir='ltr'>nihil</span> <span class='ocrx_word' id='word_1_46' title='bbox 748 652 919 693; x_wconf 82' lang='lat' dir='ltr'>usquam</span> <span class='ocrx_word' id='word_1_47' title='bbox 967 639 1179 693; x_wconf 89' lang='lat' dir='ltr'>provisum</span> <span class='ocrx_word' id='word_1_48' title='bbox 1227 637 1451 679; x_wconf 84' lang='lat' dir='ltr'>adversum</span> <span class='ocrx_word' id='word_1_49' title='bbox 1496 641 1644 680; x_wconf 83' lang='lat' dir='ltr'>metus.</span> 
     </span>
     <span class='ocr_line' id='line_1_8' title="bbox 151 711 1644 770; baseline -0.002 -14"><span class='ocrx_word' id='word_1_50' title='bbox 151 715 261 758; x_wconf 91' lang='lat' dir='ltr'>Pleni</span> <span class='ocrx_word' id='word_1_51' title='bbox 292 715 402 770; x_wconf 84' lang='lat' dir='ltr'>agri,</span> <span class='ocrx_word' id='word_1_52' title='bbox 435 718 602 769; x_wconf 86' lang='lat' dir='ltr'>apertae</span> <span class='ocrx_word' id='word_1_53' title='bbox 634 714 791 755; x_wconf 91' lang='lat' dir='ltr'>domus.</span> <span class='ocrx_word' id='word_1_54' title='bbox 857 713 1137 754; x_wconf 87' lang='lat' dir='ltr'>Occursantes</span> <span class='ocrx_word' id='word_1_55' title='bbox 1181 711 1340 753; x_wconf 92' lang='lat' dir='ltr'>domini</span> <span class='ocrx_word' id='word_1_56' title='bbox 1378 711 1490 754; x_wconf 85' lang='lat' dir='ltr'>iuxta</span> <span class='ocrx_word' id='word_1_57' title='bbox 1535 723 1644 753; x_wconf 89' lang='lat' dir='ltr'>con-</span> 
     </span>
     <span class='ocr_line' id='line_1_9' title="bbox 150 786 1639 844; baseline -0.001 -15"><span class='ocrx_word' id='word_1_58' title='bbox 150 790 267 844; x_wconf 85' lang='lat' dir='ltr'>iuges</span> <span class='ocrx_word' id='word_1_59' title='bbox 301 793 341 830; x_wconf 85' lang='lat' dir='ltr'>et</span> <span class='ocrx_word' id='word_1_60' title='bbox 369 789 523 831; x_wconf 87' lang='lat' dir='ltr'>liberos</span> <span class='ocrx_word' id='word_1_61' title='bbox 554 788 773 831; x_wconf 82' lang='lat' dir='ltr'>securitate</span> <span class='ocrx_word' id='word_1_62' title='bbox 812 787 926 841; x_wconf 82' lang='lat' dir='ltr'>pacis</span> <span class='ocrx_word' id='word_1_63' title='bbox 971 791 1011 828; x_wconf 91' lang='lat' dir='ltr'>et</span> <span class='ocrx_word' id='word_1_64' title='bbox 1047 786 1145 828; x_wconf 93' lang='lat' dir='ltr'>belli</span> <span class='ocrx_word' id='word_1_65' title='bbox 1187 786 1293 827; x_wconf 87' lang='lat' dir='ltr'>malo</span> <span class='ocrx_word' id='word_1_66' title='bbox 1327 786 1639 828; x_wconf 89' lang='lat' dir='ltr'>circumvenie-</span> 
     </span>
     <span class='ocr_line' id='line_1_10' title="bbox 368 861 1642 916; baseline -0.001 -10"><span class='ocrx_word' id='word_1_67' title='bbox 368 864 590 906; x_wconf 89' lang='lat' dir='ltr'>Maritimas</span> <span class='ocrx_word' id='word_1_68' title='bbox 621 867 702 904; x_wconf 93' lang='lat' dir='ltr'>tum</span> <span class='ocrx_word' id='word_1_69' title='bbox 731 862 859 916; x_wconf 89' lang='lat' dir='ltr'>Alpes</span> <span class='ocrx_word' id='word_1_70' title='bbox 890 862 1057 904; x_wconf 87' lang='lat' dir='ltr'>tenebat</span> <span class='ocrx_word' id='word_1_71' title='bbox 1086 865 1337 915; x_wconf 88' lang='lat' dir='ltr'>procurator</span> <span class='ocrx_word' id='word_1_72' title='bbox 1365 861 1520 904; x_wconf 88' lang='lat' dir='ltr'>Marius</span> <span class='ocrx_word' id='word_1_73' title='bbox 1547 861 1642 905; x_wconf 80' lang='lat' dir='ltr'>Ma-</span> 
     </span>
     <span class='ocr_line' id='line_1_11' title="bbox 150 937 1642 994; baseline -0.001 -14"><span class='ocrx_word' id='word_1_74' title='bbox 150 944 277 982; x_wconf 90' lang='lat' dir='ltr'>turus.</span> <span class='ocrx_word' id='word_1_75' title='bbox 338 939 375 981; x_wconf 92' lang='lat' dir='ltr'>Is</span> <span class='ocrx_word' id='word_1_76' title='bbox 407 939 571 980; x_wconf 89' lang='lat' dir='ltr'>concita</span> <span class='ocrx_word' id='word_1_77' title='bbox 601 942 726 994; x_wconf 84' lang='lat' dir='ltr'>gente</span> <span class='ocrx_word' id='word_1_78' title='bbox 755 944 855 990; x_wconf 87' lang='lat' dir='ltr'>(nec</span> <span class='ocrx_word' id='word_1_79' title='bbox 888 938 1007 979; x_wconf 83' lang='lat' dir='ltr'>deest</span> <span class='ocrx_word' id='word_1_80' title='bbox 1039 937 1253 989; x_wconf 84' lang='lat' dir='ltr'>iuventus)</span> <span class='ocrx_word' id='word_1_81' title='bbox 1285 949 1433 979; x_wconf 88' lang='lat' dir='ltr'>arcere</span> <span class='ocrx_word' id='word_1_82' title='bbox 1462 937 1642 992; x_wconf 88' lang='lat' dir='ltr'>provin-</span> 
     </span>
     <span class='ocr_line' id='line_1_12' title="bbox 101 1010 1643 1066; baseline 0.001 -14"><span class='ocrx_word' id='word_1_83' title='bbox 101 1014 243 1055; x_wconf 75' lang='lat' dir='ltr'>iociae</span> <span class='ocrx_word' id='word_1_84' title='bbox 294 1014 441 1055; x_wconf 89' lang='lat' dir='ltr'>finibus</span> <span class='ocrx_word' id='word_1_85' title='bbox 481 1013 737 1055; x_wconf 88' lang='lat' dir='ltr'>Othonianos</span> <span class='ocrx_word' id='word_1_86' title='bbox 788 1012 974 1054; x_wconf 79' lang='lat' dir='ltr'>intendit.</span> <span class='ocrx_word' id='word_1_87' title='bbox 1036 1012 1117 1054; x_wconf 88' lang='lat' dir='ltr'>Sed</span> <span class='ocrx_word' id='word_1_88' title='bbox 1158 1012 1291 1066; x_wconf 91' lang='lat' dir='ltr'>primo</span> <span class='ocrx_word' id='word_1_89' title='bbox 1338 1012 1489 1066; x_wconf 89' lang='lat' dir='ltr'>impetu</span> <span class='ocrx_word' id='word_1_90' title='bbox 1526 1010 1643 1054; x_wconf 88' lang='lat' dir='ltr'>caesi</span> 
     </span>
     <span class='ocr_line' id='line_1_13' title="bbox 153 1086 1641 1142; baseline -0.001 -12"><span class='ocrx_word' id='word_1_91' title='bbox 153 1088 394 1142; x_wconf 75' lang='lat' dir='ltr'>disiectique</span> <span class='ocrx_word' id='word_1_92' title='bbox 422 1088 624 1141; x_wconf 88' lang='lat' dir='ltr'>montani,</span> <span class='ocrx_word' id='word_1_93' title='bbox 658 1092 701 1129; x_wconf 90' lang='lat' dir='ltr'>ut</span> <span class='ocrx_word' id='word_1_94' title='bbox 730 1087 875 1141; x_wconf 89' lang='lat' dir='ltr'>quibus</span> <span class='ocrx_word' id='word_1_95' title='bbox 910 1091 1066 1129; x_wconf 88' lang='lat' dir='ltr'>temere</span> <span class='ocrx_word' id='word_1_96' title='bbox 1099 1086 1311 1139; x_wconf 83' lang='lat' dir='ltr'>collectis,</span> <span class='ocrx_word' id='word_1_97' title='bbox 1359 1098 1445 1128; x_wconf 89' lang='lat' dir='ltr'>non</span> <span class='ocrx_word' id='word_1_98' title='bbox 1486 1089 1641 1140; x_wconf 84' lang='lat' dir='ltr'>castra,</span> 
     </span>
     <span class='ocr_line' id='line_1_14' title="bbox 150 1162 1642 1216; baseline -0.001 -13"><span class='ocrx_word' id='word_1_99' title='bbox 150 1174 233 1203; x_wconf 89' lang='lat' dir='ltr'>non</span> <span class='ocrx_word' id='word_1_100' title='bbox 264 1162 409 1204; x_wconf 90' lang='lat' dir='ltr'>ducem</span> <span class='ocrx_word' id='word_1_101' title='bbox 439 1162 749 1214; x_wconf 89' lang='lat' dir='ltr'>noscitantibus,</span> <span class='ocrx_word' id='word_1_102' title='bbox 785 1174 919 1215; x_wconf 90' lang='lat' dir='ltr'>neque</span> <span class='ocrx_word' id='word_1_103' title='bbox 951 1162 993 1202; x_wconf 91' lang='lat' dir='ltr'>in</span> <span class='ocrx_word' id='word_1_104' title='bbox 1022 1162 1197 1203; x_wconf 89' lang='lat' dir='ltr'>victoria</span> <span class='ocrx_word' id='word_1_105' title='bbox 1220 1162 1348 1203; x_wconf 89' lang='lat' dir='ltr'>decus</span> <span class='ocrx_word' id='word_1_106' title='bbox 1371 1165 1484 1204; x_wconf 88' lang='lat' dir='ltr'>esset</span> <span class='ocrx_word' id='word_1_107' title='bbox 1503 1172 1642 1216; x_wconf 88' lang='lat' dir='ltr'>neque</span> 
     </span>
     <span class='ocr_line' id='line_1_15' title="bbox 150 1235 1711 1290; baseline 0.001 -14"><span class='ocrx_word' id='word_1_108' title='bbox 150 1236 191 1276; x_wconf 91' lang='lat' dir='ltr'>in</span> <span class='ocrx_word' id='word_1_109' title='bbox 221 1236 318 1290; x_wconf 85' lang='lat' dir='ltr'>fuga</span> <span class='ocrx_word' id='word_1_110' title='bbox 348 1236 557 1290; x_wconf 85' lang='lat' dir='ltr'>flagitium.</span> <span class='ocrx_word' id='word_1_111' title='bbox 616 1237 806 1278; x_wconf 86' lang='lat' dir='ltr'>Inritatus</span> <span class='ocrx_word' id='word_1_112' title='bbox 850 1248 900 1278; x_wconf 92' lang='lat' dir='ltr'>eo</span> <span class='ocrx_word' id='word_1_113' title='bbox 941 1236 1103 1290; x_wconf 87' lang='lat' dir='ltr'>proelio</span> <span class='ocrx_word' id='word_1_114' title='bbox 1146 1236 1321 1278; x_wconf 87' lang='lat' dir='ltr'>Othonis</span> <span class='ocrx_word' id='word_1_115' title='bbox 1362 1235 1481 1278; x_wconf 90' lang='lat' dir='ltr'>miles</span> <span class='ocrx_word' id='word_1_116' title='bbox 1517 1235 1711 1280; x_wconf 80' lang='lat' dir='ltr'>vertit13</span> 
     </span>
     <span class='ocr_line' id='line_1_16' title="bbox 148 1309 1642 1366; baseline 0.001 -16"><span class='ocrx_word' id='word_1_117' title='bbox 148 1309 231 1352; x_wconf 88' lang='lat' dir='ltr'>iras</span> <span class='ocrx_word' id='word_1_118' title='bbox 263 1310 303 1351; x_wconf 91' lang='lat' dir='ltr'>in</span> <span class='ocrx_word' id='word_1_119' title='bbox 332 1310 596 1364; x_wconf 91' lang='lat' dir='ltr'>municipium</span> <span class='ocrx_word' id='word_1_120' title='bbox 627 1310 955 1354; x_wconf 88' lang='lat' dir='ltr'>Albintimilium.</span> <span class='ocrx_word' id='word_1_121' title='bbox 1004 1311 1161 1366; x_wconf 86' lang='lat' dir='ltr'>Quippe</span> <span class='ocrx_word' id='word_1_122' title='bbox 1194 1312 1234 1352; x_wconf 89' lang='lat' dir='ltr'>in</span> <span class='ocrx_word' id='word_1_123' title='bbox 1267 1311 1359 1353; x_wconf 89' lang='lat' dir='ltr'>acie</span> <span class='ocrx_word' id='word_1_124' title='bbox 1389 1310 1492 1354; x_wconf 92' lang='lat' dir='ltr'>nihil</span> <span class='ocrx_word' id='word_1_125' title='bbox 1514 1323 1642 1365; x_wconf 86' lang='lat' dir='ltr'>prae-</span> 
     </span>
     <span class='ocr_line' id='line_1_17' title="bbox 97 1384 1641 1441; baseline 0.001 -17"><span class='ocrx_word' id='word_1_126' title='bbox 97 1395 133 1424; x_wconf 83' lang='lat'>15</span> <span class='ocrx_word' id='word_1_127' title='bbox 149 1384 239 1437; x_wconf 88' lang='lat' dir='ltr'>dae,</span> <span class='ocrx_word' id='word_1_128' title='bbox 272 1385 416 1439; x_wconf 89' lang='lat' dir='ltr'>inopes</span> <span class='ocrx_word' id='word_1_129' title='bbox 447 1389 633 1440; x_wconf 85' lang='lat' dir='ltr'>agrestes</span> <span class='ocrx_word' id='word_1_130' title='bbox 666 1390 705 1427; x_wconf 93' lang='lat' dir='ltr'>et</span> <span class='ocrx_word' id='word_1_131' title='bbox 734 1386 832 1428; x_wconf 91' lang='lat' dir='ltr'>vilia</span> <span class='ocrx_word' id='word_1_132' title='bbox 864 1398 1001 1438; x_wconf 82' lang='lat' dir='ltr'>arma3</span> <span class='ocrx_word' id='word_1_133' title='bbox 1033 1398 1113 1427; x_wconf 91' lang='lat' dir='ltr'>nec</span> <span class='ocrx_word' id='word_1_134' title='bbox 1136 1386 1228 1440; x_wconf 88' lang='lat' dir='ltr'>capi</span> <span class='ocrx_word' id='word_1_135' title='bbox 1250 1390 1459 1440; x_wconf 86' lang='lat' dir='ltr'>poterant,</span> <span class='ocrx_word' id='word_1_136' title='bbox 1490 1385 1641 1441; x_wconf 87' lang='lat' dir='ltr'>pernix</span> 
     </span>
     <span class='ocr_line' id='line_1_18' title="bbox 147 1459 1639 1515; baseline 0.002 -16"><span class='ocrx_word' id='word_1_137' title='bbox 147 1470 278 1512; x_wconf 84' lang='lat' dir='ltr'>genus</span> <span class='ocrx_word' id='word_1_138' title='bbox 310 1463 350 1500; x_wconf 93' lang='lat' dir='ltr'>et</span> <span class='ocrx_word' id='word_1_139' title='bbox 378 1460 498 1514; x_wconf 84' lang='lat' dir='ltr'>gnari</span> <span class='ocrx_word' id='word_1_140' title='bbox 528 1460 730 1502; x_wconf 93' lang='lat' dir='ltr'>locorum.</span> <span class='ocrx_word' id='word_1_141' title='bbox 780 1461 862 1504; x_wconf 89' lang='lat' dir='ltr'>Sed</span> <span class='ocrx_word' id='word_1_142' title='bbox 895 1461 1197 1503; x_wconf 84' lang='lat' dir='ltr'>calamitatibus</span> <span class='ocrx_word' id='word_1_143' title='bbox 1230 1460 1454 1502; x_wconf 89' lang='lat' dir='ltr'>insontium</span> <span class='ocrx_word' id='word_1_144' title='bbox 1475 1459 1639 1515; x_wconf 82' lang='lat' dir='ltr'>expleta</span> 
     </span>
     <span class='ocr_line' id='line_1_19' title="bbox 147 1533 1637 1591; baseline 0.003 -18"><span class='ocrx_word' id='word_1_145' title='bbox 147 1533 329 1575; x_wconf 88' lang='lat' dir='ltr'>avaritia.</span> <span class='ocrx_word' id='word_1_146' title='bbox 387 1534 513 1576; x_wconf 84' lang='lat' dir='ltr'>Auxit</span> <span class='ocrx_word' id='word_1_147' title='bbox 557 1535 755 1577; x_wconf 91' lang='lat' dir='ltr'>invidiam</span> <span class='ocrx_word' id='word_1_148' title='bbox 797 1535 1017 1590; x_wconf 89' lang='lat' dir='ltr'>praeclaro</span> <span class='ocrx_word' id='word_1_149' title='bbox 1063 1535 1253 1590; x_wconf 90' lang='lat' dir='ltr'>exemplo</span> <span class='ocrx_word' id='word_1_150' title='bbox 1300 1535 1453 1578; x_wconf 87' lang='lat' dir='ltr'>semina</span> <span class='ocrx_word' id='word_1_151' title='bbox 1495 1534 1637 1591; x_wconf 82' lang='lat' dir='ltr'>LiguS,</span> 
     </span>
    </p>
   </div>
   <div class='ocr_carea' id='block_1_4' title="bbox 144 1608 1639 1665">
    <p class='ocr_par' dir='ltr' id='par_1_4' title="bbox 144 1608 1639 1665">
     <span class='ocr_line' id='line_1_20' title="bbox 144 1608 1639 1665; baseline 0.002 -16"><span class='ocrx_word' id='word_1_152' title='bbox 144 1619 249 1661; x_wconf 87' lang='lat' dir='ltr'>quae</span> <span class='ocrx_word' id='word_1_153' title='bbox 278 1608 359 1651; x_wconf 88' lang='lat' dir='ltr'>filio</span> <span class='ocrx_word' id='word_1_154' title='bbox 389 1609 551 1663; x_wconf 91' lang='lat' dir='ltr'>abdito,</span> <span class='ocrx_word' id='word_1_155' title='bbox 591 1622 684 1652; x_wconf 92' lang='lat' dir='ltr'>cum</span> <span class='ocrx_word' id='word_1_156' title='bbox 714 1610 836 1652; x_wconf 91' lang='lat' dir='ltr'>simul</span> <span class='ocrx_word' id='word_1_157' title='bbox 866 1610 1087 1665; x_wconf 88' lang='lat' dir='ltr'>pecuniam</span> <span class='ocrx_word' id='word_1_158' title='bbox 1118 1610 1321 1652; x_wconf 87' lang='lat' dir='ltr'>occultari</span> <span class='ocrx_word' id='word_1_159' title='bbox 1353 1610 1506 1653; x_wconf 88' lang='lat' dir='ltr'>milites</span> <span class='ocrx_word' id='word_1_160' title='bbox 1538 1622 1639 1652; x_wconf 90' lang='lat' dir='ltr'>cre-</span> 
     </span>
    </p>
   </div>
   <div class='ocr_carea' id='block_1_5' title="bbox 149 866 308 907">
    <p class='ocr_par' dir='ltr' id='par_1_5' title="bbox 149 866 308 907">
     <span class='ocr_line' id='line_1_21' title="bbox 149 866 308 907; baseline -0.006 0"><span class='ocrx_word' id='word_1_161' title='bbox 149 866 308 907; x_wconf 87' lang='lat' dir='ltr'>bantur.</span> 
     </span>
    </p>
   </div>
   <div class='ocr_carea' id='block_1_6' title="bbox 141 1733 930 1819">
    <p class='ocr_par' dir='ltr' id='par_1_6' title="bbox 141 1733 930 1819">
     <span class='ocr_line' id='line_1_22' title="bbox 284 1733 930 1781; baseline 0.006 -15"><span class='ocrx_word' id='word_1_162' title='bbox 284 1733 317 1766; x_wconf 81' lang='lat'>2.</span> <span class='ocrx_word' id='word_1_163' title='bbox 346 1735 539 1780; x_wconf 82' lang='lat' dir='ltr'>corruptius</span> <span class='ocrx_word' id='word_1_164' title='bbox 564 1733 638 1768; x_wconf 70' lang='lat' dir='ltr'>Ma:</span> <span class='ocrx_word' id='word_1_165' title='bbox 682 1735 711 1770; x_wconf 88' lang='lat' dir='ltr'>G</span> <span class='ocrx_word' id='word_1_166' title='bbox 735 1741 930 1781; x_wconf 79' lang='lat' dir='ltr'>corruptus.</span> 
     </span>
     <span class='ocr_line' id='line_1_23' title="bbox 141 1782 895 1819; baseline 0.007 -5"><span class='ocrx_word' id='word_1_167' title='bbox 141 1782 247 1815; x_wconf 83' lang='lat' dir='ltr'>marti</span> <span class='ocrx_word' id='word_1_168' title='bbox 271 1788 415 1816; x_wconf 84' lang='lat' dir='ltr'>mastum</span> <span class='ocrx_word' id='word_1_169' title='bbox 440 1782 513 1816; x_wconf 67' lang='lat' dir='ltr'>Ma:</span> <span class='ocrx_word' id='word_1_170' title='bbox 542 1783 569 1817; x_wconf 93' lang='lat' dir='ltr'>G</span> <span class='ocrx_word' id='word_1_171' title='bbox 593 1785 788 1818; x_wconf 84' lang='lat' dir='ltr'>maritimas</span> <span class='ocrx_word' id='word_1_172' title='bbox 814 1790 895 1819; x_wconf 83' lang='lat' dir='ltr'>tum.</span> 
     </span>
    </p>
   </div>
   <div class='ocr_carea' id='block_1_7' title="bbox 965 1732 1636 1828">
    <p class='ocr_par' dir='ltr' id='par_1_7' title="bbox 965 1732 1636 1828">
     <span class='ocr_line' id='line_1_24' title="bbox 1031 1732 1625 1771; baseline -0.002 -1"><span class='ocrx_word' id='word_1_173' title='bbox 1031 1737 1066 1771; x_wconf 88' lang='grc'>3.</span> <span class='ocrx_word' id='word_1_174' title='bbox 1096 1736 1208 1769; x_wconf 84' lang='lat' dir='ltr'>adiris</span> <span class='ocrx_word' id='word_1_175' title='bbox 1233 1735 1312 1769; x_wconf 66' lang='lat' dir='ltr'>Ma:</span> <span class='ocrx_word' id='word_1_176' title='bbox 1340 1735 1437 1769; x_wconf 75' lang='lat' dir='ltr'>adiri</span> <span class='ocrx_word' id='word_1_177' title='bbox 1463 1734 1503 1770; x_wconf 89' lang='lat' dir='ltr'>G.</span> <span class='ocrx_word' id='word_1_178' title='bbox 1601 1732 1625 1769; x_wconf 90' lang='lat'><em>8</em></span> 
     </span>
     <span class='ocr_line' id='line_1_25' title="bbox 965 1782 1636 1828; baseline 0.001 -11"><span class='ocrx_word' id='word_1_179' title='bbox 965 1784 1019 1818; x_wconf 89' lang='lat'>13.</span> <span class='ocrx_word' id='word_1_180' title='bbox 1049 1784 1115 1819; x_wconf 81' lang='lat' dir='ltr'>irr.</span> <span class='ocrx_word' id='word_1_181' title='bbox 1145 1783 1204 1818; x_wconf 90' lang='lat' dir='ltr'>Or.</span> <span class='ocrx_word' id='word_1_182' title='bbox 1287 1783 1342 1819; x_wconf 84' lang='lat'>14.</span> <span class='ocrx_word' id='word_1_183' title='bbox 1368 1782 1636 1828; x_wconf 62' lang='lat' dir='ltr'>Albintimilium</span> 
     </span>
    </p>
   </div>
   <div class='ocr_carea' id='block_1_8' title="bbox 142 1829 1636 1879">
    <p class='ocr_par' dir='ltr' id='par_1_8' title="bbox 142 1829 1636 1879">
     <span class='ocr_line' id='line_1_26' title="bbox 142 1829 1636 1879; baseline 0.003 -17"><span class='ocrx_word' id='word_1_184' title='bbox 142 1829 380 1864; x_wconf 86' lang='lat' dir='ltr'>Puteolanus:</span> <span class='ocrx_word' id='word_1_185' title='bbox 414 1831 551 1865; x_wconf 84' lang='lat' dir='ltr'>albiniti</span> <span class='ocrx_word' id='word_1_186' title='bbox 584 1832 696 1867; x_wconf 74' lang='lat' dir='ltr'>militu&#39;</span> <span class='ocrx_word' id='word_1_187' title='bbox 720 1838 915 1878; x_wconf 86' lang='lat' dir='ltr'>(superscr.</span> <span class='ocrx_word' id='word_1_188' title='bbox 942 1834 965 1866; x_wconf 71' lang='grc' dir='ltr'><em>ἄ</em></span> <span class='ocrx_word' id='word_1_189' title='bbox 991 1832 1153 1876; x_wconf 85' lang='lat' dir='ltr'>syllabae</span> <span class='ocrx_word' id='word_1_190' title='bbox 1181 1833 1218 1875; x_wconf 83' lang='lat' dir='ltr'>li,</span> <span class='ocrx_word' id='word_1_191' title='bbox 1246 1837 1284 1866; x_wconf 84' lang='lat' dir='ltr'>ut</span> <span class='ocrx_word' id='word_1_192' title='bbox 1310 1833 1356 1866; x_wconf 88' lang='lat' dir='ltr'>sit</span> <span class='ocrx_word' id='word_1_193' title='bbox 1386 1832 1535 1879; x_wconf 80' lang='lat' dir='ltr'>milium)</span> <span class='ocrx_word' id='word_1_194' title='bbox 1568 1830 1636 1876; x_wconf 59' lang='lat' dir='ltr'>Ma,</span> 
     </span>
    </p>
   </div>
   <div class='ocr_carea' id='block_1_9' title="bbox 144 1877 1069 1926">
    <p class='ocr_par' dir='ltr' id='par_1_9' title="bbox 144 1877 1069 1926">
     <span class='ocr_line' id='line_1_27' title="bbox 144 1877 1069 1926; baseline 0.004 -16"><span class='ocrx_word' id='word_1_195' title='bbox 144 1877 408 1912; x_wconf 74' lang='lat' dir='ltr'>albimtimilium</span> <span class='ocrx_word' id='word_1_196' title='bbox 435 1879 482 1923; x_wconf 85' lang='lat' dir='ltr'>G,</span> <span class='ocrx_word' id='word_1_197' title='bbox 509 1879 646 1914; x_wconf 82' lang='lat' dir='ltr'>Albium</span> <span class='ocrx_word' id='word_1_198' title='bbox 673 1881 890 1916; x_wconf 79' lang='lat' dir='ltr'>Intemelium</span> <span class='ocrx_word' id='word_1_199' title='bbox 915 1880 1069 1926; x_wconf 84' lang='lat' dir='ltr'>Lipsius.</span> 
     </span>
    </p>
   </div>
   <div class='ocr_carea' id='block_1_10' title="bbox 147 1926 842 1970">
    <p class='ocr_par' dir='ltr' id='par_1_10' title="bbox 147 1926 842 1970">
     <span class='ocr_line' id='line_1_28' title="bbox 147 1926 842 1970; baseline 0.009 -11"><span class='ocrx_word' id='word_1_200' title='bbox 147 1932 303 1970; x_wconf 76' lang='lat' dir='ltr'>ayrastes</span> <span class='ocrx_word' id='word_1_201' title='bbox 328 1926 393 1961; x_wconf 70' lang='lat' dir='ltr'>Ma.</span> <span class='ocrx_word' id='word_1_202' title='bbox 467 1927 556 1962; x_wconf 84' lang='lat' dir='ltr'>uilla</span> <span class='ocrx_word' id='word_1_203' title='bbox 581 1929 657 1962; x_wconf 70' lang='lat' dir='ltr'>Ma:</span> <span class='ocrx_word' id='word_1_204' title='bbox 690 1929 716 1964; x_wconf 89' lang='lat' dir='ltr'>G</span> <span class='ocrx_word' id='word_1_205' title='bbox 741 1930 842 1965; x_wconf 82' lang='lat' dir='ltr'>uilia.</span> 
     </span>
    </p>
   </div>
   <div class='ocr_carea' id='block_1_11' title="bbox 135 2047 849 3011">
    <p class='ocr_par' dir='ltr' id='par_1_11' title="bbox 142 2047 848 2288">
     <span class='ocr_line' id='line_1_29' title="bbox 147 2047 848 2086; baseline 0.007 -5"><span class='ocrx_word' id='word_1_206' title='bbox 147 2047 203 2082; x_wconf 86' lang='lat'>10.</span> <span class='ocrx_word' id='word_1_207' title='bbox 228 2047 478 2083; x_wconf 87' lang='lat' dir='ltr'>Doederlinius</span> <span class='ocrx_word' id='word_1_208' title='bbox 504 2049 629 2084; x_wconf 84' lang='lat' dir='ltr'>dubius</span> <span class='ocrx_word' id='word_1_209' title='bbox 657 2056 730 2085; x_wconf 89' lang='lat' dir='ltr'>erat</span> <span class='ocrx_word' id='word_1_210' title='bbox 756 2053 848 2086; x_wconf 88' lang='lat' dir='ltr'>sitne</span> 
     </span>
     <span class='ocr_line' id='line_1_30' title="bbox 144 2097 847 2145; baseline 0.011 -18"><span class='ocrx_word' id='word_1_211' title='bbox 144 2097 279 2139; x_wconf 82' lang='lat' dir='ltr'>tropice</span> <span class='ocrx_word' id='word_1_212' title='bbox 301 2098 542 2141; x_wconf 81' lang='lat' dir='ltr'>accipiendum</span> <span class='ocrx_word' id='word_1_213' title='bbox 570 2110 632 2143; x_wconf 90' lang='lat' dir='ltr'>pro</span> <span class='ocrx_word' id='word_1_214' title='bbox 656 2101 847 2145; x_wconf 83' lang='lat' dir='ltr'>impeditus.</span> 
     </span>
     <span class='ocr_line' id='line_1_31' title="bbox 145 2144 848 2194; baseline 0.006 -16"><span class='ocrx_word' id='word_1_215' title='bbox 145 2144 212 2178; x_wconf 89' lang='lat' dir='ltr'>Sed</span> <span class='ocrx_word' id='word_1_216' title='bbox 229 2149 312 2178; x_wconf 85' lang='lat' dir='ltr'>tunc</span> <span class='ocrx_word' id='word_1_217' title='bbox 339 2157 420 2179; x_wconf 82' lang='lat' dir='ltr'>casu</span> <span class='ocrx_word' id='word_1_218' title='bbox 437 2146 591 2181; x_wconf 85' lang='lat' dir='ltr'>ablativo</span> <span class='ocrx_word' id='word_1_219' title='bbox 620 2148 756 2182; x_wconf 84' lang='lat' dir='ltr'>additur</span> <span class='ocrx_word' id='word_1_220' title='bbox 779 2159 848 2194; x_wconf 87' lang='lat' dir='ltr'>quo</span> 
     </span>
     <span class='ocr_line' id='line_1_32' title="bbox 144 2192 848 2242; baseline 0.01 -18"><span class='ocrx_word' id='word_1_221' title='bbox 144 2192 222 2236; x_wconf 88' lang='lat' dir='ltr'>quis</span> <span class='ocrx_word' id='word_1_222' title='bbox 252 2193 472 2237; x_wconf 82' lang='lat' dir='ltr'>impediatur,</span> <span class='ocrx_word' id='word_1_223' title='bbox 498 2200 535 2227; x_wconf 89' lang='lat' dir='ltr'>ut</span> <span class='ocrx_word' id='word_1_224' title='bbox 560 2196 640 2230; x_wconf 87' lang='lat'>165</span> <span class='ocrx_word' id='word_1_225' title='bbox 667 2197 848 2242; x_wconf 83' lang='lat' dir='ltr'>eodemque</span> 
     </span>
     <span class='ocr_line' id='line_1_33' title="bbox 142 2241 712 2288; baseline 0.011 -15"><span class='ocrx_word' id='word_1_226' title='bbox 142 2241 265 2274; x_wconf 83' lang='lat' dir='ltr'>iterum</span> <span class='ocrx_word' id='word_1_227' title='bbox 290 2243 362 2285; x_wconf 82' lang='lat' dir='ltr'>sato</span> <span class='ocrx_word' id='word_1_228' title='bbox 388 2244 524 2277; x_wconf 80' lang='lat' dir='ltr'>vinctae</span> <span class='ocrx_word' id='word_1_229' title='bbox 550 2243 712 2288; x_wconf 70' lang='lat' dir='ltr'>leyiones.</span> 
     </span>
    </p>

    <p class='ocr_par' dir='ltr' id='par_1_12' title="bbox 135 2289 849 2912">
     <span class='ocr_line' id='line_1_34' title="bbox 216 2289 848 2338; baseline 0.011 -17"><span class='ocrx_word' id='word_1_230' title='bbox 216 2289 395 2324; x_wconf 81' lang='lat' dir='ltr'>ambitioso</span> <span class='ocrx_word' id='word_1_231' title='bbox 421 2291 564 2336; x_wconf 80' lang='lat' dir='ltr'>imperio</span> <span class='ocrx_word' id='word_1_232' title='bbox 584 2294 746 2338; x_wconf 66' lang='lat' dir='ltr'>regebat.-</span> <span class='ocrx_word' id='word_1_233' title='bbox 773 2299 848 2328; x_wconf 85' lang='lat' dir='ltr'>ter-</span> 
     </span>
     <span class='ocr_line' id='line_1_35' title="bbox 141 2336 849 2386; baseline 0.011 -18"><span class='ocrx_word' id='word_1_234' title='bbox 141 2336 210 2369; x_wconf 85' lang='lat' dir='ltr'>tius</span> <span class='ocrx_word' id='word_1_235' title='bbox 248 2348 290 2370; x_wconf 86' lang='lat' dir='ltr'>ex</span> <span class='ocrx_word' id='word_1_236' title='bbox 330 2338 477 2372; x_wconf 85' lang='lat' dir='ltr'>ducibus</span> <span class='ocrx_word' id='word_1_237' title='bbox 520 2341 668 2386; x_wconf 84' lang='lat' dir='ltr'>regebat</span> <span class='ocrx_word' id='word_1_238' title='bbox 705 2342 849 2386; x_wconf 86' lang='lat' dir='ltr'>quidem</span> 
     </span>
     <span class='ocr_line' id='line_1_36' title="bbox 140 2383 848 2427; baseline 0.011 -11"><span class='ocrx_word' id='word_1_239' title='bbox 140 2383 283 2427; x_wconf 87' lang='lat' dir='ltr'>milites,</span> <span class='ocrx_word' id='word_1_240' title='bbox 311 2387 372 2420; x_wconf 90' lang='lat' dir='ltr'>sed</span> <span class='ocrx_word' id='word_1_241' title='bbox 396 2388 444 2421; x_wconf 77' lang='lat' dir='ltr'>ita</span> <span class='ocrx_word' id='word_1_242' title='bbox 470 2393 508 2420; x_wconf 89' lang='lat' dir='ltr'>ut</span> <span class='ocrx_word' id='word_1_243' title='bbox 534 2389 694 2423; x_wconf 88' lang='lat' dir='ltr'>favorem</span> <span class='ocrx_word' id='word_1_244' title='bbox 721 2395 755 2423; x_wconf 89' lang='lat' dir='ltr'>et</span> <span class='ocrx_word' id='word_1_245' title='bbox 781 2391 848 2424; x_wconf 90' lang='lat' dir='ltr'>ob-</span> 
     </span>
     <span class='ocr_line' id='line_1_37' title="bbox 141 2434 848 2484; baseline 0.014 -21"><span class='ocrx_word' id='word_1_246' title='bbox 141 2434 299 2476; x_wconf 87' lang='lat' dir='ltr'>sequium</span> <span class='ocrx_word' id='word_1_247' title='bbox 330 2435 514 2468; x_wconf 88' lang='lat' dir='ltr'>ambiendo</span> <span class='ocrx_word' id='word_1_248' title='bbox 541 2443 692 2480; x_wconf 81' lang='lat' dir='ltr'>pararet.</span> <span class='ocrx_word' id='word_1_249' title='bbox 725 2437 848 2484; x_wconf 87' lang='lat' dir='ltr'>Itaque</span> 
     </span>
     <span class='ocr_line' id='line_1_38' title="bbox 140 2480 847 2526; baseline 0.01 -15"><span class='ocrx_word' id='word_1_250' title='bbox 140 2480 348 2515; x_wconf 82' lang='lat' dir='ltr'>modestiam</span> <span class='ocrx_word' id='word_1_251' title='bbox 377 2482 585 2526; x_wconf 89' lang='lat' dir='ltr'>disciplinae</span> <span class='ocrx_word' id='word_1_252' title='bbox 611 2486 762 2519; x_wconf 90' lang='lat' dir='ltr'>militum</span> <span class='ocrx_word' id='word_1_253' title='bbox 788 2498 847 2520; x_wconf 88' lang='lat' dir='ltr'>ar..</span> 
     </span>
     <span class='ocr_line' id='line_1_39' title="bbox 140 2526 848 2574; baseline 0.008 -14"><span class='ocrx_word' id='word_1_254' title='bbox 140 2526 245 2561; x_wconf 77' lang='lat' dir='ltr'>bitrio</span> <span class='ocrx_word' id='word_1_255' title='bbox 274 2529 480 2574; x_wconf 82' lang='lat' dir='ltr'>reliquerat,</span> <span class='ocrx_word' id='word_1_256' title='bbox 505 2532 698 2567; x_wconf 84' lang='lat' dir='ltr'>ambitione</span> <span class='ocrx_word' id='word_1_257' title='bbox 725 2544 848 2568; x_wconf 75' lang='lat' dir='ltr'>corru-</span> 
     </span>
     <span class='ocr_line' id='line_1_40' title="bbox 138 2579 847 2621; baseline 0.014 -13"><span class='ocrx_word' id='word_1_258' title='bbox 138 2580 218 2619; x_wconf 87' lang='lat' dir='ltr'>ptus</span> <span class='ocrx_word' id='word_1_259' title='bbox 253 2583 288 2610; x_wconf 86' lang='lat' dir='ltr'>et</span> <span class='ocrx_word' id='word_1_260' title='bbox 327 2583 443 2621; x_wconf 81' lang='lat' dir='ltr'>metu3</span> <span class='ocrx_word' id='word_1_261' title='bbox 487 2579 569 2613; x_wconf 89' lang='lat' dir='ltr'>vide</span> <span class='ocrx_word' id='word_1_262' title='bbox 608 2580 650 2614; x_wconf 82' lang='lat' dir='ltr'>ad</span> <span class='ocrx_word' id='word_1_263' title='bbox 679 2581 720 2614; x_wconf 89' lang='lat' dir='ltr'>H.</span> <span class='ocrx_word' id='word_1_264' title='bbox 748 2582 847 2618; x_wconf 81' lang='lat'>183.</span> 
     </span>
     <span class='ocr_line' id='line_1_41' title="bbox 137 2622 847 2674; baseline 0.01 -17"><span class='ocrx_word' id='word_1_265' title='bbox 137 2622 389 2660; x_wconf 89' lang='lat' dir='ltr'>Doederlinius</span> <span class='ocrx_word' id='word_1_266' title='bbox 413 2628 660 2662; x_wconf 80' lang='lat' dir='ltr'>immodestiam</span> <span class='ocrx_word' id='word_1_267' title='bbox 680 2631 847 2674; x_wconf 88' lang='lat' dir='ltr'>coniecit,</span> 
     </span>
     <span class='ocr_line' id='line_1_42' title="bbox 137 2672 847 2722; baseline 0.004 -17"><span class='ocrx_word' id='word_1_268' title='bbox 137 2672 199 2705; x_wconf 87' lang='lat' dir='ltr'>sed</span> <span class='ocrx_word' id='word_1_269' title='bbox 225 2673 316 2707; x_wconf 88' lang='lat' dir='ltr'>alius</span> <span class='ocrx_word' id='word_1_270' title='bbox 350 2676 493 2720; x_wconf 85' lang='lat' dir='ltr'>generis</span> <span class='ocrx_word' id='word_1_271' title='bbox 534 2681 587 2709; x_wconf 86' lang='lat' dir='ltr'>est</span> <span class='ocrx_word' id='word_1_272' title='bbox 618 2677 710 2722; x_wconf 90' lang='lat' dir='ltr'>quod</span> <span class='ocrx_word' id='word_1_273' title='bbox 747 2688 847 2711; x_wconf 86' lang='lat' dir='ltr'>com-</span> 
     </span>
     <span class='ocr_line' id='line_1_43' title="bbox 136 2722 844 2765; baseline 0.008 -12"><span class='ocrx_word' id='word_1_274' title='bbox 136 2722 299 2765; x_wconf 88' lang='lat' dir='ltr'>paravit,</span> <span class='ocrx_word' id='word_1_275' title='bbox 332 2723 371 2757; x_wconf 87' lang='grc' dir='ltr'>Η.</span> <span class='ocrx_word' id='word_1_276' title='bbox 401 2723 414 2756; x_wconf 93' lang='lat'>1</span> <span class='ocrx_word' id='word_1_277' title='bbox 440 2725 486 2758; x_wconf 83' lang='lat'>35</span> <span class='ocrx_word' id='word_1_278' title='bbox 512 2725 677 2759; x_wconf 84' lang='lat' dir='ltr'>adversus</span> <span class='ocrx_word' id='word_1_279' title='bbox 705 2726 844 2759; x_wconf 79' lang='lat' dir='ltr'>blandi-</span> 
     </span>
     <span class='ocr_line' id='line_1_44' title="bbox 137 2770 844 2819; baseline 0.01 -18"><span class='ocrx_word' id='word_1_280' title='bbox 137 2774 229 2802; x_wconf 84' lang='lat' dir='ltr'>entes</span> <span class='ocrx_word' id='word_1_281' title='bbox 245 2770 487 2816; x_wconf 82' lang='lat' dir='ltr'>incorruplus:</span> <span class='ocrx_word' id='word_1_282' title='bbox 516 2783 595 2806; x_wconf 86' lang='lat' dir='ltr'>nam</span> <span class='ocrx_word' id='word_1_283' title='bbox 622 2775 844 2819; x_wconf 79' lang='lat' dir='ltr'>incorruptus</span> 
     </span>
     <span class='ocr_line' id='line_1_45' title="bbox 138 2820 842 2868; baseline 0.01 -19"><span class='ocrx_word' id='word_1_284' title='bbox 138 2821 191 2849; x_wconf 82' lang='lat' dir='ltr'>est</span> <span class='ocrx_word' id='word_1_285' title='bbox 233 2820 292 2862; x_wconf 88' lang='lat' dir='ltr'>qui</span> <span class='ocrx_word' id='word_1_286' title='bbox 334 2821 511 2866; x_wconf 80' lang='lat' dir='ltr'>corrumpi</span> <span class='ocrx_word' id='word_1_287' title='bbox 551 2823 668 2866; x_wconf 83' lang='lat' dir='ltr'>nequit</span> <span class='ocrx_word' id='word_1_288' title='bbox 716 2823 842 2868; x_wconf 87' lang='lat' dir='ltr'>(unbe-</span> 
     </span>
     <span class='ocr_line' id='line_1_46' title="bbox 135 2865 329 2912; baseline 0.021 -16"><span class='ocrx_word' id='word_1_289' title='bbox 135 2865 329 2912; x_wconf 79' lang='lat' dir='ltr'>slechlich).</span> 
     </span>
    </p>

    <p class='ocr_par' dir='ltr' id='par_1_13' title="bbox 136 2916 842 3011">
     <span class='ocr_line' id='line_1_47' title="bbox 207 2916 842 2961; baseline 0.013 -15"><span class='ocrx_word' id='word_1_290' title='bbox 207 2916 391 2948; x_wconf 83' lang='lat' dir='ltr'>securitate</span> <span class='ocrx_word' id='word_1_291' title='bbox 413 2918 513 2961; x_wconf 81' lang='lat' dir='ltr'>pacis</span> <span class='ocrx_word' id='word_1_292' title='bbox 554 2922 602 2951; x_wconf 87' lang='lat' dir='ltr'>et&#39;</span> <span class='ocrx_word' id='word_1_293' title='bbox 619 2919 700 2953; x_wconf 77' lang='lat' dir='ltr'>betti</span> <span class='ocrx_word' id='word_1_294' title='bbox 726 2919 842 2953; x_wconf 81' lang='lat' dir='ltr'>malo:</span> 
     </span>
     <span class='ocr_line' id='line_1_48' title="bbox 136 2962 842 3011; baseline 0.016 -19"><span class='ocrx_word' id='word_1_295' title='bbox 136 2968 199 3003; x_wconf 87' lang='lat' dir='ltr'>pro</span> <span class='ocrx_word' id='word_1_296' title='bbox 226 2971 322 2996; x_wconf 89' lang='lat' dir='ltr'>more</span> <span class='ocrx_word' id='word_1_297' title='bbox 346 2962 487 2999; x_wconf 88' lang='lat' dir='ltr'>diversa</span> <span class='ocrx_word' id='word_1_298' title='bbox 521 2969 719 3011; x_wconf 88' lang='lat' dir='ltr'>composuit</span> <span class='ocrx_word' id='word_1_299' title='bbox 757 2970 842 3003; x_wconf 91' lang='lat' dir='ltr'>iun-</span> 
     </span>
    </p>
   </div>
   <div class='ocr_carea' id='block_1_12' title="bbox 922 1879 1632 1965">
    <p class='ocr_par' dir='ltr' id='par_1_14' title="bbox 922 1879 1632 1965">
     <span class='ocr_line' id='line_1_49' title="bbox 1143 1879 1632 1928; baseline 0 -14"><span class='ocrx_word' id='word_1_300' title='bbox 1143 1880 1256 1915; x_wconf 71' lang='lat' dir='ltr'>m&#39;cltil</span> <span class='ocrx_word' id='word_1_301' title='bbox 1274 1882 1410 1928; x_wconf 79' lang='lat' dir='ltr'>praede</span> <span class='ocrx_word' id='word_1_302' title='bbox 1436 1879 1503 1916; x_wconf 66' lang='lat' dir='ltr'>Ma.</span> <span class='ocrx_word' id='word_1_303' title='bbox 1579 1880 1632 1916; x_wconf 84' lang='lat'>15.</span> 
     </span>
     <span class='ocr_line' id='line_1_50' title="bbox 922 1929 1186 1965; baseline 0.004 -2"><span class='ocrx_word' id='word_1_304' title='bbox 922 1930 977 1965; x_wconf 90' lang='lat'>17.</span> <span class='ocrx_word' id='word_1_305' title='bbox 1004 1931 1095 1964; x_wconf 80' lang='lat' dir='ltr'>ausit</span> <span class='ocrx_word' id='word_1_306' title='bbox 1120 1929 1186 1964; x_wconf 70' lang='lat' dir='ltr'>Ma.</span> 
     </span>
    </p>
   </div>
   <div class='ocr_carea' id='block_1_13' title="bbox 911 2050 1636 3020">
    <p class='ocr_par' dir='ltr' id='par_1_15' title="bbox 911 2050 1636 3020">
     <span class='ocr_line' id='line_1_51' title="bbox 918 2050 1636 2098; baseline 0.001 -13"><span class='ocrx_word' id='word_1_307' title='bbox 918 2053 1055 2098; x_wconf 87' lang='lat' dir='ltr'>xitque‚</span> <span class='ocrx_word' id='word_1_308' title='bbox 1087 2063 1157 2086; x_wconf 87' lang='lat' dir='ltr'>non</span> <span class='ocrx_word' id='word_1_309' title='bbox 1184 2053 1276 2087; x_wconf 88' lang='lat' dir='ltr'>bene</span> <span class='ocrx_word' id='word_1_310' title='bbox 1304 2052 1478 2097; x_wconf 84' lang='lat' dir='ltr'>dirempta</span> <span class='ocrx_word' id='word_1_311' title='bbox 1503 2050 1636 2086; x_wconf 83' lang='lat' dir='ltr'>aDoe-</span> 
     </span>
     <span class='ocr_line' id='line_1_52' title="bbox 918 2101 1634 2146; baseline 0.001 -12"><span class='ocrx_word' id='word_1_312' title='bbox 918 2101 1071 2135; x_wconf 87' lang='lat' dir='ltr'>derlinio</span> <span class='ocrx_word' id='word_1_313' title='bbox 1106 2106 1280 2136; x_wconf 87' lang='lat' dir='ltr'>commate</span> <span class='ocrx_word' id='word_1_314' title='bbox 1324 2103 1443 2146; x_wconf 81' lang='lat' dir='ltr'>posito</span> <span class='ocrx_word' id='word_1_315' title='bbox 1478 2105 1561 2146; x_wconf 76' lang='lat' dir='ltr'>post</span> <span class='ocrx_word' id='word_1_316' title='bbox 1599 2111 1634 2135; x_wconf 90' lang='lat' dir='ltr'>v.</span> 
     </span>
     <span class='ocr_line' id='line_1_53' title="bbox 914 2149 1636 2195; baseline 0 -12"><span class='ocrx_word' id='word_1_317' title='bbox 914 2151 1028 2195; x_wconf 81' lang='lat' dir='ltr'>pacis.</span> <span class='ocrx_word' id='word_1_318' title='bbox 1065 2149 1134 2194; x_wconf 87' lang='lat' dir='ltr'>lpsi</span> <span class='ocrx_word' id='word_1_319' title='bbox 1163 2150 1243 2184; x_wconf 91' lang='lat' dir='ltr'>dum</span> <span class='ocrx_word' id='word_1_320' title='bbox 1272 2151 1391 2184; x_wconf 81' lang='lat' dir='ltr'>securi</span> <span class='ocrx_word' id='word_1_321' title='bbox 1418 2159 1543 2195; x_wconf 84' lang='lat' dir='ltr'>pacem</span> <span class='ocrx_word' id='word_1_322' title='bbox 1568 2159 1636 2183; x_wconf 84' lang='lat' dir='ltr'>ex-</span> 
     </span>
     <span class='ocr_line' id='line_1_54' title="bbox 917 2198 1635 2242; baseline 0.001 -11"><span class='ocrx_word' id='word_1_323' title='bbox 917 2203 1074 2242; x_wconf 88' lang='lat' dir='ltr'>pectant,</span> <span class='ocrx_word' id='word_1_324' title='bbox 1086 2198 1172 2232; x_wconf 91' lang='lat' dir='ltr'>belli</span> <span class='ocrx_word' id='word_1_325' title='bbox 1187 2198 1282 2233; x_wconf 90' lang='lat' dir='ltr'>malo</span> <span class='ocrx_word' id='word_1_326' title='bbox 1293 2198 1635 2233; x_wconf 82' lang='lat' dir='ltr'>circumveniuntur.</span> 
     </span>
     <span class='ocr_line' id='line_1_55' title="bbox 989 2246 1636 2293; baseline 0 -13"><span class='ocrx_word' id='word_1_327' title='bbox 989 2248 1186 2282; x_wconf 84' lang='lat' dir='ltr'>maritimas</span> <span class='ocrx_word' id='word_1_328' title='bbox 1238 2254 1308 2282; x_wconf 85' lang='lat' dir='ltr'>tum</span> <span class='ocrx_word' id='word_1_329' title='bbox 1354 2247 1461 2293; x_wconf 67' lang='lat' dir='ltr'>Alpes</span> <span class='ocrx_word' id='word_1_330' title='bbox 1497 2246 1636 2281; x_wconf 73' lang='lat' dir='ltr'>tenebat</span> 
     </span>
     <span class='ocr_line' id='line_1_56' title="bbox 916 2294 1559 2340; baseline 0.002 -12"><span class='ocrx_word' id='word_1_331' title='bbox 916 2301 1149 2340; x_wconf 81' lang='lat' dir='ltr'>procurator:</span> <span class='ocrx_word' id='word_1_332' title='bbox 1171 2296 1216 2330; x_wconf 86' lang='lat' dir='ltr'>cf.</span> <span class='ocrx_word' id='word_1_333' title='bbox 1244 2301 1364 2335; x_wconf 87' lang='lat' dir='ltr'>annot.</span> <span class='ocrx_word' id='word_1_334' title='bbox 1388 2295 1433 2330; x_wconf 83' lang='lat' dir='ltr'>ad</span> <span class='ocrx_word' id='word_1_335' title='bbox 1458 2294 1473 2329; x_wconf 91' lang='lat' dir='ltr'>l</span> <span class='ocrx_word' id='word_1_336' title='bbox 1498 2294 1559 2331; x_wconf 82' lang='grc'>80.</span> 
     </span>
     <span class='ocr_line' id='line_1_57' title="bbox 993 2341 1636 2388; baseline -0.002 -11"><span class='ocrx_word' id='word_1_337' title='bbox 993 2343 1076 2388; x_wconf 88' lang='lat' dir='ltr'>Cap.</span> <span class='ocrx_word' id='word_1_338' title='bbox 1102 2345 1156 2379; x_wconf 85' lang='lat'>13.</span> <span class='ocrx_word' id='word_1_339' title='bbox 1185 2344 1477 2379; x_wconf 75' lang='lat' dir='ltr'>Albintimilium:</span> <span class='ocrx_word' id='word_1_340' title='bbox 1507 2343 1552 2378; x_wconf 80' lang='lat' dir='ltr'>de</span> <span class='ocrx_word' id='word_1_341' title='bbox 1566 2341 1636 2377; x_wconf 87' lang='lat' dir='ltr'>hoc</span> 
     </span>
     <span class='ocr_line' id='line_1_58' title="bbox 919 2392 1634 2437; baseline 0.003 -13"><span class='ocrx_word' id='word_1_342' title='bbox 919 2392 1049 2435; x_wconf 88' lang='lat' dir='ltr'>oppido</span> <span class='ocrx_word' id='word_1_343' title='bbox 1066 2392 1191 2427; x_wconf 87' lang='lat' dir='ltr'>Strabo</span> <span class='ocrx_word' id='word_1_344' title='bbox 1221 2392 1269 2428; x_wconf 91' lang='lat' dir='ltr'>1v</span> <span class='ocrx_word' id='word_1_345' title='bbox 1293 2393 1316 2428; x_wconf 88' lang='lat'><strong>6</strong></span> <span class='ocrx_word' id='word_1_346' title='bbox 1346 2395 1363 2428; x_wconf 92' lang='lat'>1</span> <span class='ocrx_word' id='word_1_347' title='bbox 1392 2403 1427 2437; x_wconf 87' lang='lat' dir='ltr'>p.</span> <span class='ocrx_word' id='word_1_348' title='bbox 1440 2394 1534 2428; x_wconf 84' lang='lat'><strong>202:</strong></span> <span class='ocrx_word' id='word_1_349' title='bbox 1561 2394 1634 2427; x_wconf 79' lang='grc' dir='ltr'>ιιῦν</span> 
     </span>
     <span class='ocr_line' id='line_1_59' title="bbox 920 2438 1633 2489; baseline 0.001 -15"><span class='ocrx_word' id='word_1_350' title='bbox 920 2438 987 2476; x_wconf 80' lang='grc' dir='ltr'>οὖν</span> <span class='ocrx_word' id='word_1_351' title='bbox 1016 2444 1175 2489; x_wconf 76' lang='grc' dir='ltr'><em>Λιγύων</em></span> <span class='ocrx_word' id='word_1_352' title='bbox 1204 2442 1280 2479; x_wconf 77' lang='grc' dir='ltr'>τῶν</span> <span class='ocrx_word' id='word_1_353' title='bbox 1305 2443 1377 2489; x_wconf 76' lang='grc' dir='ltr'>μὲν</span> <span class='ocrx_word' id='word_1_354' title='bbox 1412 2441 1535 2477; x_wconf 80' lang='grc' dir='ltr'>ὄντων</span> <span class='ocrx_word' id='word_1_355' title='bbox 1560 2439 1633 2486; x_wconf 80' lang='grc' dir='ltr'>Ἰγ-</span> 
     </span>
     <span class='ocr_line' id='line_1_60' title="bbox 918 2487 1634 2538; baseline 0.001 -16"><span class='ocrx_word' id='word_1_356' title='bbox 918 2489 1076 2533; x_wconf 76' lang='grc' dir='ltr'>γαύνων</span> <span class='ocrx_word' id='word_1_357' title='bbox 1093 2516 1102 2532; x_wconf 89' lang='grc'><strong>,</strong></span> <span class='ocrx_word' id='word_1_358' title='bbox 1129 2492 1204 2526; x_wconf 82' lang='grc' dir='ltr'>τῶν</span> <span class='ocrx_word' id='word_1_359' title='bbox 1232 2490 1271 2526; x_wconf 74' lang='grc' dir='ltr'>δὲ</span> <span class='ocrx_word' id='word_1_360' title='bbox 1296 2487 1558 2538; x_wconf 60' lang='grc' dir='ltr'>Ἰνιιῑμιελίων,4</span> <span class='ocrx_word' id='word_1_361' title='bbox 1580 2491 1634 2535; x_wconf 56' lang='lat'>⁶²7</span> 
     </span>
     <span class='ocr_line' id='line_1_61' title="bbox 918 2535 1634 2579; baseline 0.003 -9"><span class='ocrx_word' id='word_1_362' title='bbox 918 2536 1037 2577; x_wconf 86' lang='grc' dir='ltr'><em>κόιως</em></span> <span class='ocrx_word' id='word_1_363' title='bbox 1078 2535 1146 2579; x_wconf 76' lang='grc' dir='ltr'>τὰς</span> <span class='ocrx_word' id='word_1_364' title='bbox 1184 2537 1367 2578; x_wconf 71' lang='grc' dir='ltr'><strong><em>ἀποικίας</em></strong></span> <span class='ocrx_word' id='word_1_365' title='bbox 1406 2536 1534 2574; x_wconf 75' lang='grc' dir='ltr'><em>αὐτῶν</em></span> <span class='ocrx_word' id='word_1_366' title='bbox 1569 2538 1634 2573; x_wconf 76' lang='grc' dir='ltr'>ἐπὶ</span> 
     </span>
     <span class='ocr_line' id='line_1_62' title="bbox 918 2585 1634 2636; baseline 0 -16"><span class='ocrx_word' id='word_1_367' title='bbox 918 2586 959 2631; x_wconf 77' lang='grc' dir='ltr'>τῇ</span> <span class='ocrx_word' id='word_1_368' title='bbox 987 2587 1154 2636; x_wconf 76' lang='grc' dir='ltr'><strong><em>θαλάττῃ</em></strong></span> <span class='ocrx_word' id='word_1_369' title='bbox 1182 2585 1250 2630; x_wconf 76' lang='grc' dir='ltr'>τὴν</span> <span class='ocrx_word' id='word_1_370' title='bbox 1273 2588 1347 2634; x_wconf 76' lang='grc' dir='ltr'>μὲν</span> <span class='ocrx_word' id='word_1_371' title='bbox 1368 2586 1634 2633; x_wconf 75' lang='grc' dir='ltr'><em>ὀνομάζεσθαι</em></span> 
     </span>
     <span class='ocr_line' id='line_1_63' title="bbox 911 2629 1633 2684; baseline 0.003 -16"><span class='ocrx_word' id='word_1_372' title='bbox 911 2632 1059 2678; x_wconf 79' lang='grc' dir='ltr'><strong><em>’Ἀλβιον</em></strong></span> <span class='ocrx_word' id='word_1_373' title='bbox 1084 2636 1305 2684; x_wconf 69' lang='grc' dir='ltr'><em>Ἰνιεμέλιον</em></span> <span class='ocrx_word' id='word_1_374' title='bbox 1322 2660 1332 2678; x_wconf 79' lang='grc'>,</span> <span class='ocrx_word' id='word_1_375' title='bbox 1360 2629 1443 2670; x_wconf 77' lang='grc' dir='ltr'><em>οἷον</em></span> <span class='ocrx_word' id='word_1_376' title='bbox 1462 2633 1633 2676; x_wconf 57' lang='lat' dir='ltr'>”Alazon</span> 
     </span>
     <span class='ocr_line' id='line_1_64' title="bbox 916 2678 1633 2732; baseline 0.003 -17"><span class='ocrx_word' id='word_1_377' title='bbox 916 2678 981 2724; x_wconf 67' lang='grc' dir='ltr'>τὴν</span> <span class='ocrx_word' id='word_1_378' title='bbox 1007 2683 1044 2718; x_wconf 75' lang='grc' dir='ltr'>δὲ</span> <span class='ocrx_word' id='word_1_379' title='bbox 1073 2684 1535 2732; x_wconf 73' lang='grc' dir='ltr'><em>ἐπιτετμημένωςμᾶλλον</em></span> <span class='ocrx_word' id='word_1_380' title='bbox 1547 2682 1633 2718; x_wconf 76' lang='grc' dir='ltr'>’Λλ-</span> 
     </span>
     <span class='ocr_line' id='line_1_65' title="bbox 915 2731 1632 2777; baseline 0.001 -13"><span class='ocrx_word' id='word_1_381' title='bbox 915 2733 1127 2777; x_wconf 76' lang='grc' dir='ltr'>βιγγαῠνον</span> <span class='ocrx_word' id='word_1_382' title='bbox 1166 2732 1256 2767; x_wconf 82' lang='lat' dir='ltr'>Ptin.</span> <span class='ocrx_word' id='word_1_383' title='bbox 1284 2732 1325 2766; x_wconf 85' lang='lat' dir='ltr'>N.</span> <span class='ocrx_word' id='word_1_384' title='bbox 1351 2731 1392 2766; x_wconf 87' lang='lat' dir='ltr'>H.</span> <span class='ocrx_word' id='word_1_385' title='bbox 1425 2731 1471 2765; x_wconf 77' lang='grc' dir='ltr'>ΙΙΙ</span> <span class='ocrx_word' id='word_1_386' title='bbox 1500 2732 1520 2766; x_wconf 88' lang='grc'><strong>7</strong></span> <span class='ocrx_word' id='word_1_387' title='bbox 1549 2731 1632 2776; x_wconf 85' lang='lat'>(5):</span> 
     </span>
     <span class='ocr_line' id='line_1_66' title="bbox 914 2779 1632 2827; baseline 0.004 -17"><span class='ocrx_word' id='word_1_388' title='bbox 914 2779 1039 2821; x_wconf 75' lang='lat' dir='ltr'>[lumen</span> <span class='ocrx_word' id='word_1_389' title='bbox 1077 2781 1238 2824; x_wconf 83' lang='lat' dir='ltr'>Reluba,</span> <span class='ocrx_word' id='word_1_390' title='bbox 1290 2781 1453 2827; x_wconf 81' lang='lat' dir='ltr'>oppidum</span> <span class='ocrx_word' id='word_1_391' title='bbox 1490 2779 1632 2814; x_wconf 73' lang='lat' dir='ltr'>Albium</span> 
     </span>
     <span class='ocr_line' id='line_1_67' title="bbox 915 2825 1632 2875; baseline 0.004 -17"><span class='ocrx_word' id='word_1_392' title='bbox 915 2825 1152 2872; x_wconf 77' lang='lat' dir='ltr'>Intemelium3</span> <span class='ocrx_word' id='word_1_393' title='bbox 1178 2831 1305 2875; x_wconf 72' lang='lat' dir='ltr'>{lumen</span> <span class='ocrx_word' id='word_1_394' title='bbox 1331 2828 1475 2863; x_wconf 82' lang='lat' dir='ltr'>Merula</span> <span class='ocrx_word' id='word_1_395' title='bbox 1492 2854 1502 2871; x_wconf 98' lang='lat'>,</span> <span class='ocrx_word' id='word_1_396' title='bbox 1529 2828 1632 2874; x_wconf 78' lang='lat' dir='ltr'>oppi-</span> 
     </span>
     <span class='ocr_line' id='line_1_68' title="bbox 915 2873 1631 2923; baseline 0.004 -16"><span class='ocrx_word' id='word_1_397' title='bbox 915 2873 992 2907; x_wconf 85' lang='lat' dir='ltr'>dum</span> <span class='ocrx_word' id='word_1_398' title='bbox 1018 2876 1157 2911; x_wconf 82' lang='lat' dir='ltr'>Albium</span> <span class='ocrx_word' id='word_1_399' title='bbox 1185 2878 1383 2923; x_wconf 72' lang='lat' dir='ltr'>Inqaunum</span> <span class='ocrx_word' id='word_1_400' title='bbox 1437 2875 1483 2910; x_wconf 92' lang='lat' dir='ltr'>Cf</span> <span class='ocrx_word' id='word_1_401' title='bbox 1518 2875 1631 2910; x_wconf 82' lang='lat' dir='ltr'>Tacit.</span> 
     </span>
     <span class='ocr_line' id='line_1_69' title="bbox 913 2921 1632 2973; baseline 0.004 -17"><span class='ocrx_word' id='word_1_402' title='bbox 913 2921 998 2967; x_wconf 86' lang='lat' dir='ltr'>Agr.</span> <span class='ocrx_word' id='word_1_403' title='bbox 1027 2925 1057 2958; x_wconf 88' lang='lat'>7.</span> <span class='ocrx_word' id='word_1_404' title='bbox 1100 2925 1144 2959; x_wconf 90' lang='lat' dir='ltr'>Ut</span> <span class='ocrx_word' id='word_1_405' title='bbox 1169 2925 1285 2960; x_wconf 88' lang='lat' dir='ltr'>forma</span> <span class='ocrx_word' id='word_1_406' title='bbox 1311 2930 1496 2973; x_wconf 80' lang='lat' dir='ltr'>contracta</span> <span class='ocrx_word' id='word_1_407' title='bbox 1525 2924 1632 2960; x_wconf 76' lang='lat' dir='ltr'>Atti-</span> 
     </span>
     <span class='ocr_line' id='line_1_70' title="bbox 911 2973 1631 3020; baseline 0.008 -16"><span class='ocrx_word' id='word_1_408' title='bbox 911 2981 1063 3015; x_wconf 78' lang='lat' dir='ltr'>9aunum</span> <span class='ocrx_word' id='word_1_409' title='bbox 1106 2974 1206 3009; x_wconf 86' lang='lat' dir='ltr'>iuxta</span> <span class='ocrx_word' id='word_1_410' title='bbox 1245 2973 1387 3010; x_wconf 82' lang='lat' dir='ltr'>Albium</span> <span class='ocrx_word' id='word_1_411' title='bbox 1427 2974 1631 3020; x_wconf 64' lang='lat' dir='ltr'>Ingaunum</span> 
     </span>
    </p>
   </div>
  </div>
 </body>
</html>
