1768 3216
722 238 810 274 Gar.
839 238 993 275 15-16.
1547 235 1618 272 191

129 354 366 403 iamdudum
397 355 440 396 in
472 355 724 398 contrarium
753 355 943 410 accingi,
985 367 1064 396 nec
1104 366 1236 408 aequo
1265 354 1403 397 animo
1430 354 1621 409 perferre

126 429 235 472 hanc
260 434 445 472 nostram
477 442 552 484 pro
584 430 844 483 antiquorum
875 429 998 471 laude
1033 429 1314 471 concordiam.

263 504 358 550 Non
392 504 516 555 enim,
550 504 681 557 inquit
709 503 837 557 Aper,
870 503 1096 545 inauditum
1128 508 1167 545 et
1198 503 1460 545 indefensum
1493 514 1621 544 secu·-

128 576 210 625 lum
241 582 429 626 nostrum
456 578 590 631 patiar
618 578 696 618 hac
727 581 866 618 vestra
911 578 1222 630 conspiratione
1266 578 1466 619 damnari.
1538 576 1626 620 Sed*

127 651 209 695 hoc
237 652 414 706 primum
439 652 724 707 interrogabo,
759 663 862 705 quos
893 652 1053 693 vocetis
1084 652 1290 706 antiquos,
1321 664 1441 705 quam
1474 655 1657 693 orato-s

130 736 221 768 rum
250 730 427 768 aetatem
458 725 764 780 significatione
797 726 873 767 ista
906 725 1204 767 determinetis.
1264 725 1355 780 Ego
1387 725 1496 766 enim
1531 737 1623 766 cum

128 800 253 843 audio
284 799 492 854 antiquos,
528 800 730 853 quosdam
759 804 923 842 veteres
955 803 996 841 et
1026 799 1125 841 olim
1155 803 1274 841 natos
1306 799 1532 854 intelleg03
1570 810 1620 840 ac

129 874 229 918 mihi
261 878 480 921 versantur
510 878 605 915 ante
638 874 784 915 oculos
814 872 956 914 Ulixes
985 886 1035 915 ac
1064 873 1243 926 Nestor,
1290 885 1464 927 quorum
1507 877 1621 915 aetas

129 947 240 996 mille
269 948 360 990 sere
393 951 434 988 et
462 947 659 988 trecentis
692 947 811 988 annis
841 947 1024 988 seculum
1057 951 1243 988 nostrum
1268 948 1500 989 antecedit:
1547 958 1625 990 vos

130 1024 264 1064 autem
293 1020 615 1063 Demosthenem
649 1023 690 1060 et
722 1020 970 1074 Hyperidem
1001 1021 1221 1073 profertis,
1254 1032 1357 1074 quos
1388 1021 1487 1062 satis
1518 1031 1681 1062 con-to

133 1097 215 1137 stat
241 1093 413 1148 Philippi
445 1097 485 1135 et
516 1092 747 1135 Alexandri
777 1093 1032 1146 temporibus
1062 1093 1276 1145 floruisse,
1321 1095 1376 1135 ita
1417 1099 1554 1136 tamen
1582 1099 1627 1135 ut

128 1169 293 1222 utrique
323 1167 566 1221 superstites
599 1171 754 1209 essent.
818 1167 879 1208 Ex
910 1179 990 1220 quo
1018 1172 1187 1220 apparet
1216 1179 1300 1210 non
1330 1168 1455 1209 multo
1488 1168 1627 1222 plures

130 1253 252 1296 quam
285 1244 494 1283 trecentos
526 1252 657 1282 annos
690 1241 894 1282 interesse
926 1240 1033 1281 inter
1064 1245 1249 1282 nostram
1270 1246 1311 1283 et
1331 1242 1624 1284 Demosthenis

134 1319 325 1359 aetatem.
387 1314 505 1366 Quod
539 1314 713 1368 spatium
744 1313 942 1367 temporis
974 1313 1010 1354 si
1041 1313 1091 1355 ad
1117 1314 1388 1357 infirmitatem
1407 1327 1627 1369 corporum

225 1446 260 1481 4.
287 1444 356 1478 hae
400 1455 444 1478 ac
474 1444 510 1478 P.
606 1444 638 1479 7.
669 1443 826 1490 intelliqo
853 1444 888 1477 P.
996 1444 1030 1478 8.
1063 1443 1180 1478 Ulioees
1210 1446 1270 1490 (ab
1297 1444 1343 1479 al.
1374 1455 1418 1478 m.
1446 1455 1620 1489 superscr.

130 1497 182 1540 υ)
207 1494 256 1528 1⁸2
282 1492 310 1527 F
371 1493 479 1537 lyaees.
605 1503 649 1526 ac
674 1498 792 1526 nestor
819 1491 871 1525 P:
900 1491 926 1525 F
952 1497 984 1525 et
1008 1498 1191 1526 menestor.
1300 1494 1334 1527 9.
1362 1492 1455 1526 mille
1480 1492 1505 1526 P
1532 1496 1622 1539 (non

131 1542 225 1586 mile,
252 1547 290 1575 ut
315 1541 428 1575 refert
455 1539 642 1585 Orellius).
691 1540 806 1574 caedit
830 1539 869 1583 F,
898 1549 967 1572 non
996 1539 1032 1574 P.
1114 1542 1169 1575 10.
1196 1540 1417 1586 Hyperidem
1443 1541 1551 1586 (cl=
1582 1542 1620 1587 d)

131 1591 166 1627 P.
239 1590 434 1636 proferatis
459 1589 494 1623 P.
597 1589 650 1623 13.
678 1593 851 1623 trecentos
875 1588 921 1622 P:
947 1593 1119 1622 tercentos
1150 1587 1188 1621 F.

133 1700 316 1738 dissentire
351 1699 567 1743 ntanifestus.
637 1699 849 1744 Accingitur

132 1750 212 1783 sive
250 1758 290 1783 se
337 1748 495 1792 accingit
531 1747 631 1791 quasi
668 1746 771 1789 telo,
811 1751 848 1780 ut

916 1698 1035 1741 potius
1062 1708 1134 1731 non
1159 1697 1262 1731 multo
1278 1699 1390 1732 minus
1416 1709 1517 1742 quam
1538 1708 1627 1741 qua-

916 1746 1118 1790 drinyentos
1152 1756 1276 1779 annos.
1344 1746 1494 1780 Accedit
1531 1745 1628 1780 aliud

131 1796 356 1833 adversarios
382 1796 550 1839 excipiat.

190 1855 263 1879 non
290 1845 409 1879 em'm:
439 1842 528 1876 haec
556 1852 668 1887 usque
685 1842 728 1875 ad
742 1842 847 1876 finem

134 1894 264 1937 capitis
289 1894 336 1928 23
360 1890 728 1937 significavitTacitus
756 1902 788 1925 c.
812 1892 848 1924 t:

132 1952 242 1985 neque
282 1941 374 1975 em‘m
417 1940 524 1983 defuit
579 1940 636 1983 qui
676 1939 849 1972 diversam

134 2000 265 2034 quoque
289 1994 427 2034 partem
452 1988 641 2032 susciperet
669 1991 738 2020 cet.

202 2038 354 2083 primum
377 2035 602 2080 interroqabo
636 2046 718 2079 quos
743 2045 848 2067 voce-

133 2086 176 2119 tis
201 2086 381 2130 antiquos:
410 2088 463 2117 est
489 2082 676 2116 arti-ficium
705 2087 848 2116 vetera-

134 2134 243 2176 toris,
272 2134 332 2178 qui
369 2131 592 2166 adversarios
620 2130 848 2174 supplantare

135 2186 284 2215 conatur
312 2185 347 2215 et
375 2180 518 2214 turbare
553 2189 596 2214 eo
631 2178 725 2224 quod
763 2179 849 2212 fun-

134 2229 335 2263 damentum
390 2228 611 2273 quaestionis
653 2236 722 2259 non
769 2237 848 2260 esse

133 2277 297 2316 affirmat.

203 2337 275 2358 non
301 2323 406 2358 multo
427 2323 547 2369 plures
581 2334 682 2367 quam
708 2328 848 2355 trecen-

136 2379 187 2408 tos
224 2374 318 2407 inter
354 2378 510 2405 nostram
551 2377 583 2403 et
609 2369 849 2403 Demosthenis

133 2427 282 2457 aetatem
299 2433 309 2453 :
341 2418 604 2453 Demosthenes
631 2417 674 2450 ad
699 2421 848 2450 mortem

133 2474 234 2506 actus
259 2473 313 2504 est
339 2467 478 2511 Olymp.
511 2469 579 2500 114
603 2466 626 2500 3
650 2466 729 2498 sive
755 2473 847 2498 anno

133 2518 204 2555 322
245 2522 329 2555 ante
363 2514 541 2549 Christum
581 2518 712 2547 natum.
784 2512 849 2545 Hic

133 2575 250 2600 sermo
276 2564 416 2599 habitus
442 2563 622 2608 cogitatur
635 2566 736 2595 sexto
757 2569 848 2594 anno

134 2614 355 2658 principatus
385 2611 612 2654 Vespasiani,
640 2610 663 2642 i.
696 2619 726 2642 e.
756 2617 848 2640 anno

135 2662 180 2696 75
218 2671 239 2694 a
278 2659 361 2694 Chr.
396 2663 502 2700 nat03
537 2658 617 2690 anni
660 2657 768 2701 igitur
805 2656 849 2690 75

135 2708 243 2742 additi
273 2707 403 2741 ceteris
430 2706 592 2739 efficiunt
608 2704 690 2738 397.
725 2703 762 2736 ld
789 2713 850 2736 se-

135 2767 212 2790 cum
240 2756 444 2802 recogitans
459 2752 599 2797 Lipsius
625 2751 735 2785 suasit
757 2762 846 2796 qua-

136 2805 360 2849 drinyentos,
398 2807 432 2836 et
472 2801 564 2834 hanc
605 2799 847 2835 coniecturam

136 2852 297 2897 plerique
316 2851 471 2886 editores
499 2854 672 2893 tamquam
686 2857 757 2881 non
779 2848 848 2881 du-

136 2901 229 2935 biam
255 2903 483 2944 acceperunt.
519 2896 588 2932 Sed
615 2906 661 2930 ne
686 2897 738 2930 sic
765 2897 847 2941 qui-

137 2949 215 2985 dem
250 2949 340 2983 ratio
376 2946 477 2983 salva
506 2949 579 2981 est:
619 2953 700 2979 nam
725 2943 849 2979 debuit

916 1804 1032 1838 neque
1073 1805 1092 1827 a
1124 1793 1244 1838 Lipsio
1289 1804 1406 1838 neque
1446 1805 1466 1827 a
1498 1795 1628 1828 ceteris

915 1841 1211 1876 animadversum.
1249 1841 1419 1877 Nimirum
1445 1841 1628 1887 colligun-

916 1895 971 1923 tur
1007 1891 1087 1923 anni
1130 1899 1200 1922 non
1241 1890 1300 1934 qui
1350 1889 1564 1923 effluxerunt
1607 1901 1629 1925 a

914 1942 1027 1971 morte
1056 1937 1307 1972 Demosthenis
1344 1948 1457 1983 usque
1490 1938 1532 1972 ad
1558 1938 1628 1972 ho..

915 1986 1075 2020 diernum
1111 1986 1366 2030 disputantium
1405 1986 1519 2029 diem,
1565 1987 1629 2020 sed

917 2035 975 2078 qui
1014 2035 1192 2068 interiecti
1233 2038 1314 2067 sunt
1351 2035 1444 2067 inter
1481 2039 1629 2067 mortem

916 2081 1167 2121 Demosthenis
1217 2087 1252 2115 et
1285 2087 1437 2115 aetatem
1475 2082 1630 2127 loquen-

916 2131 1002 2163 tium
1023 2156 1032 2172 ,
1082 2131 1115 2163 h.
1148 2141 1180 2164 e.
1215 2131 1385 2174 temporis
1419 2131 1572 2174 spatium
1610 2141 1630 2163 a

916 2177 1167 2212 Demosthenis
1191 2183 1304 2212 morte
1341 2189 1454 2222 usque
1480 2178 1523 2211 ad
1550 2188 1630 2211 eunt

917 2226 1022 2269 diem,
1048 2236 1117 2271 quo
1144 2228 1278 2270 incepit
1304 2231 1400 2259 aetas
1422 2225 1627 2267 dicentium,

915 2274 1014 2317 Apri,
1041 2273 1217 2313 Secundi,
1243 2274 1412 2313 Materni,
1442 2272 1626 2313 Messalae,

916 2332 957 2354 ac
983 2320 1073 2353 nihil
1099 2321 1215 2353 obstat
1241 2330 1310 2364 quo
1335 2321 1449 2352 minus
1476 2319 1519 2352 ad
1546 2329 1627 2352 eum

916 2369 973 2412 qui
1002 2369 1134 2411 primus
1172 2378 1216 2400 ex
1246 2367 1299 2400 his
1326 2372 1429 2400 natus
1459 2371 1512 2400 est
1538 2367 1628 2400 ratio

916 2421 1112 2458 temporum
1140 2414 1323 2460 dirigatur.
1361 2414 1462 2457 Quod
1491 2419 1628 2458 tempus

916 2463 974 2496 uhi
1014 2463 1230 2496 subtractum
1267 2464 1355 2505 erit,
1400 2473 1443 2495 ex
1481 2472 1628 2496 numero

916 2521 1084 2544 annorum
1107 2511 1176 2545 397
1204 2510 1333 2556 reliqui
1359 2515 1439 2543 sunt
1467 2510 1542 2544 fere
1557 2510 1629 2545 350

916 2559 1011 2601 anni,
1038 2568 1173 2603 eosque
1192 2559 1317 2592 eodem
1339 2559 1415 2591 iure
1431 2570 1501 2591 non
1524 2558 1628 2592 mutto

912 2606 1032 2651 plures
1057 2618 1160 2651 quam
1186 2613 1357 2640 trecentos
1384 2618 1496 2640 annos
1514 2606 1629 2649 potuit

917 2656 1151 2700 consignare,
1180 2665 1248 2699 quo
1279 2654 1384 2698 paulo
1410 2659 1491 2687 ante
1517 2662 1627 2686 annos

920 2703 1011 2738 1258
1052 2702 1107 2747 (h.
1146 2715 1177 2736 e.
1217 2703 1308 2736 1183
1345 2713 1363 2734 a
1391 2701 1491 2734 'troia
1527 2704 1629 2743 capta

918 2761 1029 2795 usque
1065 2750 1108 2783 ad
1144 2750 1318 2783 Christum
1360 2753 1395 2781 et
1420 2750 1463 2782 75
1499 2759 1518 2781 a
1544 2747 1627 2780 Chr.

917 2810 951 2832 n.
980 2808 1092 2842 usque
1119 2797 1161 2830 ad
1188 2807 1314 2830 annum
1342 2801 1478 2829 sextum
1493 2796 1629 2839 Vespa-

917 2847 1007 2879 siani
1026 2846 1263 2890 imperatoris)
1277 2843 1536 2877 notavit‘mille
1552 2843 1629 2877 fere

919 2899 954 2928 et
978 2897 1156 2927 trecentos
1184 2892 1317 2926 annos’.
1369 2892 1421 2925 Ac
1447 2902 1532 2926 saue
1559 2892 1628 2925 im-

917 2942 1077 2977 minuere
1122 2941 1260 2988 copiam
1304 2949 1475 2975 annorum
1524 2948 1628 2986 quam
