1768 3216
153 263 178 296 4
735 246 1043 287 HISTORIARVM
1430 251 1466 277 a.
1491 249 1530 276 u.
1555 239 1644 278 822.

157 377 278 421 simul
315 376 467 419 veritas
506 372 687 429 pluribus
724 369 858 412 modis
900 367 1103 420 infracta,
1153 365 1331 420 primum
1375 358 1542 405 inscitia
1582 356 1647 404 rei

158 452 347 508 publicae
374 454 418 492 ut
446 449 629 500 alienae,
662 428 963 488 mox’libidine
994 440 1241 485 adsentandi
1277 443 1346 481 aut
1371 449 1518 490 rursus
1545 435 1646 479 odio

157 527 357 569 adversus
408 524 686 566 dominantes:
740 522 795 572 ita
839 519 1017 566 neutris,
1059 529 1157 560 cura
1207 514 1484 571 posteritatis,
1539 511 1649 555 inter

160 601 342 642 infensos
389 597 456 641 vel
512 596 732 639 obnoxios.
792 594 872 638 Sed
930 592 1196 636 ambitionem
1251 588 1470 645 scriptoris
1524 585 1650 630 facile

127 674 395 727 saverseris,
447 672 691 715 obtrectatio
742 674 782 714 et
820 670 929 712 livor
966 667 1108 724 pronis
1150 665 1318 710 auribus
1369 661 1649 719 accipiuntur:

161 751 307 806 quippe
338 748 562 792 adulationi
593 746 759 790 foedum
790 745 945 788 crimen
976 742 1210 795 servitutis,
1252 739 1500 795 malignitati
1542 736 1648 781 falsa

165 824 328 880 species
365 822 566 866 libertatis
598 822 718 864 inest.
756 821 855 864 Mihi
888 819 1016 863 Galba
1043 818 1150 861 Otho
1183 815 1371 858 Vitellius
1404 826 1484 858 nec
1514 813 1653 857 bene-

162 899 256 941 ficio
287 911 366 941 nec
394 897 543 939 iniuria
586 895 756 951 cogniti.
814 894 1065 950 Dignitatem
1104 896 1287 934 nostram
1327 904 1350 933 a
1390 887 1650 945 Vespasiano

167 973 425 1026 inchoatam,
469 985 492 1014 a
530 971 620 1013 'l'ito
662 974 844 1023 auctam,
877 984 900 1013 a
931 968 1167 1012 Domitiano
1205 966 1373 1023 longius
1409 967 1651 1020 provectam

111 1058 150 1088 10
165 1061 249 1092 non
279 1047 512 1092 abnuerim:
545 1045 619 1089 sed
651 1046 927 1100 incorruptam
959 1044 1079 1088 fidem
1111 1042 1313 1100 professis
1343 1053 1480 1096 neque
1508 1051 1653 1084 amore

293 1173 328 1210 4.
352 1175 468 1220 fensos
491 1170 569 1207 Ma:
602 1170 629 1206 G
654 1173 820 1218 infensos.

163 1220 208 1259 η
276 1222 330 1258 Ma
368 1222 395 1257 l.
486 1220 514 1257 G
884 1172 918 1207 5.
935 1170 1133 1206 aduerseris
1159 1167 1263 1205 GMss:
1291 1167 1451 1204 correxit
1476 1164 1650 1205 turcius.

176 1234 252 1270 μον
331 1249 341 1267 ,
382 1234 460 1258 tuor
517 1246 525 1255 .
1394 1231 1395 1234 ,

600 1219 634 1256 6.
661 1220 801 1267 faedam
823 1219 887 1256 Ma.
966 1221 999 1256 7.
1026 1219 1134 1255 michi
1157 1218 1223 1255 Ma.

234 1348 334 1384 simul
358 1350 487 1384 veritas
508 1348 666 1395 pluribus
690 1348 799 1390 modis
815 1348 872 1382 in-

165 1398 304 1446 fracta.-
331 1403 370 1432 ut
396 1398 505 1433 verba
529 1408 658 1443 magna
679 1396 745 1431 itta
773 1398 876 1442 inqe-

165 1449 229 1482 nia
256 1458 388 1482 cessere
423 1447 634 1482 contrarium
666 1446 743 1480 eius
781 1445 874 1492 quod

172 1501 247 1531 erat
269 1498 352 1543 pari
376 1496 573 1541 eloquentia
601 1494 796 1538 continent,
822 1495 875 1528 sic

168 1556 259 1590 quae
287 1547 356 1589 iam
382 1549 578 1590 sequuntur
603 1545 767 1588 opposita
793 1548 874 1577 sunt

167 1593 324 1628 libertati
352 1603 472 1633 eorum
496 1594 705 1638 scriptorum
732 1593 792 1638 qui
818 1602 875 1626 res

166 1642 290 1687 populi
327 1641 475 1676 Romani
519 1642 679 1676 veritatis
719 1645 876 1675 amantes

172 1695 421 1724 memorarunt.
451 1690 605 1724 Verbum
619 1691 778 1734 infracta
798 1694 880 1734 apte

174 1738 366 1783 respondet
408 1738 563 1784 pluribus
608 1738 740 1773 modis:
788 1738 881 1771 modi

178 1787 270 1820 enim
286 1787 427 1830 proprie
442 1792 523 1820 sunt
546 1788 737 1821 varietates
752 1797 879 1821 vocum

178 1834 407 1881 (Melodien),
450 1836 510 1879 qui
535 1834 597 1868 nbi
621 1837 692 1868 vim
719 1845 816 1868 suam
847 1839 882 1868 et

176 1882 397 1916 nobilitatem
417 1882 637 1926 amiserunt,
674 1882 777 1916 fracti
804 1889 883 1916 esse

177 1933 256 1965 sive
279 1931 427 1976 infracti
463 1930 636 1966 dicuntur.
688 1930 882 1976 Utrumque

176 1984 307 2021 tamen,
334 1983 369 2013 et
383 1978 491 2013 modis
517 1984 552 2013 et
571 1980 739 2024 infracta,
768 1985 885 2013 trans-

175 2027 249 2062 late
290 2027 324 2061 h.
361 2027 386 2062 l.
420 2029 570 2071 positum
617 2032 682 2063 est.
793 2030 886 2062 inter

180 2077 334 2121 infensos
355 2075 410 2109 vel
439 2076 605 2110 obnoaeios
629 2077 747 2124 (unter
759 2076 883 2111 Ertit-

177 2130 287 2158 ter-ten
312 2123 395 2158 oder
415 2125 684 2170 Befanqenenj:
714 2124 885 2170 quemad-

176 2171 316 2206 modum
361 2173 552 2217 scriptores
591 2184 708 2208 rerum
750 2173 884 2207 duabus

177 2221 335 2265 partibus
361 2222 613 2255 assentantium
637 2227 695 2256 aut
721 2221 802 2256 odio
829 2223 887 2256 in-

179 2269 400 2315 dulgentium
443 2270 546 2304 modo
602 2271 744 2307 discreti
794 2276 886 2314 sunt,

177 2318 230 2351 sic
256 2318 366 2352 ceteri
395 2328 536 2364 quoque
567 2318 733 2353 homines
761 2321 887 2363 partim

176 2365 308 2399 infensi
336 2371 434 2400 erant
457 2367 675 2411 principibus
692 2369 816 2411 partim
837 2369 889 2402 eis

179 2413 342 2447 obstricti
368 2416 534 2458 praemiis
561 2420 666 2461 atque
691 2416 888 2460 beneficiis,

176 2466 216 2495 ut
244 2461 394 2496 liberum
422 2464 528 2497 animi
560 2464 731 2498 iudicium
771 2476 887 2510 neque

178 2510 246 2554 ipsi
279 2510 441 2554 proferre
477 2523 594 2557 neque
618 2513 674 2560 *ab
705 2512 775 2547 alio
803 2524 888 2558 pro-

178 2559 378 2593 nuntiatum
405 2560 558 2595 tolerare
581 2566 737 2605 possent.
758 2596 761 2600 ,

235 2607 456 2642 ambitionem
468 2610 647 2655 scriptoris
661 2610 769 2654 facile
783 2621 887 2644 aver-

176 2656 265 2689 seris
280 2667 291 2689 .·
310 2656 457 2691 verbum
471 2659 643 2701 aversari,
664 2658 698 2693 h.
713 2669 744 2692 e.
763 2669 887 2694 averso

178 2704 294 2737 animo
322 2706 497 2750 accipere,
523 2706 649 2741 scribis
679 2708 795 2741 minus
823 2718 887 2742 co-

179 2753 315 2796 gnitum
352 2758 387 2787 et
421 2753 490 2788 hoc
527 2754 608 2789 loco
639 2759 674 2789 et
707 2755 786 2789 aliis
820 2757 888 2790 ad-

178 2802 313 2835 versari
349 2802 518 2846 scriptum
551 2808 629 2838 est:
670 2804 733 2838 sed
775 2805 888 2839 ambi„

179 2848 304 2882 tionem
334 2851 514 2896 scriptoris
554 2852 741 2886 adversari
763 2853 887 2888 soloe-

180 2896 308 2930 cismus
334 2903 387 2932 est
410 2909 481 2932 non
496 2899 677 2945 ferendus,
706 2905 742 2935 et
757 2902 886 2936 adver-

178 2945 254 2977 sari
270 2947 372 2980 tertio
387 2957 469 2982 casu
482 2948 651 2995 iungitur,
662 2960 733 2984 non
747 2955 884 2996 quarto.

178 2989 338 3030 Formam
365 3005 437 3031 non
459 3003 657 3043 corruptam
683 2997 737 3035 Ma
758 3009 885 3036 serva-

941 1348 994 1382 vit
1023 1347 1064 1382 H.
1092 1346 1141 1382 111
1166 1346 1225 1391 25,
1255 1345 1370 1381 codex
1397 1343 1656 1381 Perizonianu·

941 1399 977 1431 in
1005 1395 1046 1431 O.
1074 1396 1131 1431 20.
1167 1401 1171 1404 ’

1011 1445 1248 1491 principatum
1275 1443 1346 1477 divi
1368 1442 1508 1478 Nervae
1529 1446 1562 1477 et
1582 1441 1656 1476 >in-

940 1495 1077 1541 perium
1099 1493 1266 1528 Traiani.-
1292 1491 1410 1526 Nerva
1437 1496 1475 1526 ut
1489 1491 1657 1538 princepe

944 1544 1095 1577 maxime
1122 1540 1338 1577 excelluisse
1364 1542 1463 1575 visus
1489 1538 1657 1584 est,‘l'ra-

945 1593 1048 1625 ianus
1074 1596 1112 1625 ut
1137 1593 1339 1637 imperator.
1377 1588 1567 1635 Copiosius
1590 1598 1658 1624 ex·-

945 1640 1055 1685 plicui
1083 1639 1125 1674 ad
1151 1640 1236 1685 Agr.
1271 1650 1302 1673 c.
1329 1640 1364 1674 3.
1461 1638 1660 1673 uberiorem

945 1689 1224 1733 securioremque
1249 1688 1455 1722 materiam.-
1494 1687 1660 1731 securio-

945 1749 1019 1772 rem
1057 1737 1238 1772 materiam
1264 1736 1404 1771 Nervae
1439 1736 1659 1782 principatus

946 1791 982 1822 et
1006 1785 1144 1821 Traiani
1181 1786 1368 1830 imperium
1399 1785 1573 1831 praebere
1599 1785 1660 1820 vi-

947 1835 1122 1869 debantur
1147 1834 1332 1877 scribenti,
1359 1839 1550 1879 propterea
1563 1833 1660 1881 quod

949 1894 970 1916 a
992 1883 1145 1917 veritate
1168 1892 1240 1916 non
1267 1882 1375 1916 facile
1401 1882 1567 1917 aberrare
1593 1892 1662 1927 po-

949 1935 1052 1966 terat.
1102 1931 1188 1966 Nam
1241 1941 1320 1964 cum
1371 1930 1662 1975 praecedentium

951 1981 1149 2024 principum
1173 1989 1230 2013 res
1266 1984 1326 2013 aut
1362 1978 1511 2014 libidine
1538 1989 1666 2014 assen-

951 2029 1047 2063 tandi
1074 2034 1134 2063 aut
1153 2027 1235 2062 odio
1252 2027 1422 2062 adversus
1443 2027 1666 2063 dominantes

953 2079 1171 2125 compositae
1212 2081 1354 2121 essent,
1398 2087 1528 2124 magna
1570 2087 1665 2112 novo

952 2127 1116 2171 scriptori
1157 2126 1324 2160 cautione
1369 2136 1460 2171 opus
1512 2130 1588 2160 erat
1629 2131 1667 2160 ut

951 2186 1075 2209 verum
1094 2175 1271 2209 traderet:
1299 2174 1360 2209 sed
1379 2175 1530 2220 partium
1548 2175 1666 2210 studio

954 2229 988 2258 et
1023 2224 1105 2258 odio
1142 2224 1209 2258 iam
1247 2225 1364 2268 sopito
1400 2224 1543 2259 facilius
1590 2229 1666 2258 erat

952 2283 1075 2306 verum
1111 2272 1311 2317 explorare.
1361 2272 1453 2317 Alii,
1489 2277 1528 2307 ut
1562 2272 1666 2308 Wal-

953 2321 1097 2365 therus,
1134 2322 1347 2356 securiorem
1380 2321 1591 2368 intelligunt
1623 2321 1668 2357 de

955 2370 1062 2404 nullis
1105 2371 1281 2404 aerumnis
1317 2381 1337 2405 e
1375 2371 1530 2415 publicis
1564 2369 1667 2406 malis

955 2419 1113 2452 oriundis
1141 2424 1175 2453 et
1203 2430 1222 2452 a
1249 2420 1423 2464 scriptore
1458 2419 1667 2463 tolerandis,

956 2467 1018 2501 sed
1044 2467 1113 2501 hoc
1140 2472 1175 2501 et
1199 2467 1308 2514 longe
1331 2469 1480 2513 petitum
1495 2473 1530 2503 et
1546 2479 1668 2514 parum

957 2527 1001 2550 ex
1027 2516 1174 2562 ingenio
1203 2516 1314 2551 Taciti
1349 2516 1480 2552 dictum
1515 2518 1667 2553 videtur.

955 2565 1088 2609 Aperte
1105 2565 1194 2599 haec
1208 2566 1404 2610 respiciunt
1420 2568 1551 2612 priora,
1576 2572 1668 2612 quae

956 2615 1033 2647 sine
1061 2613 1143 2647 odio
1168 2618 1203 2648 et
1222 2625 1340 2649 amore
1364 2615 1500 2650 referre
1519 2615 1669 2651 difficile

958 2673 1036 2697 esse
1075 2662 1258 2707 professus
1291 2669 1379 2700 erat.
1431 2664 1596 2699 Ceterum
1624 2665 1670 2699 de

958 2710 1111 2744 consilio
1134 2711 1244 2746 Taciti
1272 2712 1403 2747 dictum
1426 2714 1462 2748 in
1479 2714 1670 2748 Prooemio

958 2770 988 2794 c.
1017 2759 1050 2794 9.

1018 2807 1102 2852 Cap.
1129 2811 1163 2845 2.
1200 2815 1304 2844 atrox
1321 2810 1487 2857 proeliis:
1514 2809 1670 2846 Orellius

956 2865 1020 2899 per
1051 2856 1223 2892 Historias
1252 2859 1329 2893 fere
1356 2869 1497 2903 semper
1522 2859 1671 2893 formam

953 2905 1128 2949 praelium
1154 2908 1261 2940 tacite
1291 2907 1466 2951 exhibuit,
1492 2907 1555 2942 sed
1576 2908 1671 2942 idem

957 2957 1106 2988 testatus
1140 2959 1194 2989 est
1231 2956 1267 2988 in
1301 2953 1478 3000 M'priore
1511 2957 1672 3002 plerum-

955 3012 1024 3047 que
1067 3007 1103 3037 et
1144 3005 1332 3049 perpaucis
1371 3006 1532 3051 exceptis
1579 3005 1671 3042 locis
