1768 3216
141 243 176 271 a.
201 241 242 269 ιι.
265 233 353 270 831.
406 243 428 268 a
453 232 493 269 C.
522 234 581 270 78.
735 233 824 271 Gn.
855 234 1011 273 16-18.
1569 238 1643 276 11⁸

140 351 437 408 *aliquando
466 364 554 399 non
592 351 809 396 incruenta
820 367 833 405 3
874 365 1153 410 magnamque
1193 353 1449 409 Brigantum-
1476 358 1638 409 partein

144 432 216 472 aut
242 429 422 471 victoria
451 427 666 482 amplexus
696 432 761 471 est
790 433 860 470 aut
888 429 1013 472 bello.
1086 429 1138 471 Et
1167 428 1344 472 Cerialis
1374 428 1542 484 quidem
1571 430 1639 473 al-

144 503 275 548 terius
303 503 568 546 successoris
597 515 739 545 curam
767 504 1002 558 famamque
1022 504 1244 557 obruisset,
1290 519 1317 548 *
1359 518 1387 548 ιοι
1430 518 1457 548 as
1502 505 1640 549 susti·-

144 578 316 632 mque
344 578 498 620 molem
525 578 650 620 lulius
679 579 916 632 Frontinus,
946 579 1012 621 vir
1034 591 1224 634 magnus,
1252 583 1446 633 quantum
1469 579 1639 633 licebat,-

145 651 411 706 vnlidamque
439 657 480 694 et
508 664 742 707 pugnacem
775 653 956 695 Silurum
985 657 1153 708 gentem
1184 654 1311 696 armis
1340 654 1531 709 subegit,
1563 665 1673 698 su-s

144 737 222 780 per
243 726 438 768 virtutem
466 726 647 768 bostium
675 727 867 770 locorum
897 740 1062 782 quoque
1091 728 1355 771 difficultates
1384 729 1599 772 eluctatus.

77 809 153 850 18-
207 833 211 835 Α
282 801 401 844 Hunc
428 800 669 844 Britanniae
697 806 871 856 statum,
903 803 979 846 has
1010 803 1215 846 bellorum
1243 804 1361 846 vices
1389 804 1529 847 media
1556 804 1640 847 iam

147 879 306 918 aestate
334 879 623 930 transgressus
662 877 866 932 Agricola
906 877 1086 931 invenit,
1130 891 1223 920 cum
1263 882 1305 920 et
1339 878 1493 921 milites
1529 879 1643 921 velut

148 949 307 997 omissa
336 938 606 1003 expeditione
636 950 690 992 ad
722 951 991 994 securitatem
1018 957 1060 994 et
1098 952 1241 995 hostes
1280 953 1333 1009 agl
1371 954 1642 995 occasionem

146 1027 424 1068 verterentur.
504 1024 758 1067 Ordovicum
798 1008 946 1068 c1⁴vitas
985 1026 1095 1068 haud
1125 1026 1253 1068 multo
1285 1032 1381 1070 ante
1419 1029 1640 1071 adventum
1654 1037 1694 1067 1⁰

147 1099 240 1146 eius
268 1098 377 1142 alam
405 1098 449 1141 in
465 1098 615 1141 finibus
643 1099 730 1141 suis
755 1105 950 1155 agentem
976 1113 1106 1155 prope
1132 1102 1372 1145 universam
1390 1103 1642 1157 obtriverat3

286 1247 323 1283 2.
349 1245 528 1292 amplexus
555 1251 604 1279 est
629 1247 712 1282 I'A:
738 1245 918 1292 amplexus
942 1246 1171 1282 Puteolanus.
1247 1255 1279 1283 et
1304 1250 1370 1286 ΓΔ
1382 1262 1391 1284 :
1409 1256 1441 1285 et
1467 1263 1545 1286 cum
1570 1252 1644 1288 Pu-

148 1293 327 1329 teolanus.
422 1295 458 1329 3.
485 1293 603 1327 hiatus
629 1295 733 1340 signa
758 1299 840 1328 sunt
868 1295 912 1329 ab
940 1295 1088 1330 editore.
1186 1299 1413 1343 sustinuitque
1437 1301 1510 1341 ΓΔ,
1537 1302 1644 1334 susti-

148 1344 227 1378 nuit
252 1353 385 1388 quoque
409 1342 639 1377 Puteolanus.
703 1343 737 1377 5.
764 1343 987 1387 ualidamque
1010 1346 1090 1379 TA:
1114 1345 1323 1390 ualidisque
1347 1360 1375 1382 π
1391 1349 1430 1390 1,
1455 1348 1644 1382 ualidam..

150 1397 215 1437 que
237 1392 309 1428 212.
359 1390 394 1425 6.
421 1391 579 1425 locorum
603 1402 735 1435 quoque
760 1393 840 1427 TA:
865 1391 1083 1426 Puteolanus
1110 1393 1308 1440 loeorumq3
1320 1397 1386 1440 (ex
1404 1395 1643 1447 locorumff)

154 1440 210 1476 10.
235 1443 460 1474 uertereutur
483 1440 521 1475 Δ
543 1444 579 1473 et
606 1439 844 1473 Puteolanus:
874 1441 907 1475 Γ
926 1446 1120 1476 uterentur.

153 1549 368 1584 Frontinus.-
398 1547 616 1582 Puteolanus
642 1550 776 1584 inserto
795 1561 872 1584 cum

154 1602 238 1632 ante
261 1607 393 1631 nomen
420 1596 585 1640 Cerialis,
613 1602 687 1631 tum
708 1599 872 1632 sustinuit

155 1657 288 1692 quoque
326 1655 392 1690 pro
431 1646 658 1690 sustiriuitque
699 1646 870 1680 mutando

152 1694 277 1729 verbis
323 1693 456 1727 luxatis
491 1704 702 1729 succurrere
741 1695 872 1729 frustra

153 1743 319 1777 tentavit.
372 1741 461 1776 Nam
499 1747 580 1786 post
617 1754 695 1777 cum
719 1744 758 1777 in
783 1754 870 1788 pro-

152 1792 222 1826 tasi
262 1800 325 1835 pro
365 1791 520 1835 quamvis
561 1792 715 1834 positum
754 1798 871 1826 tamen

156 1840 327 1885 subsequi
360 1843 421 1872 ant
456 1839 678 1885 cogitatione
711 1840 871 1885 suppleri

156 1887 277 1931 debet,
302 1897 434 1933 quoque
461 1887 619 1922 alienum
646 1892 713 1923 est.
753 1889 871 1923 Susti-

155 1937 299 1982 nuitque
324 1940 463 1978 autem,
489 1941 638 1980 perapte
664 1936 800 1971 dictum
833 1938 870 1970 in

156 1985 335 2030 principio
382 1986 587 2019 sententiae
638 1996 701 2029 pro
751 1986 871 2030 itaque

157 2034 322 2068 sustinuit
365 2032 430 2074 (cf.
466 2034 589 2067 an'not.
626 2033 670 2067 ad
707 2033 753 2067 1v
791 2035 869 2080 21),

159 2082 305 2116 minime
331 2081 575 2115 attentandum
599 2080 663 2115 sed
686 2081 868 2116 incolume

158 2129 353 2165 tenendum
382 2133 448 2163 est.
510 2129 602 2163 Hinc
633 2129 766 2164 clarum
791 2135 871 2174 post

161 2178 330 2213 obruisset
371 2182 484 2211 totum
516 2188 658 2211 versum
693 2178 871 2212 excidisse

161 2229 231 2261 iam
272 2229 336 2260 vix
365 2226 649 2268 restituendum,
689 2236 760 2272 quo
802 2226 871 2260 hoc

162 2276 335 2309 monitum
351 2273 464 2307 fuisse
480 2275 655 2317 suspicor,
683 2275 756 2308 illis
776 2279 871 2308 tem-

162 2322 309 2367 poribus
334 2322 491 2356 virorum
516 2322 711 2367 insignium
735 2332 871 2365 suppe-

164 2372 251 2405 tisse
290 2380 453 2415 magnam
488 2370 640 2413 copiam.
704 2369 870 2412 Exempli

166 2419 308 2466 gratia,
354 2427 426 2451 non
469 2421 588 2451 tamen
639 2417 870 2461 suppleturus

164 2469 282 2514 ipsum
314 2465 494 2508 Tacitum,
530 2465 599 2499 hoc
632 2465 800 2499 tentabo:
839 2470 870 2498 et

168 2515 321 2550 Cerialis
356 2513 495 2559 quidem
519 2536 565 2541 -
593 2513 780 2556 obruisset,
811 2512 871 2546 sed

164 2564 221 2599 itti
254 2562 371 2599 seculo
410 2563 511 2608 pacis
554 2561 700 2607 bellique
742 2562 872 2596 decora

166 2623 240 2646 uon
278 2612 473 2656 defuerunt.
529 2611 765 2654 sustinuitque
800 2613 869 2643 cet.

168 2659 325 2695 Orellius
373 2659 529 2692 coniecit
574 2658 769 2700 obruisset,
808 2657 870 2691 sed

167 2708 341 2743 sustinuit.

241 2778 297 2811 vir
322 2788 491 2822 maynus,
531 2780 698 2820 qttautum
728 2774 876 2811 licebat:

173 2826 413 2870 Vespasianus
438 2824 615 2868 pecuniae
652 2834 800 2868 parcus,
837 2828 875 2857 ut

170 2879 314 2919 praeter
341 2873 474 2908 Siluras
502 2872 591 2905 alias
618 2877 745 2917 gentes
771 2873 875 2906 armis

171 2927 313 2967 peteret
351 2921 567 2963 Frontinus,
618 2930 691 2954 non
725 2920 877 2955 'videtur

175 2971 410 3009 concessisse.
440 2969 546 3005 Certe
571 2968 684 3006 verba
710 2974 876 3016 quantum

282 3055 405 3090 Tacitus
425 3053 480 3087 W.

943 1551 1071 1586 licebat
1117 1551 1161 1586 de
1195 1552 1449 1597 impedimento
1482 1553 1646 1592 Caesaris

943 1601 1154 1644 accipienda
1177 1607 1271 1635 sunt.
1296 1601 1488 1637 Frontinus
1513 1605 1577 1640 ille
1593 1611 1647 1640 est

944 1649 1004 1693 qui
1039 1651 1239 1693 composuit
1272 1651 1535 1698 Strategemata
1571 1660 1643 1694 cet.

943 1695 1046 1730 Conf.
1081 1703 1201 1732 annot.
1223 1699 1273 1733 *ad
1299 1699 1340 1733 H.
1368 1700 1418 1734 lv
1444 1700 1503 1736 39.
1557 1701 1645 1738 Cum

942 1743 1033 1778 haec
1046 1745 1186 1780 Tacitus
1203 1747 1358 1790 scripsit,
1377 1753 1519 1782 curator
1530 1760 1646 1795 aqua-

940 1803 1016 1827 rum
1043 1793 1234 1828 Frontinus
1259 1795 1349 1838 fuit,
1379 1798 1512 1832 amicus
1538 1798 1647 1833 Plinii

940 1842 1087 1875 minoris
1132 1843 1265 1888 (Epist.
1306 1844 1355 1878 lx
1396 1845 1482 1890 19),
1534 1851 1645 1893 utque

940 1891 1112 1934 suspicari
1140 1891 1226 1926 licet
1251 1893 1359 1926 etiam
1384 1893 1507 1928 Taciti.

1015 1962 1172 1996 Silurum
1193 1969 1350 2008 yentem:
1379 1965 1517 2000 Silures
1543 1967 1644 2000 occi-

941 2008 1083 2044 dentem
1118 2022 1244 2045 versus
1269 2013 1306 2046 in
1342 2023 1455 2059 regno
1484 2013 1645 2048 Valisiae

940 2058 1112 2104 (Wales)
1140 2059 1276 2094 Plinius
1292 2060 1340 2094 1v
1357 2063 1424 2097 30:
1450 2074 1553 2108 super
1569 2073 1646 2096 eam

939 2106 1029 2140 haec
1052 2108 1122 2140 sita
1147 2114 1196 2142 est
1212 2109 1420 2154 (Hibernia)
1447 2110 1646 2144 brevissimo

942 2156 1094 2189 transitu
1120 2167 1143 2189 a
1167 2157 1323 2191 Silurum
1346 2163 1449 2203 qente
1474 2158 1576 2192 XXX
1593 2159 1645 2192 M.

938 2214 1113 2248 passuum.
1138 2204 1364 2239 Ptolemaeus
1391 2205 1423 2239 11
1450 2207 1472 2240 3
1513 2209 1548 2251 S.
1574 2208 1648 2241 242

943 2253 1089 2288 τούτων
1115 2254 1316 2300 (Δημητῶν
1342 2258 1377 2286 et
1406 2253 1645 2298 Τρινοουάν-

940 2303 1032 2344 των)
1063 2301 1096 2335 δ’
1121 2299 1439 2346 α’νατολικώιεροι
1473 2303 1643 2346 Σίλυρες.

942 2346 1046 2380 Conf.
1080 2347 1188 2380 Tacit.
1218 2347 1281 2382 ΧΠ
1307 2349 1355 2383 32
1381 2352 1416 2381 et
1442 2348 1489 2382 38
1516 2353 1552 2382 et
1584 2349 1644 2384 40.

1033 2416 1254 2460 difficultates
1291 2417 1481 2454 eluctatus.-
1522 2418 1563 2452 H.
1598 2418 1648 2453 lii

941 2464 1012 2499 59:
1038 2466 1135 2498 nites
1160 2466 1389 2500 eluctantibus
1412 2467 1527 2512 patuit
1552 2471 1621 2501 cet.

1014 2533 1099 2579 Cap.
1129 2534 1185 2569 18.
1214 2536 1262 2569 ati
1284 2538 1504 2571 occasionem
1528 2543 1645 2571 verte-

940 2589 1063 2617 rentur
1074 2596 1086 2616 .·
1111 2585 1337 2619 occasionem
1354 2584 1439 2619 dicit
1455 2584 1647 2618 invadendi

947 2641 991 2665 ex
1017 2630 1156 2665 insidiis
1183 2631 1320 2666 hostem
1349 2637 1384 2666 et
1418 2631 1646 2677 expugnandi

947 2679 1108 2713 castella.
1150 2679 1292 2714 Codicis
1329 2682 1359 2714 Γ
1384 2686 1564 2714 uterentur
1601 2689 1647 2713 ex

946 2729 1093 2772 antiquo
1118 2732 1310 2769 uterentur,
1342 2728 1374 2761 h.
1405 2739 1436 2761 c.
1463 2733 1646 2761 terlereu-

946 2781 1013 2815 tur,
1044 2780 1246 2818 corruptum
1273 2779 1338 2808 est.
1366 2773 1421 2808 Cf.
1449 2780 1570 2810 annot.
1601 2775 1647 2809 ad

946 2823 1026 2856 XVI
1050 2824 1109 2857 27.

1026 2870 1233 2904 Ordovicum
1266 2871 1414 2906 civitas:
1452 2870 1649 2905 Ordovices

947 2929 1052 2963 supra
1087 2918 1221 2953 Siluras
1257 2929 1277 2952 e
1323 2920 1473 2964 regione
1508 2918 1649 2953 insulae

944 2967 1073 3006 Monac
1099 2967 1306 3017 (Anqtesey)
1341 2967 1572 3014 habitabant,
1610 2971 1651 3005 ut

1424 3044 1455 3093 8
