1768 3216
164 212 237 256 '188

784 215 1045 256 AGRIGOLAE

164 339 343 381 connexi
384 337 494 379 velut
547 337 832 392 insurgerent3
884 337 1021 380 media
1068 338 1202 392 campi
1245 337 1483 380 covinarius
1532 351 1660 394 eques

162 413 334 467 strepitu
360 425 408 453 ac
430 412 623 454 discursu
656 412 901 466 complebat.
952 413 1051 455 Tum
1077 412 1294 468 Agricola,
1326 417 1549 468 superante
1578 414 1661 457 ho..

159 486 281 530 stium
312 486 584 540 multitudine,
617 487 772 530 veritus
804 499 857 530 ne
887 487 1008 530 simul
1040 488 1082 528 in
1113 487 1294 531 frontem
1324 487 1446 545 simul
1468 492 1509 531 et
1527 488 1660 532 latera

159 572 327 604 suorum
362 566 629 616 pugnaretur,
663 562 842 604 diductis
875 562 1112 617 ordinibus,
1145 575 1392 618 quamquam
1423 563 1659 619 porrectior

94 670 96 675 .
128 635 273 678 sactes
304 636 439 679 sutura
471 641 560 679 erat
590 641 630 680 et
649 637 926 680 arcessendas
942 637 1129 692 plerique
1147 638 1338 694 legiones
1359 637 1653 692 admonebant,

157 712 386 766 promptior
425 712 467 754 in
508 724 623 767 spem
667 717 708 755 et
747 713 887 755 firmus
930 713 1145 767 adversis,
1190 713 1362 756 dimisso
1395 725 1502 769 equo
1529 707 1730 769 pedesass

159 791 260 829 ante
291 787 442 830 vexilla
475 788 672 830 constitit.
718 788 782 830 Ac
813 789 946 843 primo
971 801 1206 844 congressu
1225 788 1386 831 eminus
1408 789 1657 832 certabatur.

159 861 371 916 Simulque
403 864 638 906 constantia
668 864 790 906 simul
821 868 909 906 arte
939 864 1127 906 Britanni
1159 864 1400 919 ingentibus
1431 863 1585 920 gladiis
1619 867 1660 909 et

156 937 352 980 brevibus
385 939 510 981 cetris
541 939 715 981 missilia
745 944 984 981 nostrorum
1014 940 1148 983 vitare
1183 939 1252 982 vel
1286 943 1500 993 excutere,
1535 943 1658 994 atque

109 1011 237 1068 ¹⁰ipsi
271 1025 463 1069 magnam
493 1014 576 1055 vim
608 1014 783 1056 telorum
814 1014 1135 1068 superfundere,
1170 1014 1306 1056 donec
1337 1013 1542 1069 Agricola
1571 1014 1659 1056 Ba·-

236 1158 270 1192 1.·
294 1159 493 1195 normes-tal
516 1164 551 1194 et
571 1158 810 1195 Puteolanus:
839 1162 869 1196 Γ
892 1160 1051 1194 conueaei.
1106 1159 1361 1195 conutnnarim
1377 1161 1407 1194 Γ
1413 1169 1423 1192 z
1451 1160 1486 1194 Δ
1508 1158 1659 1192 concina-

159 1207 242 1241 rius.
297 1207 332 1241 8.
363 1207 530 1252 simulque
556 1210 634 1243 TA:
661 1209 764 1242 simul
782 1208 1010 1243 Puteolanus.
1064 1209 1098 1243 9.
1128 1208 1255 1243 caetris
1284 1210 1321 1251 Γ,
1350 1207 1500 1243 cacteris
1525 1206 1662 1242 Puteo-

174 1265 273 1289 anus.

159 1254 341 1351 {imposito
372 1305 423 1340 .13.
453 1310 489 1338 ct
514 1306 631 1340 statim
658 1306 782 1339 uataui
811 1308 850 1342 Γ.

157 1436 434 1476 occupaverant,
461 1434 511 1467 ita
531 1437 570 1466 ut
595 1434 721 1479 procul
747 1435 872 1471 visen-

156 1479 252 1514 tibus
278 1481 413 1527 singuli
439 1482 582 1517 ordines
598 1483 698 1518 velut
721 1485 873 1519 connexi

158 1529 355 1576 (verkettet)
387 1530 602 1566 viderentur.

225 1602 342 1636 media
360 1604 474 1648 campi
493 1605 694 1638 cociam-ius
711 1616 811 1649 eques
827 1625 870 1630 —
886 1615 890 1618 ’

157 1651 370 1696 complebat.-
397 1653 599 1687 cocinarius
625 1660 656 1687 et
687 1664 787 1697 eques
807 1663 871 1687 co-

157 1698 228 1733 dici
255 1702 288 1735 Γ
309 1701 434 1734 tribuit
457 1700 625 1745 Orellius,
652 1702 717 1736 sed
742 1701 872 1735 Brote-

157 1748 231 1781 rius
273 1749 386 1783 eidem
422 1755 453 1784 et
489 1749 646 1784 diser-tim
691 1750 871 1796 abnegat,

158 1807 200 1830 ac
235 1806 356 1831 rursus
390 1809 508 1843 neque
543 1798 724 1833 Dronkius
758 1800 871 1843 parti-

159 1845 273 1879 culam
305 1846 352 1880 ibi
388 1848 572 1881 inventam
603 1859 682 1882 esse
710 1852 871 1891 testatur,

159 1898 195 1927 ct
221 1895 370 1928 Wexius
396 1895 488 1929 hanc
514 1897 549 1930 in
577 1896 726 1930 vocibus
754 1908 773 1930 a
799 1897 872 1930 Pu-

157 1942 301 1977 teolano
343 1945 484 1978 omissis
521 1949 556 1978 et
593 1946 627 1978 in
664 1947 692 1979 Γ
722 1947 873 1989 repertis

157 1999 229 2024 non
247 1993 440 2025 recensuit.
463 1992 636 2027 Orellium
660 1994 696 2026 in
717 2004 873 2028 errorem

158 2038 258 2072 duxit
291 2039 439 2073 Dronkii
473 2051 544 2074 vox
585 2047 617 2075 ct
648 2040 871 2076 ‘restituisse'

157 2087 380 2122 Rhenanam.
411 2088 479 2123 Sed
507 2089 699 2124 Rhenanus
720 2090 763 2124 de
784 2101 873 2125 con-

158 2135 295 2171 iectura
322 2137 429 2171 tacite
455 2137 620 2171 voculam
648 2139 769 2172 intulit
805 2140 874 2173 ini-

156 2186 252 2219 nime
279 2186 530 2220 necessariam.
564 2186 649 2220 Nam
676 2188 877 2221 cocinarius

157 2244 258 2278 eques
291 2238 345 2267 est
379 2235 439 2278 qui
478 2235 608 2269 covino
650 2236 709 2270 vel
748 2236 874 2270 essedo

156 2281 312 2324 vehitur,
340 2287 378 2315 ut
394 2284 524 2323 ἱππεῖς
542 2284 620 2317 sive
639 2284 876 2333 tanton-apud

156 2330 358 2366 Homerum.
399 2330 537 2376 Quippe
563 2330 751 2366 caledonii
777 2335 812 2367 in
832 2334 876 2366 iis

157 2379 324 2425 gentibus
345 2385 456 2423 erant,
479 2391 566 2426 quas
587 2391 690 2415 curru
707 2382 876 2426 proeliari

157 2438 177 2461 a
201 2427 321 2461 Tacito
340 2440 370 2462 c.
403 2431 444 2463 12
470 2429 620 2463 relatum
649 2435 714 2464 est.
749 2430 801 2464 Cf.
834 2430 876 2465 ad

156 2474 221 2510 illa
247 2477 356 2510 verba
382 2482 502 2511 annot.

226 2547 330 2593 pedes
355 2553 436 2581 ante
458 2549 588 2582 veccilla
610 2551 784 2584 constitit:
810 2562 872 2585 re-

159 2595 261 2639 ctius,
288 2600 386 2641 puto,
413 2597 617 2640 scripsisset
641 2604 723 2631 ante
747 2599 872 2644 siqua,-

156 2655 237 2678 nam
285 2646 389 2690 siqua
439 2644 638 2679 cohortium
686 2647 873 2680 socialium

158 2692 245 2726 alias
275 2703 416 2738 semper
441 2695 634 2736 recensuit,
660 2694 792 2728 veoeilla
817 2696 873 2729 le-

158 2741 428 2788 gionariorum:
457 2753 490 2777 v.
521 2747 640 2776 annot.
670 2743 714 2777 ad
737 2743 768 2778 11
800 2744 853 2778 17.

234 2822 319 2867 Cap.
346 2824 406 2859 36.
432 2825 599 2870 simulque
614 2826 872 2861 constantia-

156 2870 226 2904 vim
253 2872 399 2907 telorum
425 2875 703 2919 superfundere:
732 2873 798 2919 ¹q‘ui
829 2885 874 2909 ex

155 2916 336 2956 Britannis
362 2922 398 2954 in
425 2923 536 2965 prima
563 2924 642 2958 acie
667 2924 774 2968 positi
805 2924 874 2959 im-

157 2970 280 3014 petum
321 2968 476 3008 hostium
511 2972 616 3016 primi
653 2972 875 3020 exceperint,

361 1257 414 1292 10.
443 1255 629 1304 Ayricola]
658 1257 819 1302 agricola
842 1269 865 1303 p
891 1259 955 1300 πί,
981 1256 1143 1303 ayricola
1164 1270 1190 1304 p
1216 1257 1280 1293 712.

1358 1261 1569 1291 uacuum-um
1595 1265 1662 1293 su-

939 1445 983 1468 ex
1009 1433 1188 1478 prioribus
1204 1433 1431 1468 manifestum
1448 1437 1514 1467 est.
1545 1432 1657 1468 Nem-

939 1493 983 1528 pe
1011 1483 1128 1517 media
1153 1483 1288 1528 campi,
1327 1482 1362 1516 h.
1390 1492 1421 1516 e.
1459 1486 1660 1527 campestre

939 1532 1091 1576 spatium
1124 1532 1218 1566 inter
1244 1531 1433 1566 Britannos
1459 1530 1496 1564 in
1528 1529 1659 1565 acclivi

940 1581 1025 1625 iugo
1052 1584 1282 1626 assurgentes
1310 1584 1345 1613 et
1372 1579 1552 1613 Romanos
1579 1589 1658 1613 me-

940 1628 1055 1672 dium,
1083 1629 1284 1663 covinan‘us
1322 1639 1424 1673 eques
1450 1628 1596 1673 strepitu
1627 1632 1660 1662 et

940 1677 1100 1712 discursu
1128 1677 1334 1724 complebat.
1395 1675 1481 1710 Cum
1509 1676 1663 1710 accessit

941 1727 1036 1760 acies
1063 1726 1221 1761 Romana
1237 1752 1246 1768 ‚
1282 1726 1317 1758 in
1343 1730 1444 1769 parte
1467 1723 1660 1758 Britanno-

940 1785 1015 1808 rum
1046 1774 1197 1809 clientes
1213 1785 1257 1808 ex
1272 1773 1408 1808 essedis
1425 1774 1503 1808 sive
1522 1773 1661 1807 covinis

940 1823 1149 1857 desilientes
1175 1822 1324 1867 pedibus
1349 1832 1412 1866 pro
1432 1831 1530 1856 more
1546 1820 1662 1867 (Cae.-

940 1881 996 1906 sar
1023 1871 1061 1905 B.
1089 1871 1128 1907 G.
1158 1871 1208 1906 lV
1234 1871 1293 1906 33.
1333 1869 1443 1905 'facit
1478 1871 1563 1916 Agr.
1595 1871 1659 1916 12)

941 1924 1272 1966 propugnaverunt,
1300 1919 1448 1965 aurigae
1463 1929 1509 1953 ex
1521 1917 1660 1963 proelio

939 1974 1035 2002 retro
1078 1968 1247 2003 cedentes
1295 1978 1417 2002 currus
1452 1966 1488 2000 in
1530 1965 1659 2002 acclivi

940 2018 1027 2062 iugo·
1055 2017 1295 2058 collocarunt,
1334 2022 1371 2050 ut
1393 2016 1424 2050 si
1448 2014 1503 2049 illi
1529 2014 1660 2063 (verba

941 2070 1022 2099 sunt
1040 2064 1202 2100 Caesaris
1218 2065 1262 2098 ad
1279 2074 1358 2098 mea
1372 2063 1657 2109 accommodata)

942 2125 966 2147 ιι
1000 2113 1218 2148 multitudine
1268 2112 1415 2148 hostium
1453 2122 1659 2157 premeren-

943 2169 1019 2205 tur,
1057 2162 1252 2207 expeditum
1289 2160 1336 2194 acl
1368 2171 1447 2197 suos
1483 2165 1660 2206 receptum

943 2211 1123 2248 haherent.
1168 2210 1243 2246 Hoc
1270 2218 1404 2244 memor
1433 2207 1562 2243 tollere
1592 2208 1658 2245 de-

943 2260 1004 2294 bet
1031 2260 1090 2304 qui
1125 2258 1253 2304 proelii
1289 2257 1437 2293 sormam
1471 2261 1507 2291 et
1543 2267 1659 2293 even-

945 2313 1018 2343 tum
1046 2312 1145 2344 recte
1174 2307 1341 2355 accipere
1365 2305 1495 2340 studet.

1016 2379 1230 2413 Batavorum
1255 2377 1414 2412 cohortes
1439 2388 1484 2411 ac
1501 2376 1658 2422 Tunqro-

943 2438 1020 2461 rum
1049 2428 1157 2461 duas.-
1191 2427 1227 2460 in
1254 2426 1468 2460 Batavorum
1497 2424 1659 2467 cohorti..

943 2475 1009 2509 bus
1044 2486 1229 2509 numerum
1260 2484 1332 2508 non
1364 2474 1551 2516 definivit,
1595 2472 1659 2508 sed

941 2534 1064 2558 omnes
1092 2524 1151 2568 qui
1176 2528 1262 2557 tunc
1299 2522 1446 2556 aderant
1471 2521 1658 2567 significa..

940 2573 1003 2605 vit.
1030 2571 1141 2606 Unius
1164 2571 1321 2618 legionis
1349 2569 1658 2616 quartaedecimae

942 2621 1077 2655 auxilia
1117 2625 1198 2654 octo
1247 2619 1412 2654 cohortes
1443 2620 1659 2654 Batavorum

942 2670 978 2702 in
995 2669 1161 2703 Historiis
1187 2679 1296 2714 saepe
1322 2674 1573 2703 memorantur.
1602 2665 1657 2700 Cf.

941 2717 1016 2751 lnd.
1045 2717 1128 2751 hist.
1159 2728 1186 2752 s.
1214 2728 1249 2753 v.
1280 2717 1493 2753 Batavorum
1528 2715 1658 2750 cohor-

943 2783 1003 2812 tes.
1051 2776 1239 2812 Puteolani
1265 2790 1292 2827 ,²2
1319 2773 1534 2820 batauorZL,
1563 2774 1659 2809 unde

941 2825 1133 2861 Rhenanus
1160 2826 1248 2861 fecit
1274 2832 1342 2860 tres
1366 2825 1459 2868 Bat.,
1488 2823 1580 2858 nihil
1606 2827 1660 2857 est

942 2875 1009 2909 nisi
1028 2875 1155 2912 vitium
1183 2875 1260 2908 eius
1275 2875 1336 2920 qui
1356 2872 1538 2918 exemplar
1567 2871 1660 2906 scri-

943 2923 1013 2967 psit
1025 2923 1145 2967 operis
1159 2922 1386 2961 tradendum:
1402 2922 1535 2968 quippe
1550 2930 1659 2965 prava

943 2972 1250 3017 pronuntiatione,
1266 2976 1475 3020 palaeorum
1501 2968 1659 3013 scribere
