1768 3216
143 256 172 284 ι’
188 245 234 284 C.
261 247 321 287 ⁷0.
610 246 747 283 LIBER
773 247 817 282 V.
869 246 958 282 Gn.
988 247 1142 283 12-13.
1569 247 1642 282 893

145 364 356 410 excedere
386 365 518 418 deos3
549 365 672 408 simul
701 365 853 419 ingens
883 366 1019 405 motus
1040 361 1345 405 excedentium.
1390 361 1509 412 Quae
1526 362 1649 418 pauci

145 440 190 483 in
215 445 368 484 metum
400 441 644 484 trabebant:
675 439 861 494 pluribus
891 438 1109 492 persuasio
1141 438 1276 479 inerat
1296 437 1475 491 antiquis
1499 449 1651 480 sacer-

149 515 293 559 dotum
321 516 470 559 litteris
500 516 708 558 contineri
749 527 800 557 eo
833 515 924 568 ipso
969 518 1153 567 tempore
1196 513 1288 555 sore
1334 517 1379 554 ut
1416 512 1652 556 valesceret

151 590 304 633 Oriens
334 590 594 645 profectique
623 590 775 632 Iudaea
806 593 1227 644 rerumpoterentur.
1306 589 1421 639 Quae
1452 589 1650 643 ambages

145 663 446 720 Vespasianum
476 677 527 707 ac
557 665 690 707 Titum
717 665 1037 719 praedixerant:
1064 665 1140 707 sed
1161 664 1325 719 vulgus,
1358 675 1474 705 more
1500 663 1679 706 huma-s

144 751 227 782 nae
257 740 492 794 cupidinis,
525 741 607 782 sibi
637 744 791 782 tantam
823 740 1000 782 fatorum
1032 740 1360 795 magnitudinem
1389 739 1648 792 interpretati

145 827 199 857 ne
229 814 420 857 adversis
451 815 618 869 quidem
650 815 702 858 ad
742 827 842 857 vera
886 815 1158 857 mutabantur.
1219 814 1523 856 Multitudinem
1569 814 1650 855 ob-

102 946 108 949 ·
145 900 387 941 sessorum,
432 890 568 931 omnis
599 890 771 942 aetatis,
804 889 926 931 virile
953 901 1004 931 ac
1033 889 1234 931 muliebre
1262 901 1412 941 secus,
1444 892 1647 931 sexcenta

149 962 263 1005 milia
295 962 428 1007 fuisse
457 964 707 1019 accepimus.
768 963 896 1006 Arma
929 964 1089 1005 cunct-is
1124 964 1195 1018 qui
1225 964 1338 1006 ferre
1365 967 1564 1018 possent3
1611 967 1651 1005 et

279 1119 318 1155 4.
338 1119 541 1166 potirentur
564 1129 661 1154 nunc
683 1117 750 1154 Ma.
862 1120 897 1153 5.
920 1118 1155 1165 praedixerat
1179 1117 1254 1153 Ma·
1278 1118 1537 1164 praedixerant
1563 1118 1592 1155 G
1618 1123 1654 1153 et

151 1168 227 1203 atii.
330 1167 451 1214 volqus
480 1168 540 1203 Or.
621 1168 657 1204 6.
684 1168 924 1214 magnitudine
950 1166 1024 1201 Ma:
1054 1167 1082 1202 G
1110 1167 1364 1213 magnitudine.
1463 1168 1655 1213 interp‘tati

150 1214 219 1252 BF.
317 1217 355 1252 8.
382 1217 532 1251 hminis
558 1214 637 1250 Μ3ε
664 1216 693 1250 G
719 1217 842 1251 omnis.
943 1215 1086 1250 videtur
1110 1215 1148 1249 in
1174 1215 1227 1250 Ma
1255 1226 1334 1250 esse
1360 1227 1474 1259 sexus,
1498 1217 1565 1250 etsi
1590 1226 1654 1262 pro

153 1270 252 1302 certo
280 1265 449 1302 affirmari
475 1266 612 1313 nequit.
641 1265 670 1300 G
697 1270 733 1300 et
759 1265 822 1299 alii
846 1264 982 1311 uirilis,
1008 1277 1054 1299 ac
1077 1264 1256 1302 muliebris
1283 1275 1398 1303 sexus.

149 1454 187 1485 et
210 1448 284 1485 late
308 1450 526 1495 patentibus.
564 1451 739 1497 Iosephus
765 1451 858 1487 Bell.

148 1498 226 1534 lud.
254 1498 413 1543 v15-§.
441 1501 486 1535 3:
530 1503 551 1545 ἤ
586 1501 627 1537 δὲ
657 1497 858 1545 charolum)

147 1547 246 1590 πύλη
272 1551 340 1584 τοῦ
376 1549 602 1597 ἐνδοτέρου,
640 1553 759 1597 χαλκῆ
787 1552 862 1598 μὲν

150 1593 250 1633 οὖσα
277 1600 342 1632 καὶ
366 1600 639 1657 στιβαρωτάτη,
664 1602 861 1647 κλειοαένη

150 1645 191 1682 δὲ
217 1649 307 1691 περι
335 1646 459 1691 δείλην
482 1646 594 1695 μόλις
620 1647 684 1683 ὑπ
703 1634 863 1704 ἄνδρῶν

149 1695 297 1737 εἴκοσι,
344 1716 390 1722 --
435 1694 553 1756 ὤφθη
592 1693 685 1732 zara
726 1694 862 1736 runos·

151 1755 261 1791 ωραν
286 1737 396 1787 ἑκιην
426 1743 643 1801 αὖτόματρς
660 1744 863 1800 ἧνεωγμέ-

137 1795 208 1835 ⁴7¹1·
246 1790 501 1826 Doederlinius
528 1794 685 1828 coniecit
711 1806 863 1841 exaper-

150 1846 231 1882 tae,
267 1840 415 1874 verbum
461 1852 531 1875 non
563 1842 783 1885 Tacitinum,
818 1844 863 1877 ab

152 1887 290 1923 Orellio
340 1890 375 1923 in
414 1896 620 1924 contextum
659 1902 730 1925 non
770 1892 863 1926 bene

150 1942 351 1982 acceptum.
402 1938 489 1973 Nam
517 1941 722 1986 nuper-ire,
762 1942 864 1974 cuius

151 1996 261 2020 unum
289 1987 492 2031 exemplum
518 2000 563 2022 ex
577 1989 780 2035 Augustino
807 1993 865 2023 at-

151 2034 235 2069 tulit
261 2033 531 2080 Forcellinius,
577 2037 623 2071 ad
660 2037 864 2084 analogiam

150 2082 312 2118 Latinam
355 2089 411 2117 est
455 2096 563 2131 aeyre
612 2087 756 2131 aperire
804 2086 864 2120 vel

148 2131 258 2177 plane
283 2133 438 2177 aperire,
467 2144 587 2179 neque
612 2136 784 2169 convenit
804 2136 866 2169 fo-

150 2180 250 2214 ribus
295 2181 446 2216 caelesti
487 2184 634 2218 numine
678 2183 788 2218 facile
830 2188 866 2218 et

152 2233 283 2273 sponte
309 2227 476 2264 diductis.

238 2277 392 2320 antiquis
439 2280 662 2314 sacerdotum
713 2280 867 2315 litteris:

153 2323 222 2359 hae
250 2329 333 2358 sunt
356 2336 481 2360 sacrae
514 2328 657 2362 litterae
676 2354 685 2370 ,
722 2330 866 2373 praeci-

152 2383 222 2417 pue
250 2372 414 2408 Danielis
441 2374 472 2408 11
498 2379 548 2411 44
580 2380 615 2410 et
640 2377 701 2410 45.
766 2376 867 2418 Quae

151 2426 235 2455 sunt
273 2420 367 2466 apud
401 2423 617 2458 Mantineam
651 2423 683 2458 ll
721 2426 738 2458 1
773 2435 866 2470 sqq.,

155 2468 206 2503 111
233 2471 267 2512 2,
294 2469 425 2504 Lucam
449 2471 484 2506 11
510 2474 556 2507 25
581 2483 685 2518 sqq,
729 2484 772 2507 ea
798 2473 868 2508 huc

152 2519 269 2552 minus
295 2519 488 2563 pertinent.

236 2573 276 2601 nt
298 2567 493 2603 valesceret
517 2570 645 2603 Oriens
678 2592 724 2598 —
750 2581 869 2605 reram

147 2620 375 2661 poterentur.-
426 2617 619 2652 Suetonius
661 2619 768 2663 Vesp.
821 2620 866 2655 4:

146 2663 421 2709 percrebruerat
446 2666 589 2700 Oriente
619 2671 688 2700 toto
713 2673 810 2702 vetus
836 2674 869 2702 et

152 2717 318 2745 constans
354 2714 492 2758 opinio,
531 2726 604 2748 esse
640 2716 679 2748 in
712 2717 797 2760 satis
830 2723 868 2750 ut

153 2771 193 2793 eo
219 2766 372 2805 tempore
399 2761 535 2796 Iudaea
562 2764 714 2808 profecti
747 2775 867 2799 rerum

146 2813 365 2854 poterentur.
393 2810 437 2844 Id
461 2811 504 2844 de
539 2811 752 2856 imperatore
789 2813 865 2847 Ro-

150 2867 268 2898 mano,
287 2863 453 2901 qnantum
462 2865 586 2905 postea
598 2866 721 2894 eeentu
732 2863 864 2906 paruit,

147 2904 370 2951 praedictam
395 2907 521 2942 Iudaei
545 2907 594 2941 ad
616 2919 654 2941 se
687 2909 865 2944 trahentes

150 2951 379 3044 Ξεὸέὶίἶνκηθ.
419 2954 594 3000 Iosephus
629 2955 668 2990 B.
703 2955 778 2992 lud.
819 2957 865 2992 Vl

1002 1463 1090 1498 qaae
1116 1452 1281 1498 ambages
1300 1472 1344 1478 —
1365 1451 1651 1497 praedixerant:

932 1511 1119 1546 perperam
1145 1501 1309 1535 nonnulli
1339 1500 1495 1535 editores
1522 1505 1651 1534 aucto-

932 1552 1038 1585 ritate
1064 1550 1144 1584 libri
1171 1550 1324 1584 ltledicei
1347 1549 1416 1594 (ibi
1437 1548 1572 1583 lineola
1588 1560 1652 1582 su-

934 1610 998 1644 per
1034 1599 1271 1645 praedixerat
1311 1603 1373 1630 aut
1410 1599 1555 1631 evanuit
1592 1603 1653 1632 aut

934 1647 1103 1694 neglecta
1134 1652 1188 1681 est
1215 1659 1235 1681 a
1267 1646 1384 1680 scriba
1410 1646 1565 1693 codicis)
1607 1657 1651 1681 eo

934 1696 1035 1731 abusi
1062 1701 1157 1738 sunt,
1185 1701 1224 1730 ut
1246 1695 1478 1742 praedixerat
1506 1694 1648 1730 scribe..

934 1750 1027 1788 rent,
1054 1746 1144 1778 vitio
1162 1745 1374 1780 manifesto:
1394 1742 1536 1778 Tacitus
1555 1745 1649 1778 enim

935 1793 1084 1838 perinde
1123 1799 1162 1827 ut
1197 1794 1259 1827 alii
1296 1794 1491 1837 scriptores
1535 1793 1650 1828 Latini

935 1842 1154 1888 singularem
1180 1852 1366 1876 numerum
1393 1842 1428 1875 in
1455 1851 1525 1875 uno
1548 1841 1652 1875 abla-

936 1892 1012 1924 tivo
1041 1891 1187 1936 ambage
1214 1891 1391 1936 probavit,
1422 1891 1458 1924 in
1486 1892 1653 1925 nomina..

937 1940 1011 1973 tivo
1031 1945 1067 1973 et
1090 1941 1298 1974 accusativo
1322 1944 1528 1974 constanter
1541 1938 1654 1973 forma

937 1990 1075 2022 numeri
1105 1988 1343 2023 multitudiuis
1370 1999 1455 2022 usus
1483 1993 1549 2023 est.
1607 1987 1651 2021 v1

936 2038 1004 2072 46:
1031 2048 1104 2070 non
1135 2038 1258 2072 abdita
1285 2037 1458 2084 amba9e;
1497 2036 1560 2071 ΧΠ
1585 2036 1648 2072 63:
1711 2065 1717 2070 .

937 2097 982 2119 ea
1018 2086 1175 2132 ambage.
1249 2087 1382 2120 Rursus
1411 2086 1441 2120 ll
1470 2087 1552 2121 54:
1587 2096 1656 2131 per

937 2134 1101 2181 ambaqes
1118 2136 1342 2169 —cecinisse
1355 2147 1368 2178 ‚-
1399 2134 1444 2168 XI
1468 2135 1540 2170 34:
1564 2144 1654 2180 ape-

937 2184 1011 2217 rire
1037 2184 1213 2230 ambayes.
1278 2184 1320 2218 Η.
1352 2183 1383 2217 11
1409 2183 1453 2218 4:
1483 2194 1550 2229 per
1575 2194 1655 2217 am-

939 2233 1044 2277 haqes
1084 2233 1313 2278 interrogat,
1357 2230 1442 2265 ibid.
1483 2231 1550 2267 78:
1590 2231 1655 2265 kas

938 2281 1131 2325 amba9e53
1165 2281 1207 2314 H.
1236 2281 1281 2314 lv
1306 2280 1375 2314 84:
1401 2291 1466 2325 per
1491 2279 1655 2324 ambayes

940 2330 1150 2362 coniectant.
1205 2328 1356 2362 Omnino
1383 2333 1527 2372 praeter
1550 2327 1654 2362 abla-

939 2377 1051 2410 tivum
1087 2378 1274 2422 utriusque
1300 2378 1439 2410 numeri
1470 2381 1505 2411 et
1533 2377 1654 2410 nomi..

939 2426 1098 2459 nativum
1146 2426 1465 2470 accusativumque
1508 2426 1543 2459 in
1583 2435 1654 2458 nu-

940 2483 1038 2508 mero
1065 2473 1305 2508 multitudinis
1338 2474 1427 2508 nulli
1457 2484 1561 2508 casus
1595 2474 1654 2507 in-

939 2524 1162 2565 veniuntur,
1209 2532 1282 2555 non
1323 2523 1482 2568 ambayis
1535 2533 1654 2567 neque

939 2572 1106 2617 ambaqes
1138 2571 1315 2617 singulari
1351 2581 1520 2613 numero,
1564 2580 1653 2616 qnos

939 2620 1094 2654 admittit
1119 2619 1304 2654 Charisius
1335 2620 1348 2653 l
1377 2630 1409 2663 p.
1443 2620 1489 2654 25
1522 2622 1575 2663 (p.
1607 2621 1649 2653 21

940 2668 995 2703 ed.
1034 2668 1239 2714 Lindem.]‚
1276 2668 1433 2702 ablativo
1474 2677 1557 2700 casu
1595 2668 1653 2699 in..

938 2717 1066 2751 ductus
1107 2722 1145 2750 ut
1194 2716 1348 2750 similem
1393 2716 1651 2749 nominativum

937 2770 1135 2807 statueret3
1162 2764 1346 2808 ambayum
1377 2773 1467 2796 unus
1488 2763 1652 2805 Ovidius,

939 2819 975 2846 ut
1021 2814 1187 2850 videtur
1242 2814 1361 2855 posuit
1415 2812 1648 2856 Metamorph.

936 2861 1003 2895 vtl
1032 2861 1113 2896 761.

1008 2913 1175 2943 sexcenta
1216 2907 1316 2942 mitia
1361 2909 1468 2953 [aisse
1505 2910 1650 2956 accepi..

937 2967 1039 2990 mus:
1076 2955 1240 2991 consulto
1281 2955 1423 2991 videtur
1460 2958 1648 3002 scripsisse

937 3005 1133 3051 accepimus
1154 3004 1207 3051 (h.
1226 3016 1258 3040 e.
1287 3016 1331 3039 ex
1354 3014 1416 3040 ore
1435 3013 1557 3041 eornm
1586 3007 1648 3053 qui
