1768 3216
682 302 688 306 .
702 276 968 313 PRAEFATIO.
1482 273 1583 312 xvn

97 395 241 448 captus
273 392 473 436 facilitate
502 392 696 436 lectionis
730 394 846 436 dedit
875 399 922 435 ut
950 393 1211 436 Domitianus
1251 397 1371 448 erat,
1411 394 1591 438 mediam

90 466 202 509 inter
232 472 471 511 contextum
502 472 543 510 et
577 469 950 529 marginem-viam
981 469 1210 524 ingressus.
1283 468 1420 510 Multis
1450 469 1493 510 in
1519 458 1593 511 lo-

93 541 156 584 cis
186 542 436 586 oscitantiae
470 543 589 598 culpa
622 548 663 585 et
691 544 940 586 inscientiae
970 544 1071 586 vitio
1104 544 1307 598 peccavit.
1379 544 1438 586 lta
1469 556 1505 585 c.
1537 542 1593 585 45

91 616 136 660 in
166 617 309 659 verbis
337 620 481 659 noster
509 618 576 659 hic
604 618 735 671 dolor,
766 623 953 660 nostrum
982 619 1157 670 vulnus,
1186 618 1305 659 nobis
1334 622 1417 659 tam
1447 618 1593 672 lonyae

91 689 306 733 absentiae
337 692 568 734 conditione
594 698 689 734 ante
720 692 1035 746 quadriennium
1066 692 1246 735 amissus
1276 697 1338 733 est
1366 705 1442 747 pro
1481 704 1589 734 voce

91 765 239 820 longae
265 767 404 821 posuit
431 771 632 820 nostrae,
676 780 768 809 cum
809 781 862 810 ex
899 768 1163 823 praegressis
1211 768 1253 809 in
1293 768 1462 810 auribus
1494 768 1584 809 eius

91 845 235 882 noster
266 845 307 884 et
332 845 520 883 nostrum
550 842 672 884 nimis
695 843 976 885 inhaesissent
995 847 1025 884 ¹.
1066 843 1243 885 Perinde
1264 842 1475 885 aberravit
1495 855 1531 884 c.
1551 842 1593 894 6,

91 915 164 958 ubi
191 915 325 958 medio
355 916 551 958 luxuriae
577 929 654 971 pro
685 917 817 959 medio
841 917 1033 971 rationiS,
1066 922 1111 959 ut
1142 921 1232 960 erat
1261 917 1305 959 in
1340 922 1486 960 vetere
1516 930 1597 960 ex-

94 991 281 1046 emplari,
312 992 606 1047 suppeditavit,
638 993 808 1035 nomine
840 993 1037 1034 luxuriae
1071 1007 1123 1035 ex
1155 1005 1283 1035 versu
1313 993 1596 1047 subsequente

93 1066 377 1121 imprudenter
404 1071 646 1122 praecepto.
681 1069 860 1110 Leviora
892 1068 1079 1111 eiusdem
1111 1068 1207 1110 libri
1227 1068 1343 1121 vitia,
1376 1067 1597 1110 maximam

94 1145 255 1196 partem
286 1141 330 1184 in
360 1142 506 1185 critica
538 1143 811 1186 annotatione
842 1147 1086 1198 memorata,
1119 1155 1230 1186 nunc
1265 1144 1461 1199 persequi
1491 1142 1596 1185 nihil

99 1217 258 1260 attinet.

235 1299 435 1346 Codicem
465 1305 509 1348 Δ
534 1305 692 1360 primus
725 1305 924 1359 adhibuit,
960 1305 1036 1348 sed
1066 1318 1201 1360 pauca
1231 1305 1329 1348 inde
1361 1303 1599 1347 communi-

100 1378 211 1421 cavit
239 1379 467 1422 Broterius.
526 1380 633 1423 Dein
656 1381 698 1422 in
728 1380 931 1424 Vaticana
959 1381 1120 1423 delituit
1159 1385 1199 1423 et
1238 1380 1321 1422 iam
1357 1380 1595 1435 deperditus

101 1453 373 1508 credebatur,
403 1455 479 1497 sed
510 1459 606 1497 ante
637 1456 795 1510 aliquot
826 1468 958 1498 annos
989 1457 1166 1499 Iacobus
1198 1455 1412 1508 Clemens,
1454 1455 1596 1510 philo-

98 1527 274 1582 sophiae
304 1529 455 1571 doctor
483 1529 527 1570 in
560 1530 832 1573 universitate
863 1530 1098 1583 Bonnensi,
1146 1534 1300 1585 rogatu
1337 1542 1414 1573 suo
1444 1529 1594 1572 librum

101 1602 216 1644 illum
249 1615 302 1645 ex
330 1603 612 1646 bibliothecae
643 1605 871 1648 Vaticanae
902 1606 1073 1647 scriniis
1101 1605 1300 1648 excitavit
1329 1609 1371 1647 et
1399 1605 1442 1646 in
1477 1616 1597 1646 usum

96 1676 273 1719 Dronkii
305 1678 490 1720 contulit.
550 1679 762 1721 Dronkius
790 1680 896 1722 haec
929 1684 1095 1723 enotata
1122 1680 1324 1734 prompsit
1346 1680 1388 1721 in
1407 1679 1598 1735 Agrico-

96 1750 164 1793 lae
194 1751 380 1794 editione
416 1753 613 1795 Fuldensi
644 1766 682 1798 a.
719 1753 841 1796 1844.
904 1754 1138 1796 Pleniorum
1182 1754 1447 1796 collationem
1490 1754 1613 1796 ade-'

94 1829 188 1880 ptus
219 1831 283 1868 est
312 1826 487 1870 Wexius
516 1832 559 1870 et
587 1828 807 1871 maximam
837 1833 996 1883 partem
1026 1828 1252 1884 publicavit
1282 1829 1325 1871 in
1365 1841 1590 1884 program-

99 1904 208 1943 mate
240 1901 407 1956 saepius
441 1906 686 1945 memorato.

233 1986 396 2030 Tertius
428 1986 565 2030 codex
595 2000 648 2030 ex
689 1991 833 2030 vetere
875 1987 1103 2042 exemplari
1142 1987 1329 2030 detortus
1376 1988 1474 2031 olim
1519 1988 1596 2030 fuit

99 2059 232 2104 Fulvii
262 2061 400 2103 Ursini
422 2066 451 2103 ².
512 2061 613 2104 Inde
644 2062 871 2104 nonnullae
907 2063 1111 2105 lectiones
1154 2063 1444 2118 discrepantes
1489 2063 1597 2106 affe-

102 2139 250 2178 runtur
277 2135 321 2177 in
346 2135 488 2178 Ursini
532 2137 644 2179 notis
676 2137 728 2179 ad
758 2137 942 2179 Tacitum
979 2137 1021 2178 in
1058 2137 1166 2179 libro
1209 2139 1277 2192 qui
1323 2138 1592 2180 inscribitur:

98 2210 344 2265 Fraqmenta
371 2215 556 2253 veterum
584 2211 875 2253 historicorum
905 2213 1076 2254 collecta
1105 2212 1158 2253 ab
1192 2211 1368 2253 Antonio
1400 2211 1603 2265 Auqusti-

97 2297 167 2339 no,
203 2285 416 2326 emendata
448 2298 476 2326 a
505 2285 650 2327 Fulvio
686 2285 850 2327 Ursino.
882 2286 1007 2328 Antv.
1076 2286 1199 2327 1595.
1231 2286 1271 2326 8.
1332 2285 1495 2326 Tertius
1527 2286 1595 2326 hic

101 2364 247 2402 auctor
276 2361 320 2401 in
349 2360 561 2414 plerisque
598 2361 807 2401 consentit
849 2372 942 2401 cum
984 2360 1025 2401 Γ
1022 2362 1065 2402 Δ
1101 2363 1170 2400 aut
1211 2359 1411 2401 alterutro
1455 2372 1600 2401 eorum

102 2438 172 2476 aut
202 2447 295 2476 cum
323 2434 513 2489 margine
543 2434 705 2476 codicis
738 2434 788 2487 Γ,
822 2438 943 2488 atque
975 2433 1073 2475 inde
1107 2434 1160 2475 de
1192 2434 1337 2476 eadem
1364 2434 1484 2475 huius
1507 2434 1604 2475 libri

102 2509 270 2564 origine
297 2513 585 2564 argumentum
624 2509 709 2563 peti
749 2513 898 2562 potest.
979 2508 1111 2549 Unum
1152 2507 1274 2550 offert
1317 2509 1601 2550 memorabile.

103 2582 273 2627 Scilicet
303 2597 339 2626 c.
369 2583 426 2626 44
458 2587 554 2626 ante
583 2583 712 2625 verba
746 2583 902 2625 durare
932 2584 975 2623 in
1006 2583 1087 2625 hac
1108 2582 1333 2624 beatissimi
1358 2583 1487 2623 seculi
1514 2584 1604 2624 luce

58 2687 60 2691 ι
103 2658 252 2701 inserit
278 2671 453 2712 maqnae
484 2658 698 2699 cuiusdam
725 2658 935 2711 felicitatis
968 2671 1084 2712 esse,
1127 2659 1313 2713 glossam
1342 2658 1602 2699 manifestam

105 2732 221 2774 etin
251 2732 364 2774 nullo
396 2732 478 2774 alio
520 2736 787 2774 monumento
828 2737 1048 2787 repertam.
1129 2734 1245 2774 Hanc
1288 2732 1415 2786 igitur
1459 2732 1494 2772 is
1537 2730 1606 2784 qui

159 2910 190 2943 1.
208 2907 376 2951 Nimium,
404 2912 443 2941 ut
455 2906 543 2942 mihi
566 2906 720 2951 videtur,
749 2907 833 2943 huic
933 2910 967 2944 2.
997 2907 1098 2941 Hunc
1132 2907 1259 2941 librum
1287 2908 1355 2941 iam
1383 2907 1606 2952 deperditum

108 2957 325 2992 aberrationi
351 2956 477 2991 tribuit
506 2961 542 2990 et
568 2954 715 2991 confidit
742 2957 832 2992 We-
882 2967 968 2990 vere
994 2956 1080 2990 olim
1120 2957 1282 2990 extitisse
1321 2956 1487 3001 probavit
1516 2957 1606 2991 We-

111 3007 191 3041 xius
220 3016 257 3051 p.
287 3005 322 3040 6.
881 3005 961 3039 xius
986 3015 1021 3050 p.
1049 3003 1071 3038 6
1096 3015 1149 3050 sq.

147 3086 272 3119 Tacitus
292 3087 347 3118 IV.
1304 3081 1333 3108 «κ’
