<?xml version="1.0" encoding="UTF-8"?>
<!DOCTYPE html PUBLIC "-//W3C//DTD XHTML 1.0 Transitional//EN"
    "http://www.w3.org/TR/xhtml1/DTD/xhtml1-transitional.dtd">
<html xmlns="http://www.w3.org/1999/xhtml" xml:lang="en" lang="en">
 <head>
  <title>
</title>
<meta http-equiv="Content-Type" content="text/html;charset=utf-8" />
  <meta name='ocr-system' content='tesseract 3.04.00' />
  <meta name='ocr-capabilities' content='ocr_page ocr_carea ocr_par ocr_line ocrx_word'/>
</head>
<body>
  <div class='ocr_page' id='page_1' title='image "./operaadcodicesan03taciuoft/operaadcodicesan03taciuoft_0458.png"; bbox 0 0 1768 3216; ppageno 0'>
   <div class='ocr_carea' id='block_1_1' title="bbox 188 238 1076 279">
    <p class='ocr_par' dir='ltr' id='par_1_1' title="bbox 188 238 1076 279">
     <span class='ocr_line' id='line_1_1' title="bbox 188 238 1076 279; baseline -0.001 -1"><span class='ocrx_word' id='word_1_1' title='bbox 188 245 235 279; x_wconf 80' lang='lat'>16</span> <span class='ocrx_word' id='word_1_2' title='bbox 810 238 1076 278; x_wconf 77' lang='lat' dir='ltr'><strong>GERMANIAE</strong></span> 
     </span>
    </p>
   </div>
   <div class='ocr_carea' id='block_1_2' title="bbox 133 358 1698 1233">
    <p class='ocr_par' dir='ltr' id='par_1_2' title="bbox 133 358 1698 1233">
     <span class='ocr_line' id='line_1_2' title="bbox 185 358 1675 416; baseline -0.002 -12"><span class='ocrx_word' id='word_1_3' title='bbox 185 362 290 416; x_wconf 88' lang='lat' dir='ltr'>Equi</span> <span class='ocrx_word' id='word_1_4' title='bbox 320 373 403 402; x_wconf 91' lang='lat' dir='ltr'>non</span> <span class='ocrx_word' id='word_1_5' title='bbox 434 360 582 412; x_wconf 89' lang='lat' dir='ltr'>forma,</span> <span class='ocrx_word' id='word_1_6' title='bbox 615 371 700 401; x_wconf 88' lang='lat' dir='ltr'>non</span> <span class='ocrx_word' id='word_1_7' title='bbox 723 359 945 402; x_wconf 83' lang='lat' dir='ltr'>velocitate</span> <span class='ocrx_word' id='word_1_8' title='bbox 974 358 1203 413; x_wconf 87' lang='lat' dir='ltr'><strong>conspicui.</strong></span> <span class='ocrx_word' id='word_1_9' title='bbox 1224 358 1319 406; x_wconf 86' lang='lat' dir='ltr'>,Sed</span> <span class='ocrx_word' id='word_1_10' title='bbox 1338 370 1417 401; x_wconf 86' lang='lat' dir='ltr'>nec</span> <span class='ocrx_word' id='word_1_11' title='bbox 1434 359 1675 403; x_wconf 76' lang='lat' dir='ltr'>varietatem</span> 
     </span>
     <span class='ocr_line' id='line_1_3' title="bbox 184 433 1675 490; baseline -0.001 -14"><span class='ocrx_word' id='word_1_12' title='bbox 184 447 379 490; x_wconf 82' lang='lat' dir='ltr'>gyrorum</span> <span class='ocrx_word' id='word_1_13' title='bbox 411 434 454 475; x_wconf 90' lang='lat' dir='ltr'>in</span> <span class='ocrx_word' id='word_1_14' title='bbox 498 445 657 476; x_wconf 90' lang='lat' dir='ltr'>morem</span> <span class='ocrx_word' id='word_1_15' title='bbox 698 438 884 477; x_wconf 90' lang='lat' dir='ltr'>nostrum</span> <span class='ocrx_word' id='word_1_16' title='bbox 928 434 1154 476; x_wconf 85' lang='lat' dir='ltr'>docentur:</span> <span class='ocrx_word' id='word_1_17' title='bbox 1198 433 1240 474; x_wconf 91' lang='lat' dir='ltr'>in</span> <span class='ocrx_word' id='word_1_18' title='bbox 1285 436 1444 475; x_wconf 86' lang='lat' dir='ltr'>rectum</span> <span class='ocrx_word' id='word_1_19' title='bbox 1483 437 1552 476; x_wconf 84' lang='lat' dir='ltr'>aut</span> <span class='ocrx_word' id='word_1_20' title='bbox 1593 446 1675 475; x_wconf 88' lang='lat' dir='ltr'>uno</span> 
     </span>
     <span class='ocr_line' id='line_1_4' title="bbox 183 507 1698 563; baseline -0.003 -13"><span class='ocrx_word' id='word_1_21' title='bbox 183 509 292 551; x_wconf 86' lang='lat' dir='ltr'>flexu</span> <span class='ocrx_word' id='word_1_22' title='bbox 321 509 491 550; x_wconf 86' lang='lat' dir='ltr'>dextros</span> <span class='ocrx_word' id='word_1_23' title='bbox 523 513 682 563; x_wconf 80' lang='lat' dir='ltr'>agunt,</span> <span class='ocrx_word' id='word_1_24' title='bbox 727 509 782 550; x_wconf 83' lang='lat' dir='ltr'>ita</span> <span class='ocrx_word' id='word_1_25' title='bbox 822 509 1045 550; x_wconf 88' lang='lat' dir='ltr'>coniuncto</span> <span class='ocrx_word' id='word_1_26' title='bbox 1078 507 1182 549; x_wconf 90' lang='lat' dir='ltr'>orbe</span> <span class='ocrx_word' id='word_1_27' title='bbox 1211 511 1256 548; x_wconf 91' lang='lat' dir='ltr'>ut</span> <span class='ocrx_word' id='word_1_28' title='bbox 1302 519 1424 549; x_wconf 90' lang='lat' dir='ltr'>nemo</span> <span class='ocrx_word' id='word_1_29' title='bbox 1468 508 1698 561; x_wconf 43' lang='lat' dir='ltr'>posterior-</span> 
     </span>
     <span class='ocr_line' id='line_1_5' title="bbox 182 581 1677 636; baseline -0.001 -12"><span class='ocrx_word' id='word_1_30' title='bbox 182 584 246 624; x_wconf 88' lang='lat' dir='ltr'>sit.</span> <span class='ocrx_word' id='word_1_31' title='bbox 308 583 353 624; x_wconf 91' lang='lat' dir='ltr'>In</span> <span class='ocrx_word' id='word_1_32' title='bbox 391 582 630 625; x_wconf 90' lang='lat' dir='ltr'>universum</span> <span class='ocrx_word' id='word_1_33' title='bbox 672 583 908 625; x_wconf 71' lang='lat' dir='ltr'>aestimanti</span> <span class='ocrx_word' id='word_1_34' title='bbox 941 583 1031 636; x_wconf 91' lang='lat' dir='ltr'>plus</span> <span class='ocrx_word' id='word_1_35' title='bbox 1073 594 1201 636; x_wconf 91' lang='lat' dir='ltr'>penes</span> <span class='ocrx_word' id='word_1_36' title='bbox 1251 581 1434 635; x_wconf 81' lang='lat' dir='ltr'>peditem</span> <span class='ocrx_word' id='word_1_37' title='bbox 1481 581 1677 634; x_wconf 81' lang='lat' dir='ltr'>roboris3</span> 
     </span>
     <span class='ocr_line' id='line_1_6' title="bbox 150 656 1679 712; baseline -0.001 -14"><span class='ocrx_word' id='word_1_38' title='bbox 150 669 316 711; x_wconf 69' lang='lat' dir='ltr'>seoque</span> <span class='ocrx_word' id='word_1_39' title='bbox 347 657 464 698; x_wconf 87' lang='lat' dir='ltr'>mixti</span> <span class='ocrx_word' id='word_1_40' title='bbox 508 657 786 712; x_wconf 87' lang='lat' dir='ltr'>proeliantur,</span> <span class='ocrx_word' id='word_1_41' title='bbox 834 661 926 711; x_wconf 85' lang='lat' dir='ltr'>apta</span> <span class='ocrx_word' id='word_1_42' title='bbox 958 661 998 697; x_wconf 91' lang='lat' dir='ltr'>et</span> <span class='ocrx_word' id='word_1_43' title='bbox 1043 659 1307 711; x_wconf 83' lang='lat' dir='ltr'>congruente</span> <span class='ocrx_word' id='word_1_44' title='bbox 1342 656 1395 697; x_wconf 87' lang='lat' dir='ltr'>ad</span> <span class='ocrx_word' id='word_1_45' title='bbox 1443 659 1679 710; x_wconf 78' lang='lat' dir='ltr'>equestrem</span> 
     </span>
     <span class='ocr_line' id='line_1_7' title="bbox 182 729 1678 786; baseline 0 -13"><span class='ocrx_word' id='word_1_46' title='bbox 182 744 361 786; x_wconf 84' lang='lat' dir='ltr'>pugnam</span> <span class='ocrx_word' id='word_1_47' title='bbox 392 732 616 774; x_wconf 87' lang='lat' dir='ltr'>velocitate</span> <span class='ocrx_word' id='word_1_48' title='bbox 647 732 850 786; x_wconf 86' lang='lat' dir='ltr'>peditum,</span> <span class='ocrx_word' id='word_1_49' title='bbox 888 743 992 785; x_wconf 85' lang='lat' dir='ltr'>quos</span> <span class='ocrx_word' id='word_1_50' title='bbox 1025 744 1077 772; x_wconf 86' lang='lat' dir='ltr'>ex</span> <span class='ocrx_word' id='word_1_51' title='bbox 1108 730 1220 772; x_wconf 89' lang='lat' dir='ltr'>omni</span> <span class='ocrx_word' id='word_1_52' title='bbox 1249 731 1461 772; x_wconf 88' lang='lat' dir='ltr'>iuventute</span> <span class='ocrx_word' id='word_1_53' title='bbox 1491 729 1678 773; x_wconf 86' lang='lat' dir='ltr'>delectos</span> 
     </span>
     <span class='ocr_line' id='line_1_8' title="bbox 183 804 1678 859; baseline -0.002 -11"><span class='ocrx_word' id='word_1_54' title='bbox 183 810 278 848; x_wconf 83' lang='lat' dir='ltr'>ante</span> <span class='ocrx_word' id='word_1_55' title='bbox 309 806 440 848; x_wconf 80' lang='lat' dir='ltr'>aciem</span> <span class='ocrx_word' id='word_1_56' title='bbox 472 806 624 848; x_wconf 87' lang='lat' dir='ltr'>locant.</span> <span class='ocrx_word' id='word_1_57' title='bbox 685 806 886 848; x_wconf 87' lang='lat' dir='ltr'>Definitur</span> <span class='ocrx_word' id='word_1_58' title='bbox 916 809 956 847; x_wconf 90' lang='lat' dir='ltr'>et</span> <span class='ocrx_word' id='word_1_59' title='bbox 986 814 1208 847; x_wconf 83' lang='lat' dir='ltr'>numerus:</span> <span class='ocrx_word' id='word_1_60' title='bbox 1241 805 1408 846; x_wconf 89' lang='lat' dir='ltr'>centeni</span> <span class='ocrx_word' id='word_1_61' title='bbox 1434 817 1487 846; x_wconf 84' lang='lat' dir='ltr'>ex</span> <span class='ocrx_word' id='word_1_62' title='bbox 1502 804 1678 859; x_wconf 86' lang='lat' dir='ltr'>singulis</span> 
     </span>
     <span class='ocr_line' id='line_1_9' title="bbox 181 878 1678 936; baseline -0.001 -14"><span class='ocrx_word' id='word_1_63' title='bbox 181 881 301 936; x_wconf 83' lang='lat' dir='ltr'>pagis</span> <span class='ocrx_word' id='word_1_64' title='bbox 330 886 424 923; x_wconf 91' lang='lat' dir='ltr'>sunt</span> <span class='ocrx_word' id='word_1_65' title='bbox 441 895 452 933; x_wconf 84' lang='lat'>3</span> <span class='ocrx_word' id='word_1_66' title='bbox 484 882 608 935; x_wconf 89' lang='lat' dir='ltr'>idque</span> <span class='ocrx_word' id='word_1_67' title='bbox 639 882 773 935; x_wconf 90' lang='lat' dir='ltr'>ipsum</span> <span class='ocrx_word' id='word_1_68' title='bbox 804 881 911 923; x_wconf 88' lang='lat' dir='ltr'>inter</span> <span class='ocrx_word' id='word_1_69' title='bbox 942 892 1043 922; x_wconf 88' lang='lat' dir='ltr'>suos</span> <span class='ocrx_word' id='word_1_70' title='bbox 1074 883 1302 932; x_wconf 83' lang='lat' dir='ltr'>vocantur,</span> <span class='ocrx_word' id='word_1_71' title='bbox 1335 884 1376 921; x_wconf 91' lang='lat' dir='ltr'>et</span> <span class='ocrx_word' id='word_1_72' title='bbox 1405 878 1513 932; x_wconf 83' lang='lat' dir='ltr'>quod</span> <span class='ocrx_word' id='word_1_73' title='bbox 1545 879 1678 933; x_wconf 87' lang='lat' dir='ltr'>primo</span> 
     </span>
     <span class='ocr_line' id='line_1_10' title="bbox 182 954 1678 1009; baseline -0.001 -13"><span class='ocrx_word' id='word_1_74' title='bbox 182 967 377 997; x_wconf 88' lang='lat' dir='ltr'>numerus</span> <span class='ocrx_word' id='word_1_75' title='bbox 409 956 499 1009; x_wconf 83' lang='lat' dir='ltr'>suit,</span> <span class='ocrx_word' id='word_1_76' title='bbox 534 956 614 997; x_wconf 86' lang='lat' dir='ltr'>iam</span> <span class='ocrx_word' id='word_1_77' title='bbox 646 967 798 997; x_wconf 88' lang='lat' dir='ltr'>nomen</span> <span class='ocrx_word' id='word_1_78' title='bbox 840 959 880 997; x_wconf 89' lang='lat' dir='ltr'>et</span> <span class='ocrx_word' id='word_1_79' title='bbox 920 955 1057 996; x_wconf 88' lang='lat' dir='ltr'>honor</span> <span class='ocrx_word' id='word_1_80' title='bbox 1098 958 1174 996; x_wconf 89' lang='lat' dir='ltr'>est.</span> <span class='ocrx_word' id='word_1_81' title='bbox 1235 954 1363 996; x_wconf 83' lang='lat' dir='ltr'>Acies</span> <span class='ocrx_word' id='word_1_82' title='bbox 1406 965 1481 1007; x_wconf 85' lang='lat' dir='ltr'>per</span> <span class='ocrx_word' id='word_1_83' title='bbox 1522 965 1678 995; x_wconf 90' lang='lat' dir='ltr'>cuneos</span> 
     </span>
     <span class='ocr_line' id='line_1_11' title="bbox 133 1026 1679 1085; baseline -0.003 -13"><span class='ocrx_word' id='word_1_84' title='bbox 133 1037 171 1066; x_wconf 86' lang='lat'>¹0</span> <span class='ocrx_word' id='word_1_85' title='bbox 186 1031 458 1085; x_wconf 88' lang='lat' dir='ltr'>componitur.</span> <span class='ocrx_word' id='word_1_86' title='bbox 523 1030 684 1072; x_wconf 87' lang='lat' dir='ltr'>Cedere</span> <span class='ocrx_word' id='word_1_87' title='bbox 714 1030 834 1082; x_wconf 80' lang='lat' dir='ltr'>loco,</span> <span class='ocrx_word' id='word_1_88' title='bbox 879 1029 1099 1071; x_wconf 89' lang='lat' dir='ltr'>dummodo</span> <span class='ocrx_word' id='word_1_89' title='bbox 1133 1040 1278 1070; x_wconf 84' lang='lat' dir='ltr'>rursus</span> <span class='ocrx_word' id='word_1_90' title='bbox 1309 1027 1466 1080; x_wconf 83' lang='lat' dir='ltr'>instes,</span> <span class='ocrx_word' id='word_1_91' title='bbox 1514 1026 1679 1068; x_wconf 85' lang='lat' dir='ltr'>consilii</span> 
     </span>
     <span class='ocr_line' id='line_1_12' title="bbox 185 1091 1679 1164; baseline -0.003 -18"><span class='ocrx_word' id='word_1_92' title='bbox 185 1116 304 1158; x_wconf 82' lang='lat' dir='ltr'>quam</span> <span class='ocrx_word' id='word_1_93' title='bbox 338 1104 572 1147; x_wconf 87' lang='lat' dir='ltr'>formidinis</span> <span class='ocrx_word' id='word_1_94' title='bbox 604 1091 881 1146; x_wconf 58' lang='lat' dir='ltr'>arhitranturs</span> <span class='ocrx_word' id='word_1_95' title='bbox 929 1104 1114 1157; x_wconf 82' lang='lat' dir='ltr'>Corpora</span> <span class='ocrx_word' id='word_1_96' title='bbox 1147 1115 1315 1164; x_wconf 59' lang='lat' dir='ltr'>suorum</span> <span class='ocrx_word' id='word_1_97' title='bbox 1332 1103 1457 1162; x_wconf 81' lang='lat' dir='ltr'>etiam</span> <span class='ocrx_word' id='word_1_98' title='bbox 1479 1102 1522 1142; x_wconf 91' lang='lat' dir='ltr'>in</span> <span class='ocrx_word' id='word_1_99' title='bbox 1543 1101 1679 1143; x_wconf 88' lang='lat' dir='ltr'>dubiis</span> 
     </span>
     <span class='ocr_line' id='line_1_13' title="bbox 182 1176 1681 1233; baseline -0.004 -11"><span class='ocrx_word' id='word_1_100' title='bbox 182 1180 355 1233; x_wconf 86' lang='lat' dir='ltr'>proeliis</span> <span class='ocrx_word' id='word_1_101' title='bbox 384 1180 584 1222; x_wconf 86' lang='lat' dir='ltr'>referunt.</span> <span class='ocrx_word' id='word_1_102' title='bbox 627 1180 792 1223; x_wconf 89' lang='lat' dir='ltr'>Scutum</span> <span class='ocrx_word' id='word_1_103' title='bbox 823 1179 1045 1232; x_wconf 86' lang='lat' dir='ltr'>reliquisse</span> <span class='ocrx_word' id='word_1_104' title='bbox 1070 1178 1338 1231; x_wconf 84' lang='lat' dir='ltr'>praecipuum</span> <span class='ocrx_word' id='word_1_105' title='bbox 1358 1176 1573 1232; x_wconf 80' lang='lat' dir='ltr'>flagitium,</span> <span class='ocrx_word' id='word_1_106' title='bbox 1601 1187 1681 1217; x_wconf 89' lang='lat' dir='ltr'>nec</span> 
     </span>
    </p>
   </div>
   <div class='ocr_carea' id='block_1_3' title="bbox 322 1305 1682 1356">
    <p class='ocr_par' dir='ltr' id='par_1_3' title="bbox 322 1305 1682 1356">
     <span class='ocr_line' id='line_1_14' title="bbox 322 1305 1682 1356; baseline -0.004 -11"><span class='ocrx_word' id='word_1_107' title='bbox 322 1312 353 1345; x_wconf 90' lang='lat'>1.</span> <span class='ocrx_word' id='word_1_108' title='bbox 379 1311 587 1345; x_wconf 82' lang='lat' dir='ltr'>varietatem</span> <span class='ocrx_word' id='word_1_109' title='bbox 613 1321 778 1356; x_wconf 74' lang='lat' dir='ltr'>yyrorum</span> <span class='ocrx_word' id='word_1_110' title='bbox 805 1309 947 1344; x_wconf 85' lang='lat' dir='ltr'>editor:</span> <span class='ocrx_word' id='word_1_111' title='bbox 982 1305 1157 1343; x_wconf 74' lang='lat' dir='ltr'>udrietate</span> <span class='ocrx_word' id='word_1_112' title='bbox 1191 1319 1296 1353; x_wconf 73' lang='lat' dir='ltr'>yyros</span> <span class='ocrx_word' id='word_1_113' title='bbox 1323 1307 1347 1341; x_wconf 90' lang='lat' dir='ltr'>P</span> <span class='ocrx_word' id='word_1_114' title='bbox 1375 1312 1410 1342; x_wconf 86' lang='lat' dir='ltr'>et</span> <span class='ocrx_word' id='word_1_115' title='bbox 1434 1307 1508 1350; x_wconf 81' lang='lat' dir='ltr'>alii,</span> <span class='ocrx_word' id='word_1_116' title='bbox 1534 1307 1682 1340; x_wconf 75' lang='lat' dir='ltr'>uariare</span> 
     </span>
    </p>
   </div>
   <div class='ocr_carea' id='block_1_4' title="bbox 181 1357 1360 1490">
    <p class='ocr_par' dir='ltr' id='par_1_4' title="bbox 181 1357 1360 1490">
     <span class='ocr_line' id='line_1_15' title="bbox 182 1357 1360 1404; baseline -0.001 -13"><span class='ocrx_word' id='word_1_117' title='bbox 182 1369 286 1403; x_wconf 74' lang='lat' dir='ltr'>yyros</span> <span class='ocrx_word' id='word_1_118' title='bbox 313 1364 480 1403; x_wconf 81' lang='lat' dir='ltr'>quattuor</span> <span class='ocrx_word' id='word_1_119' title='bbox 506 1359 669 1393; x_wconf 84' lang='lat' dir='ltr'>Vaticani</span> <span class='ocrx_word' id='word_1_120' title='bbox 697 1363 733 1393; x_wconf 90' lang='lat' dir='ltr'>et</span> <span class='ocrx_word' id='word_1_121' title='bbox 757 1358 1003 1404; x_wconf 85' lang='lat' dir='ltr'>Angelicanus</span> <span class='ocrx_word' id='word_1_122' title='bbox 1040 1363 1076 1391; x_wconf 86' lang='lat' dir='ltr'>et</span> <span class='ocrx_word' id='word_1_123' title='bbox 1110 1357 1360 1391; x_wconf 86' lang='lat' dir='ltr'>Farnesianus.</span> 
     </span>
     <span class='ocr_line' id='line_1_16' title="bbox 181 1406 916 1450; baseline -0.001 -9"><span class='ocrx_word' id='word_1_124' title='bbox 181 1417 358 1450; x_wconf 88' lang='lat' dir='ltr'>superscr.</span> <span class='ocrx_word' id='word_1_125' title='bbox 387 1408 429 1441; x_wconf 82' lang='lat' dir='ltr'>ab</span> <span class='ocrx_word' id='word_1_126' title='bbox 458 1407 503 1441; x_wconf 83' lang='lat' dir='ltr'>al.</span> <span class='ocrx_word' id='word_1_127' title='bbox 537 1418 642 1441; x_wconf 86' lang='lat' dir='ltr'>manu</span> <span class='ocrx_word' id='word_1_128' title='bbox 669 1408 854 1441; x_wconf 76' lang='lat' dir='ltr'>coniuncto</span> <span class='ocrx_word' id='word_1_129' title='bbox 881 1406 916 1440; x_wconf 84' lang='lat' dir='ltr'>P.</span> 
     </span>
     <span class='ocr_line' id='line_1_17' title="bbox 182 1455 907 1490; baseline -0.001 -1"><span class='ocrx_word' id='word_1_130' title='bbox 182 1461 382 1489; x_wconf 87' lang='lat' dir='ltr'>correctum</span> <span class='ocrx_word' id='word_1_131' title='bbox 412 1456 522 1490; x_wconf 85' lang='lat' dir='ltr'>erasis</span> <span class='ocrx_word' id='word_1_132' title='bbox 548 1455 617 1489; x_wconf 85' lang='lat' dir='ltr'>litt.</span> <span class='ocrx_word' id='word_1_133' title='bbox 642 1467 694 1489; x_wconf 85' lang='lat' dir='ltr'>em</span> <span class='ocrx_word' id='word_1_134' title='bbox 719 1455 761 1490; x_wconf 85' lang='lat' dir='ltr'>ab</span> <span class='ocrx_word' id='word_1_135' title='bbox 789 1455 835 1489; x_wconf 82' lang='lat' dir='ltr'>al.</span> <span class='ocrx_word' id='word_1_136' title='bbox 861 1466 907 1488; x_wconf 91' lang='lat' dir='ltr'>m.</span> 
     </span>
    </p>
   </div>
   <div class='ocr_carea' id='block_1_5' title="bbox 994 1352 1681 1499">
    <p class='ocr_par' dir='ltr' id='par_1_5' title="bbox 994 1352 1681 1499">
     <span class='ocr_line' id='line_1_18' title="bbox 1486 1352 1679 1391; baseline -0.016 0"><span class='ocrx_word' id='word_1_137' title='bbox 1486 1358 1521 1391; x_wconf 84' lang='lat'>3.</span> <span class='ocrx_word' id='word_1_138' title='bbox 1556 1352 1679 1389; x_wconf 72' lang='lat' dir='ltr'>cuncto</span> 
     </span>
     <span class='ocr_line' id='line_1_19' title="bbox 994 1403 1678 1448; baseline -0.006 -8"><span class='ocrx_word' id='word_1_139' title='bbox 994 1407 1027 1440; x_wconf 87' lang='lat'>5.</span> <span class='ocrx_word' id='word_1_140' title='bbox 1051 1406 1143 1439; x_wconf 82' lang='lat' dir='ltr'>misti</span> <span class='ocrx_word' id='word_1_141' title='bbox 1172 1406 1207 1438; x_wconf 80' lang='grc' dir='ltr'>Ρ.</span> <span class='ocrx_word' id='word_1_142' title='bbox 1290 1405 1325 1440; x_wconf 92' lang='grc'>8.</span> <span class='ocrx_word' id='word_1_143' title='bbox 1360 1409 1392 1438; x_wconf 90' lang='lat' dir='ltr'>et</span> <span class='ocrx_word' id='word_1_144' title='bbox 1415 1403 1531 1448; x_wconf 66' lang='lat' dir='ltr'>gcl&#39;em</span> <span class='ocrx_word' id='word_1_145' title='bbox 1550 1403 1588 1445; x_wconf 90' lang='lat' dir='ltr'>P,</span> <span class='ocrx_word' id='word_1_146' title='bbox 1615 1403 1678 1437; x_wconf 86' lang='lat' dir='ltr'>sed</span> 
     </span>
     <span class='ocr_line' id='line_1_20' title="bbox 1012 1451 1681 1499; baseline -0.003 -11"><span class='ocrx_word' id='word_1_147' title='bbox 1012 1455 1066 1488; x_wconf 88' lang='lat'>11.</span> <span class='ocrx_word' id='word_1_148' title='bbox 1095 1453 1358 1499; x_wconf 78' lang='lat' dir='ltr'>fortitumidinis</span> <span class='ocrx_word' id='word_1_149' title='bbox 1386 1457 1472 1499; x_wconf 86' lang='lat' dir='ltr'>(non</span> <span class='ocrx_word' id='word_1_150' title='bbox 1498 1451 1681 1496; x_wconf 74' lang='lat' dir='ltr'>fortitudi-</span> 
     </span>
    </p>
   </div>
   <div class='ocr_carea' id='block_1_6' title="bbox 179 1503 1090 1552">
    <p class='ocr_par' dir='ltr' id='par_1_6' title="bbox 179 1503 1090 1552">
     <span class='ocr_line' id='line_1_21' title="bbox 179 1503 1090 1552; baseline -0.003 -14"><span class='ocrx_word' id='word_1_151' title='bbox 179 1505 249 1552; x_wconf 80' lang='lat' dir='ltr'>nis)</span> <span class='ocrx_word' id='word_1_152' title='bbox 275 1504 312 1538; x_wconf 93' lang='lat' dir='ltr'>P.</span> <span class='ocrx_word' id='word_1_153' title='bbox 361 1504 424 1538; x_wconf 89' lang='lat' dir='ltr'>sed</span> <span class='ocrx_word' id='word_1_154' title='bbox 452 1503 630 1538; x_wconf 86' lang='lat' dir='ltr'>Pontanus</span> <span class='ocrx_word' id='word_1_155' title='bbox 659 1506 721 1542; x_wconf 74' lang='lat' dir='ltr'>titu</span> <span class='ocrx_word' id='word_1_156' title='bbox 749 1504 846 1537; x_wconf 87' lang='lat' dir='ltr'>linea</span> <span class='ocrx_word' id='word_1_157' title='bbox 872 1503 1090 1538; x_wconf 85' lang='lat' dir='ltr'>subnotavit.</span> 
     </span>
    </p>
   </div>
   <div class='ocr_carea' id='block_1_7' title="bbox 181 1631 896 1774">
    <p class='ocr_par' dir='ltr' id='par_1_7' title="bbox 181 1631 896 1774">
     <span class='ocr_line' id='line_1_22' title="bbox 184 1631 896 1677; baseline -0.003 -11"><span class='ocrx_word' id='word_1_158' title='bbox 184 1632 278 1677; x_wconf 81' lang='lat' dir='ltr'>equis</span> <span class='ocrx_word' id='word_1_159' title='bbox 304 1632 504 1676; x_wconf 80' lang='lat' dir='ltr'>utebantur,</span> <span class='ocrx_word' id='word_1_160' title='bbox 533 1643 555 1666; x_wconf 88' lang='lat' dir='ltr'><em>a</em></span> <span class='ocrx_word' id='word_1_161' title='bbox 579 1632 727 1666; x_wconf 81' lang='lat' dir='ltr'>tribunis</span> <span class='ocrx_word' id='word_1_162' title='bbox 750 1631 896 1666; x_wconf 81' lang='lat' dir='ltr'>militum</span> 
     </span>
     <span class='ocr_line' id='line_1_23' title="bbox 181 1680 895 1726; baseline -0.001 -12"><span class='ocrx_word' id='word_1_163' title='bbox 181 1681 391 1726; x_wconf 79' lang='lat' dir='ltr'>reliquisque</span> <span class='ocrx_word' id='word_1_164' title='bbox 418 1702 462 1709; x_wconf 88' lang='lat'>—-</span> <span class='ocrx_word' id='word_1_165' title='bbox 491 1691 593 1725; x_wconf 82' lang='lat' dir='ltr'>equos</span> <span class='ocrx_word' id='word_1_166' title='bbox 619 1682 720 1715; x_wconf 83' lang='lat' dir='ltr'>sumit</span> <span class='ocrx_word' id='word_1_167' title='bbox 745 1680 895 1715; x_wconf 84' lang='lat' dir='ltr'>Germa-</span> 
     </span>
     <span class='ocr_line' id='line_1_24' title="bbox 184 1729 518 1774; baseline -0.003 -11"><span class='ocrx_word' id='word_1_168' title='bbox 184 1730 304 1774; x_wconf 81' lang='lat' dir='ltr'>nisque</span> <span class='ocrx_word' id='word_1_169' title='bbox 333 1729 518 1764; x_wconf 81' lang='lat' dir='ltr'>distribuit.</span> 
     </span>
    </p>
   </div>
   <div class='ocr_carea' id='block_1_8' title="bbox 182 1799 898 2045">
    <p class='ocr_par' dir='ltr' id='par_1_8' title="bbox 182 1799 898 2045">
     <span class='ocr_line' id='line_1_25' title="bbox 255 1799 897 1845; baseline -0.005 -11"><span class='ocrx_word' id='word_1_170' title='bbox 255 1800 316 1834; x_wconf 76' lang='lat' dir='ltr'>setl</span> <span class='ocrx_word' id='word_1_171' title='bbox 340 1812 407 1834; x_wconf 80' lang='lat' dir='ltr'>nec</span> <span class='ocrx_word' id='word_1_172' title='bbox 432 1801 639 1834; x_wconf 77' lang='lat' dir='ltr'>varietatem</span> <span class='ocrx_word' id='word_1_173' title='bbox 669 1810 835 1845; x_wconf 74' lang='lat' dir='ltr'>yyrorum</span> <span class='ocrx_word' id='word_1_174' title='bbox 859 1799 897 1832; x_wconf 80' lang='lat' dir='ltr'>in</span> 
     </span>
     <span class='ocr_line' id='line_1_26' title="bbox 183 1847 897 1883; baseline -0.004 -1"><span class='ocrx_word' id='word_1_175' title='bbox 183 1859 314 1882; x_wconf 79' lang='lat' dir='ltr'>morem</span> <span class='ocrx_word' id='word_1_176' title='bbox 347 1854 503 1883; x_wconf 79' lang='lat' dir='ltr'>nostrum</span> <span class='ocrx_word' id='word_1_177' title='bbox 540 1849 730 1882; x_wconf 78' lang='lat' dir='ltr'>docentur:</span> <span class='ocrx_word' id='word_1_178' title='bbox 776 1847 897 1880; x_wconf 82' lang='lat' dir='ltr'>varie-</span> 
     </span>
     <span class='ocr_line' id='line_1_27' title="bbox 183 1895 895 1941; baseline -0.003 -11"><span class='ocrx_word' id='word_1_179' title='bbox 183 1903 274 1940; x_wconf 83' lang='lat' dir='ltr'>tate,</span> <span class='ocrx_word' id='word_1_180' title='bbox 308 1902 346 1930; x_wconf 83' lang='lat' dir='ltr'>ut</span> <span class='ocrx_word' id='word_1_181' title='bbox 386 1902 439 1931; x_wconf 89' lang='lat' dir='ltr'>est</span> <span class='ocrx_word' id='word_1_182' title='bbox 473 1899 509 1931; x_wconf 90' lang='lat' dir='ltr'>in</span> <span class='ocrx_word' id='word_1_183' title='bbox 543 1896 568 1930; x_wconf 91' lang='lat' dir='ltr'>P</span> <span class='ocrx_word' id='word_1_184' title='bbox 602 1897 755 1941; x_wconf 85' lang='lat' dir='ltr'>aliisque</span> <span class='ocrx_word' id='word_1_185' title='bbox 783 1895 895 1938; x_wconf 85' lang='lat' dir='ltr'>libris,</span> 
     </span>
     <span class='ocr_line' id='line_1_28' title="bbox 182 1945 896 1987; baseline -0.004 -8"><span class='ocrx_word' id='word_1_186' title='bbox 182 1956 239 1979; x_wconf 88' lang='lat' dir='ltr'>me</span> <span class='ocrx_word' id='word_1_187' title='bbox 266 1945 385 1985; x_wconf 82' lang='lat' dir='ltr'>iudice</span> <span class='ocrx_word' id='word_1_188' title='bbox 411 1951 525 1979; x_wconf 86' lang='lat' dir='ltr'>ortum</span> <span class='ocrx_word' id='word_1_189' title='bbox 555 1951 608 1979; x_wconf 85' lang='lat' dir='ltr'>est</span> <span class='ocrx_word' id='word_1_190' title='bbox 636 1956 679 1979; x_wconf 89' lang='lat' dir='ltr'>ex</span> <span class='ocrx_word' id='word_1_191' title='bbox 707 1945 896 1987; x_wconf 74' lang='lat' dir='ltr'>varietate,</span> 
     </span>
     <span class='ocr_line' id='line_1_29' title="bbox 183 1992 898 2045; baseline -0.003 -18"><span class='ocrx_word' id='word_1_192' title='bbox 183 2005 287 2038; x_wconf 65' lang='lat' dir='ltr'>gyros</span> <span class='ocrx_word' id='word_1_193' title='bbox 316 1998 434 2027; x_wconf 81' lang='lat' dir='ltr'>nutem</span> <span class='ocrx_word' id='word_1_194' title='bbox 462 2005 506 2027; x_wconf 86' lang='lat' dir='ltr'>ex</span> <span class='ocrx_word' id='word_1_195' title='bbox 533 2000 674 2045; x_wconf 56' lang='lat' dir='ltr'>yyro2‡‚</span> <span class='ocrx_word' id='word_1_196' title='bbox 704 1992 739 2026; x_wconf 90' lang='lat' dir='ltr'>h.</span> <span class='ocrx_word' id='word_1_197' title='bbox 769 2004 800 2026; x_wconf 90' lang='lat' dir='ltr'>e.</span> <span class='ocrx_word' id='word_1_198' title='bbox 831 2003 898 2026; x_wconf 79' lang='lat' dir='ltr'>va-</span> 
     </span>
    </p>
   </div>
   <div class='ocr_carea' id='block_1_9' title="bbox 183 2051 901 2435">
    <p class='ocr_par' dir='ltr' id='par_1_9' title="bbox 183 2051 901 2435">
     <span class='ocr_line' id='line_1_30' title="bbox 183 2051 892 2098; baseline -0.004 -12"><span class='ocrx_word' id='word_1_199' title='bbox 183 2053 344 2086; x_wconf 79' lang='lat' dir='ltr'>rietatem</span> <span class='ocrx_word' id='word_1_200' title='bbox 378 2064 556 2098; x_wconf 75' lang='lat' dir='ltr'>yyrorum.</span> <span class='ocrx_word' id='word_1_201' title='bbox 621 2051 723 2092; x_wconf 89' lang='lat' dir='ltr'>Quod</span> <span class='ocrx_word' id='word_1_202' title='bbox 763 2056 816 2085; x_wconf 86' lang='lat' dir='ltr'>est</span> <span class='ocrx_word' id='word_1_203' title='bbox 857 2053 892 2085; x_wconf 89' lang='lat' dir='ltr'>in</span> 
     </span>
     <span class='ocr_line' id='line_1_31' title="bbox 184 2099 896 2145; baseline -0.001 -12"><span class='ocrx_word' id='word_1_204' title='bbox 184 2099 264 2134; x_wconf 86' lang='lat' dir='ltr'>aliis</span> <span class='ocrx_word' id='word_1_205' title='bbox 305 2105 340 2134; x_wconf 86' lang='lat' dir='ltr'>et</span> <span class='ocrx_word' id='word_1_206' title='bbox 374 2102 488 2134; x_wconf 86' lang='lat' dir='ltr'>minus</span> <span class='ocrx_word' id='word_1_207' title='bbox 521 2101 676 2145; x_wconf 82' lang='lat' dir='ltr'>antiquis</span> <span class='ocrx_word' id='word_1_208' title='bbox 713 2099 896 2134; x_wconf 89' lang='lat' dir='ltr'>codicibus</span> 
     </span>
     <span class='ocr_line' id='line_1_32' title="bbox 183 2148 900 2190; baseline -0.003 -8"><span class='ocrx_word' id='word_1_209' title='bbox 183 2149 347 2190; x_wconf 78' lang='lat' dir='ltr'>variare,</span> <span class='ocrx_word' id='word_1_210' title='bbox 393 2148 477 2182; x_wconf 89' lang='lat' dir='ltr'>hinc</span> <span class='ocrx_word' id='word_1_211' title='bbox 511 2159 597 2182; x_wconf 87' lang='lat' dir='ltr'>sane</span> <span class='ocrx_word' id='word_1_212' title='bbox 634 2149 806 2182; x_wconf 67' lang='lat' dir='ltr'>varietate</span> <span class='ocrx_word' id='word_1_213' title='bbox 839 2149 900 2181; x_wconf 85' lang='lat' dir='ltr'>vix</span> 
     </span>
     <span class='ocr_line' id='line_1_33' title="bbox 184 2196 899 2241; baseline 0 -11"><span class='ocrx_word' id='word_1_214' title='bbox 184 2198 284 2231; x_wconf 84' lang='lat' dir='ltr'>nasci</span> <span class='ocrx_word' id='word_1_215' title='bbox 314 2198 443 2241; x_wconf 87' lang='lat' dir='ltr'>potuit,</span> <span class='ocrx_word' id='word_1_216' title='bbox 470 2196 639 2241; x_wconf 84' lang='lat' dir='ltr'>idemque</span> <span class='ocrx_word' id='word_1_217' title='bbox 666 2208 686 2230; x_wconf 85' lang='lat' dir='ltr'>a</span> <span class='ocrx_word' id='word_1_218' title='bbox 708 2196 899 2230; x_wconf 77' lang='lat' dir='ltr'>Latinitate</span> 
     </span>
     <span class='ocr_line' id='line_1_34' title="bbox 186 2244 900 2279; baseline 0 -1"><span class='ocrx_word' id='word_1_219' title='bbox 186 2256 259 2278; x_wconf 88' lang='lat' dir='ltr'>non</span> <span class='ocrx_word' id='word_1_220' title='bbox 285 2250 399 2279; x_wconf 84' lang='lat' dir='ltr'>tutum</span> <span class='ocrx_word' id='word_1_221' title='bbox 427 2245 580 2279; x_wconf 84' lang='lat' dir='ltr'>videtur.</span> <span class='ocrx_word' id='word_1_222' title='bbox 643 2244 729 2278; x_wconf 82' lang='lat' dir='ltr'>Nam</span> <span class='ocrx_word' id='word_1_223' title='bbox 756 2246 900 2278; x_wconf 67' lang='lat' dir='ltr'>variare</span> 
     </span>
     <span class='ocr_line' id='line_1_35' title="bbox 183 2294 900 2339; baseline 0 -12"><span class='ocrx_word' id='word_1_224' title='bbox 183 2305 288 2338; x_wconf 72' lang='lat' dir='ltr'>yyvvs</span> <span class='ocrx_word' id='word_1_225' title='bbox 315 2294 495 2338; x_wconf 85' lang='lat' dir='ltr'>significat</span> <span class='ocrx_word' id='word_1_226' title='bbox 514 2303 622 2339; x_wconf 86' lang='lat' dir='ltr'>gyros</span> <span class='ocrx_word' id='word_1_227' title='bbox 649 2295 709 2338; x_wconf 86' lang='lat' dir='ltr'>qui</span> <span class='ocrx_word' id='word_1_228' title='bbox 735 2298 816 2326; x_wconf 91' lang='lat' dir='ltr'>sunt</span> <span class='ocrx_word' id='word_1_229' title='bbox 834 2304 900 2327; x_wconf 83' lang='lat' dir='ltr'>va-</span> 
     </span>
     <span class='ocr_line' id='line_1_36' title="bbox 186 2341 901 2388; baseline 0 -13"><span class='ocrx_word' id='word_1_230' title='bbox 186 2344 259 2375; x_wconf 88' lang='lat' dir='ltr'>rios</span> <span class='ocrx_word' id='word_1_231' title='bbox 286 2341 435 2376; x_wconf 82' lang='lat' dir='ltr'>reddere</span> <span class='ocrx_word' id='word_1_232' title='bbox 453 2343 706 2388; x_wconf 80' lang='grc' dir='ltr'>(ποικίλλειν),</span> <span class='ocrx_word' id='word_1_233' title='bbox 737 2351 806 2374; x_wconf 92' lang='lat' dir='ltr'>non</span> <span class='ocrx_word' id='word_1_234' title='bbox 834 2352 901 2375; x_wconf 83' lang='lat' dir='ltr'>va-</span> 
     </span>
     <span class='ocr_line' id='line_1_37' title="bbox 184 2389 900 2435; baseline 0 -12"><span class='ocrx_word' id='word_1_235' title='bbox 184 2392 256 2424; x_wconf 86' lang='lat' dir='ltr'>rios</span> <span class='ocrx_word' id='word_1_236' title='bbox 283 2401 391 2435; x_wconf 83' lang='lat' dir='ltr'>gyros</span> <span class='ocrx_word' id='word_1_237' title='bbox 418 2390 622 2424; x_wconf 78' lang='lat' dir='ltr'>decurrere.</span> <span class='ocrx_word' id='word_1_238' title='bbox 649 2389 702 2423; x_wconf 90' lang='lat' dir='ltr'>De</span> <span class='ocrx_word' id='word_1_239' title='bbox 719 2401 785 2423; x_wconf 84' lang='lat' dir='ltr'>nec</span> <span class='ocrx_word' id='word_1_240' title='bbox 806 2390 900 2434; x_wconf 84' lang='lat' dir='ltr'>qnod</span> 
     </span>
    </p>
   </div>
   <div class='ocr_carea' id='block_1_10' title="bbox 184 2438 900 2520">
    <p class='ocr_par' dir='ltr' id='par_1_10' title="bbox 184 2438 900 2520">
     <span class='ocr_line' id='line_1_38' title="bbox 186 2438 900 2482; baseline 0 -10"><span class='ocrx_word' id='word_1_241' title='bbox 186 2438 352 2472; x_wconf 80' lang='lat' dir='ltr'>valetne</span> <span class='ocrx_word' id='word_1_242' title='bbox 380 2439 515 2482; x_wconf 85' lang='lat' dir='ltr'>quidem</span> <span class='ocrx_word' id='word_1_243' title='bbox 553 2438 598 2472; x_wconf 85' lang='lat' dir='ltr'>cf.</span> <span class='ocrx_word' id='word_1_244' title='bbox 635 2443 756 2471; x_wconf 83' lang='lat' dir='ltr'>annot.</span> <span class='ocrx_word' id='word_1_245' title='bbox 796 2438 838 2472; x_wconf 83' lang='lat' dir='ltr'>ad</span> <span class='ocrx_word' id='word_1_246' title='bbox 869 2438 900 2472; x_wconf 89' lang='lat' dir='ltr'>ll</span> 
     </span>
     <span class='ocr_line' id='line_1_39' title="bbox 184 2486 758 2520; baseline -0.003 0"><span class='ocrx_word' id='word_1_247' title='bbox 184 2486 232 2520; x_wconf 76' lang='lat'>82</span> <span class='ocrx_word' id='word_1_248' title='bbox 259 2492 294 2520; x_wconf 85' lang='lat' dir='ltr'>et</span> <span class='ocrx_word' id='word_1_249' title='bbox 320 2486 410 2520; x_wconf 81' lang='lat' dir='ltr'>adde</span> <span class='ocrx_word' id='word_1_250' title='bbox 436 2486 477 2519; x_wconf 90' lang='lat' dir='ltr'>H.</span> <span class='ocrx_word' id='word_1_251' title='bbox 506 2486 537 2520; x_wconf 85' lang='lat'>11</span> <span class='ocrx_word' id='word_1_252' title='bbox 567 2487 608 2520; x_wconf 87' lang='grc'>15</span> <span class='ocrx_word' id='word_1_253' title='bbox 639 2491 674 2519; x_wconf 80' lang='lat' dir='ltr'>et</span> <span class='ocrx_word' id='word_1_254' title='bbox 701 2486 758 2520; x_wconf 84' lang='lat'>53.</span> 
     </span>
    </p>
   </div>
   <div class='ocr_carea' id='block_1_11' title="bbox 185 2565 901 2892">
    <p class='ocr_par' dir='ltr' id='par_1_11' title="bbox 185 2565 901 2806">
     <span class='ocr_line' id='line_1_40' title="bbox 263 2565 900 2601; baseline -0.003 0"><span class='ocrx_word' id='word_1_255' title='bbox 263 2568 448 2601; x_wconf 79' lang='lat' dir='ltr'>coniuncto</span> <span class='ocrx_word' id='word_1_256' title='bbox 476 2567 580 2600; x_wconf 82' lang='lat' dir='ltr'>orbe.-</span> <span class='ocrx_word' id='word_1_257' title='bbox 609 2567 734 2600; x_wconf 88' lang='lat' dir='ltr'>vitium</span> <span class='ocrx_word' id='word_1_258' title='bbox 760 2565 784 2599; x_wconf 94' lang='lat' dir='ltr'><strong>P</strong></span> <span class='ocrx_word' id='word_1_259' title='bbox 811 2578 900 2600; x_wconf 83' lang='lat' dir='ltr'>cun-</span> 
     </span>
     <span class='ocr_line' id='line_1_41' title="bbox 186 2613 901 2661; baseline -0.004 -12"><span class='ocrx_word' id='word_1_260' title='bbox 186 2621 240 2650; x_wconf 85' lang='lat' dir='ltr'>eto</span> <span class='ocrx_word' id='word_1_261' title='bbox 268 2617 336 2650; x_wconf 83' lang='lat' dir='ltr'>iam</span> <span class='ocrx_word' id='word_1_262' title='bbox 369 2616 406 2648; x_wconf 89' lang='lat' dir='ltr'>in</span> <span class='ocrx_word' id='word_1_263' title='bbox 433 2614 632 2661; x_wconf 75' lang='grc' dir='ltr'>ἀρχετύπῳ</span> <span class='ocrx_word' id='word_1_264' title='bbox 672 2613 814 2647; x_wconf 84' lang='lat' dir='ltr'>videtur</span> <span class='ocrx_word' id='word_1_265' title='bbox 840 2615 901 2647; x_wconf 87' lang='lat' dir='ltr'>fu-</span> 
     </span>
     <span class='ocr_line' id='line_1_42' title="bbox 185 2662 899 2712; baseline -0.004 -14"><span class='ocrx_word' id='word_1_266' title='bbox 185 2665 280 2712; x_wconf 64' lang='lat' dir='ltr'>isse,</span> <span class='ocrx_word' id='word_1_267' title='bbox 320 2669 439 2698; x_wconf 83' lang='lat' dir='ltr'>natum</span> <span class='ocrx_word' id='word_1_268' title='bbox 476 2674 520 2696; x_wconf 90' lang='lat' dir='ltr'>ex</span> <span class='ocrx_word' id='word_1_269' title='bbox 568 2667 651 2695; x_wconf 85' lang='lat' dir='ltr'>nota</span> <span class='ocrx_word' id='word_1_270' title='bbox 689 2662 805 2698; x_wconf 71' lang='lat' dir='ltr'>amicto</span> <span class='ocrx_word' id='word_1_271' title='bbox 839 2662 899 2695; x_wconf 90' lang='lat' dir='ltr'>vel</span> 
     </span>
     <span class='ocr_line' id='line_1_43' title="bbox 190 2711 895 2747; baseline -0.003 -2"><span class='ocrx_word' id='word_1_272' title='bbox 190 2713 316 2747; x_wconf 66' lang='lat' dir='ltr'>euicto.</span> <span class='ocrx_word' id='word_1_273' title='bbox 370 2711 535 2746; x_wconf 86' lang='lat' dir='ltr'>Ceterum</span> <span class='ocrx_word' id='word_1_274' title='bbox 564 2711 607 2744; x_wconf 86' lang='lat' dir='ltr'>de</span> <span class='ocrx_word' id='word_1_275' title='bbox 642 2711 794 2744; x_wconf 81' lang='lat' dir='ltr'>veritate</span> <span class='ocrx_word' id='word_1_276' title='bbox 829 2721 895 2743; x_wconf 85' lang='lat' dir='ltr'>an-</span> 
     </span>
     <span class='ocr_line' id='line_1_44' title="bbox 188 2758 900 2806; baseline -0.003 -13"><span class='ocrx_word' id='word_1_277' title='bbox 188 2763 309 2806; x_wconf 83' lang='lat' dir='ltr'>tiquae</span> <span class='ocrx_word' id='word_1_278' title='bbox 337 2761 570 2795; x_wconf 83' lang='lat' dir='ltr'>correctionis</span> <span class='ocrx_word' id='word_1_279' title='bbox 589 2758 741 2792; x_wconf 83' lang='lat' dir='ltr'>dubitari</span> <span class='ocrx_word' id='word_1_280' title='bbox 767 2760 900 2803; x_wconf 86' lang='lat' dir='ltr'>nequit.</span> 
     </span>
    </p>

    <p class='ocr_par' dir='ltr' id='par_1_12' title="bbox 188 2808 898 2892">
     <span class='ocr_line' id='line_1_45' title="bbox 259 2808 898 2843; baseline -0.003 0"><span class='ocrx_word' id='word_1_281' title='bbox 259 2810 297 2842; x_wconf 81' lang='lat' dir='ltr'>in</span> <span class='ocrx_word' id='word_1_282' title='bbox 323 2810 523 2843; x_wconf 82' lang='lat' dir='ltr'>universum</span> <span class='ocrx_word' id='word_1_283' title='bbox 548 2808 775 2842; x_wconf 78' lang='lat' dir='ltr'>aestimanti.-</span> <span class='ocrx_word' id='word_1_284' title='bbox 803 2808 898 2841; x_wconf 91' lang='lat' dir='ltr'>conf.</span> 
     </span>
     <span class='ocr_line' id='line_1_46' title="bbox 188 2858 566 2892; baseline -0.005 0"><span class='ocrx_word' id='word_1_285' title='bbox 188 2858 231 2892; x_wconf 88' lang='lat' dir='ltr'>A.</span> <span class='ocrx_word' id='word_1_286' title='bbox 263 2859 304 2892; x_wconf 91' lang='lat'>11</span> <span class='ocrx_word' id='word_1_287' title='bbox 340 2869 418 2891; x_wconf 89' lang='lat' dir='ltr'>cum</span> <span class='ocrx_word' id='word_1_288' title='bbox 446 2862 566 2891; x_wconf 83' lang='lat' dir='ltr'>annot.</span> 
     </span>
    </p>
   </div>
   <div class='ocr_carea' id='block_1_12' title="bbox 262 2926 902 2973">
    <p class='ocr_par' dir='ltr' id='par_1_13' title="bbox 262 2926 902 2973">
     <span class='ocr_line' id='line_1_47' title="bbox 262 2926 902 2973; baseline -0.003 -12"><span class='ocrx_word' id='word_1_289' title='bbox 262 2938 367 2971; x_wconf 87' lang='lat' dir='ltr'>eoque</span> <span class='ocrx_word' id='word_1_290' title='bbox 407 2929 509 2961; x_wconf 78' lang='lat' dir='ltr'>mixti</span> <span class='ocrx_word' id='word_1_291' title='bbox 547 2927 791 2973; x_wconf 78' lang='lat' dir='ltr'>proeliantur:</span> <span class='ocrx_word' id='word_1_292' title='bbox 833 2926 902 2959; x_wconf 91' lang='lat' dir='ltr'>hoc</span> 
     </span>
    </p>
   </div>
   <div class='ocr_carea' id='block_1_13' title="bbox 190 2975 906 3022">
    <p class='ocr_par' dir='ltr' id='par_1_14' title="bbox 190 2975 906 3022">
     <span class='ocr_line' id='line_1_48' title="bbox 190 2975 906 3022; baseline 0.004 -13"><span class='ocrx_word' id='word_1_293' title='bbox 190 2975 390 3020; x_wconf 83' lang='lat' dir='ltr'>proeliandi</span> <span class='ocrx_word' id='word_1_294' title='bbox 418 2985 531 3022; x_wconf 86' lang='lat' dir='ltr'>genus</span> <span class='ocrx_word' id='word_1_295' title='bbox 568 2980 733 3011; x_wconf 83' lang='lat' dir='ltr'>accurate</span> <span class='ocrx_word' id='word_1_296' title='bbox 764 2975 906 3012; x_wconf 50' lang='lat' dir='ltr'>deseri,</span> 
     </span>
    </p>
   </div>
   <div class='ocr_carea' id='block_1_14' title="bbox 966 1626 1679 1729">
    <p class='ocr_par' dir='ltr' id='par_1_15' title="bbox 966 1626 1679 1729">
     <span class='ocr_line' id='line_1_49' title="bbox 966 1626 1678 1671; baseline -0.004 -7"><span class='ocrx_word' id='word_1_297' title='bbox 966 1631 1018 1664; x_wconf 87' lang='lat' dir='ltr'>bit</span> <span class='ocrx_word' id='word_1_298' title='bbox 1035 1629 1166 1664; x_wconf 81' lang='lat' dir='ltr'>Caesar</span> <span class='ocrx_word' id='word_1_299' title='bbox 1190 1628 1230 1663; x_wconf 92' lang='lat' dir='ltr'>B.</span> <span class='ocrx_word' id='word_1_300' title='bbox 1249 1629 1288 1663; x_wconf 91' lang='lat' dir='ltr'>G.</span> <span class='ocrx_word' id='word_1_301' title='bbox 1318 1628 1331 1663; x_wconf 91' lang='lat'>1</span> <span class='ocrx_word' id='word_1_302' title='bbox 1358 1627 1431 1671; x_wconf 80' lang='lat'>48;</span> <span class='ocrx_word' id='word_1_303' title='bbox 1459 1626 1549 1662; x_wconf 88' lang='lat' dir='ltr'>adde</span> <span class='ocrx_word' id='word_1_304' title='bbox 1577 1627 1678 1662; x_wconf 84' lang='lat' dir='ltr'>eius-</span> 
     </span>
     <span class='ocr_line' id='line_1_50' title="bbox 966 1675 1679 1729; baseline 0 -17"><span class='ocrx_word' id='word_1_305' title='bbox 966 1679 1046 1713; x_wconf 90' lang='lat' dir='ltr'>dem</span> <span class='ocrx_word' id='word_1_306' title='bbox 1065 1678 1108 1711; x_wconf 94' lang='lat' dir='ltr'>lv</span> <span class='ocrx_word' id='word_1_307' title='bbox 1129 1680 1192 1722; x_wconf 81' lang='lat'>12,</span> <span class='ocrx_word' id='word_1_308' title='bbox 1223 1677 1299 1711; x_wconf 86' lang='lat' dir='ltr'>Vlll</span> <span class='ocrx_word' id='word_1_309' title='bbox 1330 1676 1383 1711; x_wconf 78' lang='lat'>13.</span> <span class='ocrx_word' id='word_1_310' title='bbox 1411 1676 1451 1710; x_wconf 87' lang='lat' dir='ltr'>B.</span> <span class='ocrx_word' id='word_1_311' title='bbox 1484 1675 1522 1710; x_wconf 80' lang='lat' dir='ltr'>G.</span> <span class='ocrx_word' id='word_1_312' title='bbox 1550 1675 1679 1729; x_wconf 74' lang='lat' dir='ltr'>1t184.</span> 
     </span>
    </p>
   </div>
   <div class='ocr_carea' id='block_1_15' title="bbox 965 1747 1682 2218">
    <p class='ocr_par' dir='ltr' id='par_1_16' title="bbox 965 1747 1682 2218">
     <span class='ocr_line' id='line_1_51' title="bbox 1037 1747 1677 1793; baseline -0.005 -11"><span class='ocrx_word' id='word_1_313' title='bbox 1037 1749 1174 1783; x_wconf 68' lang='lat' dir='ltr'>centem]</span> <span class='ocrx_word' id='word_1_314' title='bbox 1200 1760 1243 1782; x_wconf 73' lang='lat' dir='ltr'>ex</span> <span class='ocrx_word' id='word_1_315' title='bbox 1277 1748 1424 1793; x_wconf 71' lang='lat' dir='ltr'>sinquli&#39;s</span> <span class='ocrx_word' id='word_1_316' title='bbox 1450 1747 1552 1792; x_wconf 64' lang='lat' dir='ltr'>pagis</span> <span class='ocrx_word' id='word_1_317' title='bbox 1587 1752 1677 1789; x_wconf 82' lang='lat' dir='ltr'>sunt,</span> 
     </span>
     <span class='ocr_line' id='line_1_52' title="bbox 966 1796 1680 1842; baseline -0.004 -11"><span class='ocrx_word' id='word_1_318' title='bbox 966 1797 1067 1842; x_wconf 76' lang='lat' dir='ltr'>idque</span> <span class='ocrx_word' id='word_1_319' title='bbox 1099 1799 1211 1842; x_wconf 79' lang='lat' dir='ltr'>ipsum</span> <span class='ocrx_word' id='word_1_320' title='bbox 1260 1797 1428 1842; x_wconf 79' lang='lat' dir='ltr'>(centeni)</span> <span class='ocrx_word' id='word_1_321' title='bbox 1470 1796 1564 1829; x_wconf 78' lang='lat' dir='ltr'>inter</span> <span class='ocrx_word' id='word_1_322' title='bbox 1599 1805 1680 1828; x_wconf 78' lang='lat' dir='ltr'>suos</span> 
     </span>
     <span class='ocr_line' id='line_1_53' title="bbox 965 1843 1679 1880; baseline -0.004 -1"><span class='ocrx_word' id='word_1_323' title='bbox 965 1852 1160 1880; x_wconf 84' lang='lat' dir='ltr'>vocantur.-</span> <span class='ocrx_word' id='word_1_324' title='bbox 1210 1846 1359 1879; x_wconf 85' lang='lat' dir='ltr'>Romani</span> <span class='ocrx_word' id='word_1_325' title='bbox 1403 1843 1618 1877; x_wconf 75' lang='lat' dir='ltr'>vocabulum</span> <span class='ocrx_word' id='word_1_326' title='bbox 1659 1853 1679 1876; x_wconf 77' lang='lat' dir='ltr'>a</span> 
     </span>
     <span class='ocr_line' id='line_1_54' title="bbox 967 1891 1678 1938; baseline -0.006 -10"><span class='ocrx_word' id='word_1_327' title='bbox 967 1895 1150 1929; x_wconf 87' lang='lat' dir='ltr'>Germanis</span> <span class='ocrx_word' id='word_1_328' title='bbox 1176 1898 1383 1938; x_wconf 85' lang='lat' dir='ltr'>usurpatum</span> <span class='ocrx_word' id='word_1_329' title='bbox 1408 1891 1499 1926; x_wconf 87' lang='lat' dir='ltr'>nihil</span> <span class='ocrx_word' id='word_1_330' title='bbox 1524 1901 1678 1926; x_wconf 81' lang='lat' dir='ltr'>curave-</span> 
     </span>
     <span class='ocr_line' id='line_1_55' title="bbox 966 1938 1677 1986; baseline -0.004 -10"><span class='ocrx_word' id='word_1_331' title='bbox 966 1948 1068 1986; x_wconf 79' lang='lat' dir='ltr'>runt,</span> <span class='ocrx_word' id='word_1_332' title='bbox 1107 1941 1170 1976; x_wconf 85' lang='lat' dir='ltr'>sed</span> <span class='ocrx_word' id='word_1_333' title='bbox 1195 1944 1267 1976; x_wconf 87' lang='lat' dir='ltr'>vim</span> <span class='ocrx_word' id='word_1_334' title='bbox 1295 1943 1371 1976; x_wconf 86' lang='lat' dir='ltr'>eius</span> <span class='ocrx_word' id='word_1_335' title='bbox 1411 1950 1476 1975; x_wconf 89' lang='lat' dir='ltr'>suo</span> <span class='ocrx_word' id='word_1_336' title='bbox 1510 1938 1677 1974; x_wconf 84' lang='lat' dir='ltr'>reddide-</span> 
     </span>
     <span class='ocr_line' id='line_1_56' title="bbox 966 1988 1678 2035; baseline -0.006 -11"><span class='ocrx_word' id='word_1_337' title='bbox 966 1997 1059 2035; x_wconf 76' lang='lat' dir='ltr'>runt,</span> <span class='ocrx_word' id='word_1_338' title='bbox 1090 1991 1238 2034; x_wconf 85' lang='lat' dir='ltr'>perinde</span> <span class='ocrx_word' id='word_1_339' title='bbox 1267 1995 1305 2023; x_wconf 90' lang='lat' dir='ltr'>ut</span> <span class='ocrx_word' id='word_1_340' title='bbox 1332 2001 1362 2024; x_wconf 91' lang='lat' dir='ltr'>c.</span> <span class='ocrx_word' id='word_1_341' title='bbox 1380 1990 1402 2023; x_wconf 82' lang='lat'>2</span> <span class='ocrx_word' id='word_1_342' title='bbox 1427 1993 1518 2023; x_wconf 87' lang='lat' dir='ltr'>extr.</span> <span class='ocrx_word' id='word_1_343' title='bbox 1545 1988 1678 2022; x_wconf 78' lang='lat' dir='ltr'>factum</span> 
     </span>
     <span class='ocr_line' id='line_1_57' title="bbox 966 2036 1682 2073; baseline -0.006 0"><span class='ocrx_word' id='word_1_344' title='bbox 966 2040 1132 2073; x_wconf 90' lang='lat' dir='ltr'>vidimus.</span> <span class='ocrx_word' id='word_1_345' title='bbox 1255 2040 1327 2072; x_wconf 86' lang='lat' dir='ltr'>iam</span> <span class='ocrx_word' id='word_1_346' title='bbox 1353 2049 1480 2072; x_wconf 80' lang='lat' dir='ltr'>nomen</span> <span class='ocrx_word' id='word_1_347' title='bbox 1507 2042 1538 2070; x_wconf 86' lang='lat' dir='ltr'>et</span> <span class='ocrx_word' id='word_1_348' title='bbox 1567 2036 1682 2070; x_wconf 75' lang='lat' dir='ltr'>honor</span> 
     </span>
     <span class='ocr_line' id='line_1_58' title="bbox 968 2085 1681 2131; baseline -0.007 -9"><span class='ocrx_word' id='word_1_349' title='bbox 968 2094 1040 2122; x_wconf 85' lang='lat' dir='ltr'>est:</span> <span class='ocrx_word' id='word_1_350' title='bbox 1067 2088 1228 2131; x_wconf 83' lang='lat' dir='ltr'>proximo</span> <span class='ocrx_word' id='word_1_351' title='bbox 1256 2087 1407 2120; x_wconf 80' lang='lat' dir='ltr'>militiae</span> <span class='ocrx_word' id='word_1_352' title='bbox 1434 2090 1515 2129; x_wconf 86' lang='lat' dir='ltr'>post</span> <span class='ocrx_word' id='word_1_353' title='bbox 1542 2085 1681 2129; x_wconf 83' lang='lat' dir='ltr'>equites</span> 
     </span>
     <span class='ocr_line' id='line_1_59' title="bbox 967 2133 1681 2182; baseline -0.004 -13"><span class='ocrx_word' id='word_1_354' title='bbox 967 2135 1079 2182; x_wconf 86' lang='lat' dir='ltr'>gradu</span> <span class='ocrx_word' id='word_1_355' title='bbox 1105 2136 1242 2169; x_wconf 81' lang='lat' dir='ltr'>centeni</span> <span class='ocrx_word' id='word_1_356' title='bbox 1276 2145 1346 2168; x_wconf 89' lang='lat' dir='ltr'>una</span> <span class='ocrx_word' id='word_1_357' title='bbox 1373 2144 1451 2168; x_wconf 88' lang='lat' dir='ltr'>cum</span> <span class='ocrx_word' id='word_1_358' title='bbox 1488 2133 1543 2167; x_wconf 87' lang='lat' dir='ltr'>his</span> <span class='ocrx_word' id='word_1_359' title='bbox 1571 2142 1681 2176; x_wconf 86' lang='lat' dir='ltr'>proe-</span> 
     </span>
     <span class='ocr_line' id='line_1_60' title="bbox 968 2185 1108 2218; baseline -0.007 0"><span class='ocrx_word' id='word_1_360' title='bbox 968 2185 1108 2218; x_wconf 81' lang='lat' dir='ltr'>liantes.</span> 
     </span>
    </p>
   </div>
   <div class='ocr_carea' id='block_1_16' title="bbox 967 2252 1681 2588">
    <p class='ocr_par' dir='ltr' id='par_1_17' title="bbox 967 2252 1681 2588">
     <span class='ocr_line' id='line_1_61' title="bbox 1059 2252 1680 2288; baseline -0.003 0"><span class='ocrx_word' id='word_1_361' title='bbox 1059 2254 1182 2288; x_wconf 84' lang='lat' dir='ltr'>cedere</span> <span class='ocrx_word' id='word_1_362' title='bbox 1227 2253 1302 2288; x_wconf 87' lang='lat' dir='ltr'>loco</span> <span class='ocrx_word' id='word_1_363' title='bbox 1347 2275 1392 2281; x_wconf 92' lang='lat'>—-</span> <span class='ocrx_word' id='word_1_364' title='bbox 1435 2252 1680 2286; x_wconf 77' lang='lat' dir='ltr'>arbitrantur:</span> 
     </span>
     <span class='ocr_line' id='line_1_62' title="bbox 968 2303 1681 2346; baseline -0.003 -10"><span class='ocrx_word' id='word_1_365' title='bbox 968 2303 1198 2337; x_wconf 82' lang='lat' dir='ltr'>Germanicus</span> <span class='ocrx_word' id='word_1_366' title='bbox 1225 2303 1260 2335; x_wconf 91' lang='lat' dir='ltr'>in</span> <span class='ocrx_word' id='word_1_367' title='bbox 1288 2303 1451 2336; x_wconf 88' lang='lat' dir='ltr'>oratione</span> <span class='ocrx_word' id='word_1_368' title='bbox 1480 2311 1554 2346; x_wconf 84' lang='lat' dir='ltr'>qua</span> <span class='ocrx_word' id='word_1_369' title='bbox 1591 2311 1681 2335; x_wconf 87' lang='lat' dir='ltr'>con-</span> 
     </span>
     <span class='ocr_line' id='line_1_63' title="bbox 967 2350 1680 2395; baseline -0.003 -11"><span class='ocrx_word' id='word_1_370' title='bbox 967 2351 1060 2385; x_wconf 85' lang='lat' dir='ltr'>sulto</span> <span class='ocrx_word' id='word_1_371' title='bbox 1095 2351 1138 2384; x_wconf 88' lang='lat' dir='ltr'>de</span> <span class='ocrx_word' id='word_1_372' title='bbox 1177 2350 1361 2385; x_wconf 87' lang='lat' dir='ltr'>Germanis</span> <span class='ocrx_word' id='word_1_373' title='bbox 1400 2350 1558 2395; x_wconf 81' lang='lat' dir='ltr'>loquitur</span> <span class='ocrx_word' id='word_1_374' title='bbox 1590 2359 1680 2383; x_wconf 87' lang='lat' dir='ltr'>con-</span> 
     </span>
     <span class='ocr_line' id='line_1_64' title="bbox 967 2398 1680 2444; baseline -0.003 -12"><span class='ocrx_word' id='word_1_375' title='bbox 967 2400 1160 2443; x_wconf 83' lang='lat' dir='ltr'>temptius,</span> <span class='ocrx_word' id='word_1_376' title='bbox 1198 2399 1227 2432; x_wconf 87' lang='lat'>11</span> <span class='ocrx_word' id='word_1_377' title='bbox 1261 2402 1327 2434; x_wconf 81' lang='lat'>14:</span> <span class='ocrx_word' id='word_1_378' title='bbox 1356 2401 1431 2433; x_wconf 80' lang='lat' dir='ltr'>sine</span> <span class='ocrx_word' id='word_1_379' title='bbox 1453 2398 1586 2444; x_wconf 80' lang='lat' dir='ltr'>pudore</span> <span class='ocrx_word' id='word_1_380' title='bbox 1611 2399 1680 2443; x_wconf 75' lang='lat' dir='ltr'><em>[la-</em></span> 
     </span>
     <span class='ocr_line' id='line_1_65' title="bbox 969 2446 1680 2493; baseline -0.003 -12"><span class='ocrx_word' id='word_1_381' title='bbox 969 2449 1066 2493; x_wconf 71' lang='grc' dir='ltr'><em>9ἱιὲἰ,</em></span> <span class='ocrx_word' id='word_1_382' title='bbox 1107 2449 1182 2481; x_wconf 85' lang='lat' dir='ltr'>sine</span> <span class='ocrx_word' id='word_1_383' title='bbox 1217 2459 1305 2481; x_wconf 84' lang='lat' dir='ltr'>cura</span> <span class='ocrx_word' id='word_1_384' title='bbox 1337 2448 1461 2481; x_wconf 83' lang='lat' dir='ltr'>ducum</span> <span class='ocrx_word' id='word_1_385' title='bbox 1494 2446 1594 2479; x_wconf 80' lang='lat' dir='ltr'>abire</span> <span class='ocrx_word' id='word_1_386' title='bbox 1617 2447 1680 2491; x_wconf 76' lang='lat' dir='ltr'>su-</span> 
     </span>
     <span class='ocr_line' id='line_1_66' title="bbox 967 2493 1681 2540; baseline -0.001 -12"><span class='ocrx_word' id='word_1_387' title='bbox 967 2508 1061 2540; x_wconf 76' lang='lat' dir='ltr'>yere.</span> <span class='ocrx_word' id='word_1_388' title='bbox 1114 2496 1254 2528; x_wconf 85' lang='lat' dir='ltr'>Tacitus</span> <span class='ocrx_word' id='word_1_389' title='bbox 1296 2497 1372 2539; x_wconf 89' lang='lat' dir='ltr'>ipse</span> <span class='ocrx_word' id='word_1_390' title='bbox 1410 2495 1559 2540; x_wconf 82' lang='lat' dir='ltr'>aequius</span> <span class='ocrx_word' id='word_1_391' title='bbox 1584 2493 1681 2528; x_wconf 77' lang='lat' dir='ltr'>iudi-</span> 
     </span>
     <span class='ocr_line' id='line_1_67' title="bbox 969 2542 1680 2588; baseline -0.003 -11"><span class='ocrx_word' id='word_1_392' title='bbox 969 2545 1075 2577; x_wconf 85' lang='lat' dir='ltr'>cavit.</span> <span class='ocrx_word' id='word_1_393' title='bbox 1141 2542 1194 2576; x_wconf 91' lang='lat' dir='ltr'>De</span> <span class='ocrx_word' id='word_1_394' title='bbox 1232 2542 1409 2587; x_wconf 85' lang='lat' dir='ltr'>particula</span> <span class='ocrx_word' id='word_1_395' title='bbox 1445 2543 1560 2588; x_wconf 80' lang='lat' dir='ltr'>potius</span> <span class='ocrx_word' id='word_1_396' title='bbox 1592 2552 1680 2586; x_wconf 81' lang='lat' dir='ltr'>sup-</span> 
     </span>
    </p>
   </div>
   <div class='ocr_carea' id='block_1_17' title="bbox 967 2590 1407 2636">
    <p class='ocr_par' dir='ltr' id='par_1_18' title="bbox 967 2590 1407 2636">
     <span class='ocr_line' id='line_1_68' title="bbox 967 2590 1407 2636; baseline 0 -12"><span class='ocrx_word' id='word_1_397' title='bbox 967 2602 1090 2636; x_wconf 87' lang='lat' dir='ltr'>pressa</span> <span class='ocrx_word' id='word_1_398' title='bbox 1119 2591 1165 2624; x_wconf 84' lang='lat' dir='ltr'>cf.</span> <span class='ocrx_word' id='word_1_399' title='bbox 1195 2590 1238 2624; x_wconf 87' lang='lat' dir='ltr'>ad</span> <span class='ocrx_word' id='word_1_400' title='bbox 1263 2591 1346 2625; x_wconf 87' lang='grc' dir='ltr'>ΧΙΙΙ</span> <span class='ocrx_word' id='word_1_401' title='bbox 1372 2591 1407 2626; x_wconf 87' lang='grc'>6.</span> 
     </span>
    </p>
   </div>
   <div class='ocr_carea' id='block_1_18' title="bbox 972 2659 1680 2800">
    <p class='ocr_par' dir='ltr' id='par_1_19' title="bbox 972 2659 1680 2800">
     <span class='ocr_line' id='line_1_69' title="bbox 1061 2659 1679 2706; baseline -0.002 -12"><span class='ocrx_word' id='word_1_402' title='bbox 1061 2660 1145 2705; x_wconf 83' lang='lat' dir='ltr'>Cap.</span> <span class='ocrx_word' id='word_1_403' title='bbox 1175 2662 1207 2695; x_wconf 90' lang='lat'>7.</span> <span class='ocrx_word' id='word_1_404' title='bbox 1260 2673 1359 2706; x_wconf 72' lang='lat' dir='ltr'>reyes</span> <span class='ocrx_word' id='word_1_405' title='bbox 1397 2673 1440 2694; x_wconf 71' lang='lat' dir='ltr'>ea·</span> <span class='ocrx_word' id='word_1_406' title='bbox 1475 2659 1679 2695; x_wconf 76' lang='lat' dir='ltr'>nobilitate:</span> 
     </span>
     <span class='ocr_line' id='line_1_70' title="bbox 973 2707 1679 2751; baseline -0.003 -7"><span class='ocrx_word' id='word_1_407' title='bbox 973 2722 1015 2744; x_wconf 72' lang='lat' dir='ltr'>ea:</span> <span class='ocrx_word' id='word_1_408' title='bbox 1040 2709 1220 2744; x_wconf 77' lang='lat' dir='ltr'>nobilitate</span> <span class='ocrx_word' id='word_1_409' title='bbox 1249 2721 1319 2743; x_wconf 90' lang='lat' dir='ltr'>non</span> <span class='ocrx_word' id='word_1_410' title='bbox 1346 2714 1399 2743; x_wconf 86' lang='lat' dir='ltr'>est</span> <span class='ocrx_word' id='word_1_411' title='bbox 1418 2720 1462 2743; x_wconf 87' lang='lat' dir='ltr'>ex</span> <span class='ocrx_word' id='word_1_412' title='bbox 1486 2707 1679 2751; x_wconf 82' lang='lat' dir='ltr'>nobilibus,</span> 
     </span>
     <span class='ocr_line' id='line_1_71' title="bbox 972 2756 1680 2800; baseline -0.003 -8"><span class='ocrx_word' id='word_1_413' title='bbox 972 2759 1034 2792; x_wconf 86' lang='lat' dir='ltr'>sed</span> <span class='ocrx_word' id='word_1_414' title='bbox 1063 2757 1257 2792; x_wconf 87' lang='lat' dir='ltr'>secundum</span> <span class='ocrx_word' id='word_1_415' title='bbox 1288 2758 1524 2800; x_wconf 79' lang='lat' dir='ltr'>nobilitatem,</span> <span class='ocrx_word' id='word_1_416' title='bbox 1556 2762 1593 2790; x_wconf 85' lang='lat' dir='ltr'>ut</span> <span class='ocrx_word' id='word_1_417' title='bbox 1613 2756 1680 2790; x_wconf 90' lang='lat' dir='ltr'>do-</span> 
     </span>
    </p>
   </div>
   <div class='ocr_carea' id='block_1_19' title="bbox 973 2806 1677 2890">
    <p class='ocr_par' dir='ltr' id='par_1_20' title="bbox 973 2806 1677 2890">
     <span class='ocr_line' id='line_1_72' title="bbox 973 2806 1677 2851; baseline -0.003 -11"><span class='ocrx_word' id='word_1_418' title='bbox 973 2812 1030 2840; x_wconf 81' lang='lat' dir='ltr'>cet</span> <span class='ocrx_word' id='word_1_419' title='bbox 1068 2807 1268 2851; x_wconf 79' lang='lat' dir='ltr'>appositum</span> <span class='ocrx_word' id='word_1_420' title='bbox 1314 2807 1416 2840; x_wconf 82' lang='lat' dir='ltr'>duces</span> <span class='ocrx_word' id='word_1_421' title='bbox 1461 2818 1504 2839; x_wconf 70' lang='grc' dir='ltr'>σα)</span> <span class='ocrx_word' id='word_1_422' title='bbox 1539 2806 1677 2839; x_wconf 84' lang='lat' dir='ltr'>virtute.</span> 
     </span>
     <span class='ocr_line' id='line_1_73' title="bbox 973 2853 1612 2890; baseline -0.005 -1"><span class='ocrx_word' id='word_1_423' title='bbox 973 2855 1024 2889; x_wconf 83' lang='lat' dir='ltr'>Ob</span> <span class='ocrx_word' id='word_1_424' title='bbox 1052 2866 1125 2888; x_wconf 87' lang='lat' dir='ltr'>rem</span> <span class='ocrx_word' id='word_1_425' title='bbox 1156 2855 1251 2889; x_wconf 82' lang='lat' dir='ltr'>conf.</span> <span class='ocrx_word' id='word_1_426' title='bbox 1280 2866 1310 2888; x_wconf 88' lang='lat' dir='ltr'>c.</span> <span class='ocrx_word' id='word_1_427' title='bbox 1340 2855 1387 2890; x_wconf 79' lang='lat'>42</span> <span class='ocrx_word' id='word_1_428' title='bbox 1417 2859 1451 2888; x_wconf 85' lang='lat' dir='ltr'>et</span> <span class='ocrx_word' id='word_1_429' title='bbox 1480 2853 1526 2888; x_wconf 84' lang='lat' dir='ltr'>XI</span> <span class='ocrx_word' id='word_1_430' title='bbox 1557 2853 1612 2888; x_wconf 85' lang='lat'>16.</span> 
     </span>
    </p>
   </div>
   <div class='ocr_carea' id='block_1_20' title="bbox 973 2924 1680 3022">
    <p class='ocr_par' dir='ltr' id='par_1_21' title="bbox 973 2924 1680 3022">
     <span class='ocr_line' id='line_1_74' title="bbox 1053 2924 1680 2970; baseline -0.006 -10"><span class='ocrx_word' id='word_1_431' title='bbox 1053 2932 1085 2960; x_wconf 86' lang='lat' dir='ltr'>et</span> <span class='ocrx_word' id='word_1_432' title='bbox 1117 2926 1247 2959; x_wconf 84' lang='lat' dir='ltr'>duces:</span> <span class='ocrx_word' id='word_1_433' title='bbox 1293 2925 1387 2970; x_wconf 86' lang='lat' dir='ltr'>quod</span> <span class='ocrx_word' id='word_1_434' title='bbox 1429 2925 1465 2958; x_wconf 87' lang='lat' dir='ltr'>in</span> <span class='ocrx_word' id='word_1_435' title='bbox 1498 2924 1522 2957; x_wconf 91' lang='lat' dir='ltr'>P</span> <span class='ocrx_word' id='word_1_436' title='bbox 1559 2927 1614 2956; x_wconf 88' lang='lat' dir='ltr'>est</span> <span class='ocrx_word' id='word_1_437' title='bbox 1648 2928 1680 2957; x_wconf 85' lang='lat' dir='ltr'>et</span> 
     </span>
     <span class='ocr_line' id='line_1_75' title="bbox 973 2972 1679 3022; baseline -0.006 -13"><span class='ocrx_word' id='word_1_438' title='bbox 973 2985 1050 3009; x_wconf 88' lang='lat' dir='ltr'>cum</span> <span class='ocrx_word' id='word_1_439' title='bbox 1080 2974 1215 3009; x_wconf 82' lang='lat' dir='ltr'>lineola</span> <span class='ocrx_word' id='word_1_440' title='bbox 1242 2977 1301 3022; x_wconf 49' lang='grc' dir='ltr'>(ε</span> <span class='ocrx_word' id='word_1_441' title='bbox 1317 2974 1449 3021; x_wconf 81' lang='lat' dir='ltr'>etiam),</span> <span class='ocrx_word' id='word_1_442' title='bbox 1478 2983 1521 3008; x_wconf 85' lang='lat' dir='ltr'>ea</span> <span class='ocrx_word' id='word_1_443' title='bbox 1543 2972 1679 3017; x_wconf 84' lang='lat' dir='ltr'>impru-</span> 
     </span>
    </p>
   </div>
  </div>
 </body>
</html>
