1768 3216
858 244 945 280 Gar.
972 246 1032 281 42.

1603 244 1677 280 149

111 369 153 406 εἰ,
181 371 430 403 concessum
466 361 698 416 Agricolae
727 373 813 403 non
841 361 983 413 dedit,
1026 362 1117 403 sive
1159 361 1345 404 offensus
1375 373 1462 404 non
1490 363 1674 416 petitum,

180 435 274 478 sive
302 447 357 477 ex
385 436 659 487 conscientia,
690 447 744 477 ne
775 435 885 488 quod
917 439 1104 477 vetuerat
1134 436 1348 478 videretur
1365 437 1532 481 emisse.
1576 437 1681 478 Pro-

181 510 317 564 prium
347 509 515 551 humani
557 510 718 565 ingenii
758 514 821 551 est
861 510 1004 552 odisse
1045 522 1166 564 quem
1205 509 1404 552 laeseris:
1453 510 1681 553 Domitiani
1748 538 1753 539 ν

180 596 284 627 vero
313 588 460 626 natura
486 597 689 639 praeceps
721 585 763 625 in
793 585 896 626 iram
931 588 971 625 et
1000 596 1081 638 quo
1113 585 1347 636 obscurior,
1380 596 1432 627 eo
1455 585 1682 627 inrevoca-

181 659 321 712 bilior‚
354 659 643 702 moderatione
671 663 809 701 tamen
838 659 1140 713 prudentiaque
1170 658 1399 713 Agricolae
1432 658 1713 712 leniebanir,s

181 735 280 788 quia
307 746 394 776 non
425 735 687 776 contumacia
717 746 854 788 neque
883 734 999 776 inani
1033 733 1260 775 iactatione
1286 733 1503 775 libertatis·
1529 733 1681 775 famam

180 808 393 863 satumque
421 808 692 862 provocabat.
754 809 908 861 Sciant,
941 809 1088 862 quibus
1109 808 1240 849 moris
1260 812 1324 849 est
1344 807 1503 849 inlicita
1521 807 1678 859 mirari,

182 874 311 936 posse
340 883 464 925 etiam
492 883 571 924 sub
601 882 719 924 malis
749 882 1007 936 principibus
1038 893 1214 936 magnos
1244 881 1360 923 viros
1391 892 1513 933 esse,
1546 880 1677 922 obse-

179 957 405 1011 quiumque
433 968 484 997 ac
514 953 778 1008 modestiam,
807 957 844 997 si
860 956 1064 997 industria
1083 968 1133 996 ac
1151 957 1276 1010 vigor
1293 955 1444 1007 adsint,
1475 954 1680 997 colandis

181 1030 407 1083 excedere,
434 1043 516 1084 quo
541 1030 730 1084 plerique
758 1043 834 1084 per
864 1031 1050 1083 abrupta,
1085 1029 1161 1070 sed
1194 1029 1236 1069 in
1266 1029 1420 1070 nullum
1448 1030 1512 1070 rei
1542 1028 1736 1082 publi-1⁰

184 1116 261 1147 cae
290 1117 424 1157 usum,
457 1105 677 1146 ambitiosa
709 1107 842 1145 morte
873 1104 1168 1145 inclaruerunt.

305 1225 360 1260 10.
385 1226 426 1258 in
447 1223 557 1257 ullum
586 1224 642 1256 rei
665 1228 743 1268 post
766 1234 865 1256 usum
890 1225 936 1264 Γ,
963 1223 1002 1255 in
1026 1221 1160 1255 nullum
1187 1233 1226 1256 re
1250 1233 1274 1267 p
1299 1225 1397 1262 (cum
1426 1220 1489 1254 lin.
1514 1230 1621 1265 super
1642 1222 1685 1267 p)

182 1283 281 1308 usum
304 1272 360 1307 Al’
390 1283 462 1318 mg.
494 1274 525 1307 Γ
534 1283 543 1304 t
570 1273 608 1305 in
634 1271 767 1304 nullum
792 1270 1006 1317 reipublicae
1031 1281 1129 1304 usum
1154 1272 1190 1305 A
1213 1274 1247 1303 et
1280 1269 1394 1303 codex
1421 1268 1552 1303 Ursini.

183 1373 362 1418 Actaeque
390 1372 535 1416 insuper
576 1370 711 1405 Vitellio
745 1370 899 1416 gratiae,

183 1420 435 1456 consuetudine
461 1419 607 1453 sci-vitii.
638 1418 739 1453 Adde
762 1419 826 1453 XV
842 1419 899 1452 71.

183 1470 369 1505 Broterius
412 1467 562 1502 contulit
606 1478 650 1501 ex
684 1467 823 1501 Seneca
857 1466 901 1500 de

184 1518 311 1564 Trauq.
341 1519 406 1552 14³
442 1516 595 1562 agebant
627 1516 764 1560 ytatius
793 1514 900 1560 (Gaio

186 1566 347 1615 Caesari)
374 1571 406 1599 et
430 1575 574 1609 quorum
602 1564 705 1599 liberi
729 1564 838 1597 occisi
871 1568 902 1595 et

187 1626 333 1661 quorum
356 1614 449 1647 bona
473 1612 595 1646 ablata
620 1618 743 1654 erant;
773 1611 817 1645 de
848 1610 901 1644 Ira

188 1663 221 1699 ll
247 1662 320 1699 33:
362 1661 544 1695 notissima
570 1672 639 1694 voa:
667 1666 715 1693 est
742 1660 815 1694 eius
841 1659 900 1703 qui

186 1713 226 1746 in
255 1711 350 1745 cultu
374 1721 494 1754 reglum
519 1715 765 1743 consenuerat.
817 1707 903 1740 Cum

187 1759 288 1795 illum
313 1758 452 1803 quidam
465 1759 715 1801 interroqarel,
737 1755 902 1801 quomodo

188 1808 410 1842 rarissimam
435 1817 509 1839 rem
533 1806 572 1838 in
597 1804 682 1838 aula
697 1809 903 1838 consecutus

189 1862 289 1899 esset,
315 1860 538 1896 senectutem,
562 1853 753 1895 ‘iniurias',
778 1852 902 1896 inquit,

186 1903 407 1950 ‘accipiendo
434 1908 466 1936 et
491 1903 629 1948 qratias
655 1901 815 1947 agendo'.

268 1987 335 2009 uec
372 1974 508 2008 erubuit
547 1974 704 2016 beneficii
748 1971 904 2005 invidia:

188 2023 356 2059 beneficii
382 2022 556 2057 invidiam
582 2022 673 2054 dixit
706 2030 770 2064 pro
804 2020 903 2053 invi-

189 2072 293 2106 dioso
318 2070 511 2106 beneficio.
549 2069 703 2103 Perinde
726 2068 902 2109 Tiberius,

189 2120 235 2155 de
260 2130 331 2166 quo
356 2118 498 2153 Tacitus
527 2118 573 2151 VI
599 2118 668 2152 23:
707 2116 903 2150 consultus-

190 2180 254 2214 que
304 2168 441 2203 Caesar
489 2178 538 2200 cm
580 2165 724 2212 sepeliri
774 2165 909 2197 sineret

189 2217 371 2263 (Asinium
417 2215 598 2260 Gallum),

187 2265 402 2312 permittere.

264 2312 435 2346 salarium
450 2315 566 2343 tamen
579 2308 828 2354 proconsulari
844 2318 903 2340 so-

191 2361 290 2395 litum
321 2360 466 2406 offerri:
500 2369 521 2391 a
554 2357 709 2391 Macrino
742 2354 903 2399 principe

192 2408 315 2443 decies
340 2406 544 2441 sestertium
570 2404 691 2438 oblata
719 2414 799 2437 esse
826 2403 904 2435 Au-

191 2457 275 2491 fidio
292 2455 463 2490 Frontoni
484 2451 741 2498 proconsulari,
764 2453 799 2484 in
819 2460 903 2494 pro-

193 2506 348 2540 vinciam
382 2504 504 2537 Asiam
543 2506 603 2535 aut
641 2501 798 2534 Africam
835 2508 903 2530 non

193 2554 314 2595 misso,
342 2553 410 2587 Dio
425 2556 542 2585 narrat
561 2548 732 2583 Lxxvnt
749 2549 806 2587 22,
827 2556 904 2578 mo-

197 2607 307 2637 nente
330 2601 464 2644 Lipsio.

647 2225 718 2246 non
769 2212 904 2246 crubuit

238 2671 421 2717 proprium
434 2668 579 2703 'curruum’
588 2666 721 2711 inyem'i
735 2669 783 2697 est
799 2663 910 2696 odisse

196 2731 295 2766 quem
319 2712 489 2752 tami-is.-
519 2716 587 2749 hoc
613 2723 742 2747 severe
766 2712 909 2757 quidem

197 2768 259 2802 sed
288 2772 387 2801 recte
413 2764 678 2812 pronuntiatum
704 2764 846 2795 estnon
866 2759 910 2792 de

198 2816 354 2863 ingeniis
378 2812 619 2860 qnae‘artibus
636 2809 796 2843 honestis
814 2807 910 2841 culta

198 2869 301 2907 sunt,
338 2863 402 2897 sed
442 2861 487 2895 de
524 2861 568 2894 iis
607 2857 810 2892 hominibus
848 2855 907 2900 qui

199 2917 348 2948 naturae
385 2920 472 2946 suae
492 2908 660 2951 >affectus
695 2909 904 2950 sequuntur.

199 2961 371 2997 Nimirum
398 2958 435 2994 hi
461 2967 533 2992 non
553 2954 701 2991 laedunt
725 2958 785 2988 aut
811 2955 908 2996 certe

971 1380 1041 1403 nou
1073 1370 1221 1404 laesisse
1255 1381 1294 1404 se
1332 1369 1481 1403 credunt
1512 1370 1582 1404 nisi
1621 1379 1683 1404 eos

970 1419 1030 1463 qui
1056 1420 1251 1452 meruerint
1280 1422 1317 1451 ut
1345 1417 1556 1461 laedantur,
1584 1417 1621 1452 h.
1648 1429 1681 1453 e.

970 1466 1052 1500 odio
1080 1467 1221 1511 dignos.
1253 1466 1362 1500 Aliud
1389 1471 1443 1499 est
1471 1465 1516 1500 de
1537 1476 1608 1511 quo
1624 1464 1684 1499 lo-

970 1515 1091 1559 quitur
1117 1515 1268 1557 Seneca,
1294 1514 1417 1548 Gaium
1440 1513 1630 1550 Caesarem
1650 1518 1686 1548 et

970 1573 1076 1608 reges
1105 1563 1275 1597 immanes
1302 1563 1520 1606 respiciens-5
1560 1562 1604 1595 de
1629 1561 1686 1595 Ira

970 1610 1002 1644 11
1027 1611 1097 1645 33:
1124 1610 1191 1644 Ιιοσ
1216 1611 1344 1644 habent
1365 1611 1549 1655 pessimum
1572 1610 1684 1643 anivm'

970 1669 1101 1703 mayna
1145 1660 1292 1702 fortuna
1337 1658 1548 1691 insolentes.-
1601 1668 1685 1701 quos

971 1707 1149 1740 laeserunt
1175 1713 1206 1740 et
1233 1707 1390 1740 oderunt.
1429 1705 1684 1739 Doederlinius

970 1755 1171 1798 suspicatus
1218 1760 1271 1788 est
1308 1754 1494 1787 inhumani
1530 1753 1680 1798 ingenii,

970 1803 1033 1837 sed
1068 1813 1137 1836 non
1176 1803 1425 1837 animadvertit
1467 1803 1519 1834 sic
1563 1801 1686 1845 inepte

972 1851 1169 1885 succedere
1209 1862 1306 1895 quem
1343 1850 1500 1884 laeseris.
1561 1849 1686 1894 ltaque

971 1904 1031 1933 aut
1066 1899 1261 1933 omittenda
1292 1903 1345 1932 est
1379 1898 1441 1932 ilia
1480 1898 1687 1931 coniectura

971 1952 1031 1981 aut
1060 1958 1154 1981 nova
1181 1947 1342 1981 addenda
1367 1957 1465 1990 quem
1482 1945 1636 1979 laeserit.

1042 2019 1175 2059 sciant,
1212 2017 1331 2061 quibus
1367 2017 1479 2049 ntor-is*
1500 2021 1548 2049 est
1583 2025 1684 2060 sqq.:

971 2066 1174 2111 exemplum
1200 2065 1394 2111 Agricolae
1429 2063 1571 2097 Tacitus
1607 2064 1686 2108 ipse

973 2116 1133 2148 imitatus
1159 2119 1213 2148 est
1238 2119 1273 2147 et
1300 2113 1381 2146 aliis
1406 2114 1475 2146 iam
1503 2121 1687 2145 cominen-

973 2164 1053 2206 dat;
1082 2163 1128 2196 cf.
1159 2163 1383 2196 Prooemium
1413 2172 1444 2194 c.
1472 2151 1578 2194 6-8.

1043 2245 1080 2267 co
1097 2233 1210 2266 laudis
1225 2231 1392 2265 excedere
1406 2242 1417 2262 .·
1446 2239 1539 2262 nove
1554 2228 1686 2262 dictum

972 2292 1034 2326 pro
1080 2292 1123 2314 co
1163 2279 1257 2324 quod
1304 2283 1356 2312 cst
1402 2277 1449 2310 cul
1495 2276 1532 2309 id
1573 2276 1686 2309 laudis

972 2329 1174 2362 ascendere.
1213 2326 1446 2360 Ruhnkenius
1464 2324 1506 2356 ad
1517 2323 1687 2356 Rutilium

972 2376 1106 2419 Lupum
1134 2375 1209 2408 113
1237 2373 1453 2416 comparavit
1481 2381 1525 2404 ex
1543 2370 1686 2404 Valerio

973 2424 1124 2457 Maximo
1150 2421 1198 2456 111
1223 2422 1247 2456 4
1271 2425 1360 2455 cur.
1392 2422 1425 2454 l:
1453 2420 1619 2452 Socrates
1641 2417 1690 2452 ad

973 2471 1203 2505 clarissimum
1224 2470 1339 2503 lumen
1360 2467 1497 2512 ylora'ae
1515 2467 1687 2508 excessit3

972 2519 1004 2552 V
1019 2519 1042 2554 6
1058 2518 1105 2554 4:
1132 2530 1188 2552 res
1211 2516 1353 2562 publica
1378 2535 1424 2542 --
1450 2514 1498 2548 ad
1522 2525 1689 2548 summum

977 2568 1115 2613 imperii
1134 2567 1313 2611 [αειὶῃίιιηι
1339 2564 1494 2598 excessit.

1044 2672 1108 2706 per
1133 2660 1282 2704 abrupta
1297 2669 1310 2691 .·
1334 2657 1481 2700 abrupta
1506 2655 1565 2687 via
1585 2654 1688 2686 ince-

979 2709 1115 2742 dentes.
1149 2706 1391 2750 Metaphorum
1420 2702 1533 2747 potuit
1559 2700 1689 2734 admit-

980 2762 1075 2798 tere,
1103 2756 1186 2801 quia
1213 2754 1358 2787 verbum
1385 2750 1490 2795 paulo
1519 2749 1687 2782 remotius

978 2805 1222 2839 inclaruerunt
1266 2800 1364 2834 vaiet
1412 2797 1686 2832 inclarescentes

981 2857 1159 2886 venerunt.
1201 2850 1323 2883 Statim
1350 2848 1525 2891 scriptura
1552 2844 1686 2879 codicis

980 2903 1010 2936 Γ
1019 2903 1128 2945 (post)
1155 2902 1231 2931 orta
1258 2906 1303 2930 ex
1331 2899 1415 2930 nota
1434 2906 1470 2941 p.
1496 2891 1690 2939 (publicae)

979 2952 1110 2982 mutata
1137 2944 1274 2992 eum-11³
1298 2946 1418 2993 (post).
