1768 3216
142 212 215 255 148'

276 334 434 377 Aderat
461 327 540 374 iam
572 345 717 386 annus,
751 345 831 388 quo
861 335 1200 389 proconsulatum
1231 333 1361 376 Asiae
1391 337 1432 376 et
1461 331 1633 376 'Africae
1648 336 1704 377 42
1767 333 1768 336 ’

755 217 1019 253 AGRICOLAE

142 409 361 452 sortiretur
377 439 395 459 ,.
438 411 478 447 et
509 407 652 449 occiso
685 408 827 451 Civica
867 422 1000 463 nuper
1041 422 1119 451 nec
1149 408 1378 464 Agricolae
1417 407 1634 451 consilinm

144 484 287 525 deerat
315 494 395 523 nec
425 483 661 524 Domitiano
694 483 938 538 exemplum.

1001 485 1239 526 Accessere
1270 484 1437 538 quidam
1469 480 1637 538 cogita-

142 557 299 597 tionum
329 556 528 610 principis
550 557 686 610 periti,
719 558 787 611 qui
813 559 1000 600 iturusne
1032 563 1144 600 esset
1172 558 1279 600 ultro
1298 555 1541 613 Agricolam
1572 557 1641 598 in-c

107 635 126 672 ε
143 634 419 685 terrogarent.

480 631 544 678 Ac
572 632 706 685 primo
738 632 941 674 occultius
978 633 1158 686 quietem
1201 636 1243 673 et
1282 632 1408 674 otium
1449 630 1636 683 laudare,

141 716 239 747 mox
267 716 434 758 operam
456 717 572 746 suam
603 706 645 746 in
662 706 932 759 adprobanda
951 706 1222 748 excusatione
1242 706 1410 759 offerre,
1427 709 1637 760 postremo

138 790 225 820 non
255 779 335 821 iam
368 779 537 821 obscuri
567 779 791 822 suadentes
832 780 953 822 simul
998 785 1284 835 terrentesque
1314 784 1557 834 pertraxere
1586 778 1638 821 ad

137 853 431 895 Domitianum.
494 854 573 904 Qui
602 859 770 908 paratus
801 855 1078 907 simulatione,
1126 856 1166 896 in
1199 855 1487 909 adrogantiam
1515 846 1641 896 'com-

139 929 323 982 positus,
367 932 413 972 et
439 928 568 970 audiit
596 941 746 983 preces
778 931 1040 983 excusantis,
1085 935 1125 971 et
1156 942 1248 971 cum
1287 928 1525 982 adnuisset,
1568 929 1638 983 agi

89 1002 221 1045 iosibi
250 1002 407 1056 gratias
437 1014 584 1055 passus
617 1007 692 1055 est,
725 1016 804 1045 nec
838 1004 999 1045 erubuit
1020 1003 1214 1046 beneficii
1234 1003 1404 1045 invidia.
1436 1002 1638 1046 Salarium

139 1079 279 1118 tamen
308 1075 599 1130 proconsulari
631 1077 795 1118 solitum
838 1077 981 1119 offerri
1024 1082 1062 1120 ct
1104 1077 1346 1132 quibusdam
1389 1090 1411 1119 a
1452 1089 1500 1119 se
1546 1076 1637 1130 ipso

264 1213 296 1248 1.
326 1210 434 1248 Asiae
461 1219 493 1247 et
517 1212 665 1257 Africae
693 1216 727 1248 Δ
753 1219 787 1247 et
816 1213 929 1248 codex
956 1213 1073 1248 Ursini
1105 1218 1141 1247 et
1169 1212 1406 1246 Puteolanus:
1433 1215 1466 1248 Γ
1489 1212 1639 1258 Africae

140 1268 174 1296 et
197 1262 317 1296 Asiae.
408 1262 442 1296 2.
473 1261 599 1294 Ciuica
625 1262 853 1296 Puteolanus.

138 1315 320 1354 rencesque
345 1323 371 1346 71
388 1312 428 1344 1:
457 1311 515 1346 712
543 1315 789 1354 terrentesque.

138 1358 194 1392 nis
219 1357 275 1393 Al’
304 1359 341 1393 Γ.

221 1467 306 1511 Cap.
340 1467 399 1502 42.
452 1467 577 1501 aderat
611 1468 684 1501 iam
717 1478 851 1501 avinus:

139 1526 230 1560 quae
256 1515 325 1548 hoc
352 1516 468 1559 capite
484 1521 682 1558 narrantur,
711 1527 751 1549 ea
771 1520 853 1549 ante

138 1563 247 1597 Taciti
286 1574 330 1597 ex
368 1563 454 1597 urbe
493 1563 715 1610 digressum,
754 1563 786 1598 h.
819 1576 850 1597 c.

138 1616 221 1645 ante
254 1621 382 1645 annum
419 1611 491 1646 843
517 1629 563 1643 =
591 1612 660 1655 )0,
701 1612 744 1645 de
782 1622 851 1656 quo

139 1659 213 1693 dixi
240 1659 284 1693 ad
312 1671 341 1693 c.
369 1659 415 1694 45
445 1664 480 1692 et
506 1661 540 1693 in
566 1660 754 1694 Prooemio
771 1671 800 1693 c.
817 1660 850 1703 6,

139 1707 313 1741 accidisse
340 1707 427 1741 licet
453 1709 626 1752 suspicari
654 1709 780 1752 partim
809 1719 852 1742 ex

137 1754 378 1800 perdiligente
405 1755 508 1789 huius
533 1757 584 1790 rei
611 1757 850 1800 expositione,

139 1804 272 1847 quippe
297 1804 375 1847 ipse
401 1815 445 1837 ex
472 1815 535 1838 ore
562 1806 677 1838 soceri
708 1804 852 1850 singula

138 1856 349 1895 acceperat,
396 1853 522 1895 partim
568 1852 662 1897 quod
704 1853 747 1887 ab
784 1853 853 1886 hoc

138 1898 221 1931 inde
251 1904 412 1942 tempore
463 1911 576 1944 usque
622 1901 665 1934 ad
703 1906 851 1934 mortem

138 1946 331 1991 Agricolae
356 1947 446 1980 nihil
472 1949 540 1981 iam
569 1947 612 1981 de
640 1949 713 1982 vita
736 1950 852 1982 soceri

138 2004 159 2026 a
195 1993 314 2026 Tacito
354 1994 505 2027 relatum
545 2001 609 2028 est.
666 1995 853 2029 Falluntur

139 2041 199 2084 qui
227 2051 270 2074 ex
297 2041 422 2074 Dionis
455 2042 535 2075 loco
555 2043 630 2076 Llll
654 2044 698 2077 14
715 2047 853 2087 (πᾶσιν

139 2089 406 2135 ἀπηγόρευσεν
427 2089 446 2124 ὁ
466 2089 853 2139 Αὔγουστος-μηδένα

138 2133 213 2180 πρὸ
250 2139 362 2172 πέντε
400 2138 494 2173 ἑτῶν
525 2137 620 2185 μετὰ
657 2133 698 2174 τὸ
739 2143 780 2175 ἐν
812 2143 851 2188 τῇ

137 2185 250 2220 πόλει
271 2184 387 2231 ἄρξαι
407 2187 662 2231 κληροῦσθαι)
678 2187 852 2234 colligere

136 2231 203 2266 sibi
221 2232 387 2266 videntur
405 2243 524 2277 posse,
556 2234 645 2268 haec
661 2236 755 2269 facta
771 2247 852 2270 esse

137 2281 261 2324 quinto
288 2291 380 2315 anno
411 2287 597 2327 postquam
619 2283 791 2329 Agricola
808 2296 852 2318 ex

135 2328 319 2362 Britannia
344 2329 462 2364 rediit.
500 2330 632 2364 Aderat
652 2337 851 2366 antenian-

136 2386 225 2418 nus,
262 2387 331 2421 quo
359 2377 530 2422 Agricola
555 2380 846 2423 proconsulatum

135 2424 243 2458 Asiae
272 2430 307 2458 et
331 2425 477 2460 Africae
514 2429 725 2470 sortiretur,
764 2431 847 2474 quia

136 2473 214 2515 ipse
244 2478 279 2506 et
317 2473 409 2506 alius
443 2479 587 2508 senator
630 2477 733 2510 nobis
775 2488 846 2511 non

137 2521 302 2565 cognitus
339 2522 578 2568 consularium
614 2526 846 2559 vetustissimi

136 2573 248 2603 crant.
277 2568 386 2603 00an
407 2569 455 2603 111
484 2571 551 2605 71:
576 2583 652 2606 sors
678 2573 785 2607 Asiae
810 2574 849 2607 in

135 2627 212 2650 eum
249 2618 308 2661 qui
345 2618 583 2653 consularium
611 2620 850 2666 Maluginensi

131 2665 313 2710 promimus
334 2672 412 2700 erat
436 2666 578 2702 collata.

206 2738 320 2769 occiso
335 2737 458 2771 Civica
483 2749 619 2783 nuper:
656 2739 847 2773 Suetonius

134 2781 237 2817 Dom.
267 2785 331 2819 10:
360 2786 554 2831 complures
579 2793 782 2831 senatores,
810 2790 848 2821 in

133 2829 188 2864 his
211 2831 343 2876 aliquot
384 2834 609 2878 consulares,
650 2837 825 2871 interemit
834 2849 846 2880 ,·

133 2889 175 2910 ea:
206 2881 326 2924 quibus
353 2883 510 2916 civicam
532 2883 707 2919 Cerialem
720 2886 758 2920 in
772 2887 846 2934 ipso

132 2926 240 2982 <isiae
261 2931 525 2975 proconsulatu.

932 1263 966 1297 7.
994 1269 1064 1296 tam
1093 1263 1172 1295 TA:
1200 1262 1272 1295 iam
1297 1260 1503 1296 Rhenanus,
1584 1267 1638 1295 le-

919 1311 953 1345 8.
982 1309 1204 1344 simulatione
1231 1310 1387 1353 ascripto
1413 1310 1448 1343 in
1477 1310 1638 1355 margine

997 1478 1068 1502 non
1098 1469 1169 1502 iam
1195 1468 1352 1502 obscuri.-
1381 1468 1549 1502 leclionis
1568 1473 1639 1502 lam

923 1526 941 1549 a
972 1515 1144 1550 Rhenano
1173 1521 1356 1550 correctae
1384 1516 1486 1562 origo
1510 1527 1555 1550 ex
1571 1527 1639 1551 an-

925 1564 1022 1609 tiqua
1041 1566 1238 1609 scriptura,
1281 1564 1339 1598 ubi
1371 1563 1396 1598 'l'
1422 1570 1457 1598 et
1483 1564 1498 1598 1
1526 1563 1635 1599 facile

922 1623 963 1645 ac
984 1623 1093 1656 saepe
1119 1617 1310 1655 mutantur,
1338 1612 1551 1658 explicanda
1569 1617 1635 1647 est.

921 1659 1007 1694 Nam
1036 1661 1209 1706 Agricola
1225 1661 1376 1695 naturali
1393 1660 1582 1705 prudentia
1602 1666 1638 1695 et

923 1708 1043 1742 multis
1071 1709 1177 1743 rebus
1194 1710 1373 1743 exercitus
1389 1709 1637 1744 accedentium

922 1757 1059 1790 animos
1087 1757 1179 1791 haud
1207 1757 1315 1791 dubie
1340 1759 1457 1791 statim
1485 1767 1638 1802 perspe-

921 1810 1032 1838 xerat.
1061 1805 1315 1840 Doederlinins
1343 1812 1413 1839 tam
1436 1807 1485 1840 ita
1507 1806 1638 1840 defen-

922 1852 1006 1886 dere
1035 1859 1203 1897 conatur‚
1248 1859 1286 1888 ut
1312 1855 1460 1888 ironiam
1488 1853 1637 1888 subesse

922 1902 1136 1935 contendat:
1170 1903 1232 1936 sed
1269 1904 1406 1936 ironiae
1440 1913 1535 1936 nunc
1567 1903 1638 1936 mi-
1665 1938 1676 1947 ,

922 1950 1016 1983 nime
1060 1950 1160 1984 locus
1201 1951 1344 1984 videtur
1379 1962 1482 1994 esse,
1518 1961 1637 1997 neque

922 1997 1036 2030 lector
1078 2000 1157 2032 sine
1197 1999 1441 2033 admonitione
1488 2000 1524 2032 in
1558 2009 1638 2033 eam

923 2044 1101 2078 inciderit.
1137 2046 1217 2079 Non
1242 2048 1313 2080 iam
1332 2048 1470 2081 obscuri
1496 2052 1550 2081 est
1564 2058 1636 2080 non

921 2094 992 2125 iam
1019 2094 1220 2138 ambayibus
1247 2095 1435 2137 adhibitis,
1462 2094 1525 2129 sed
1554 2105 1635 2129 suas

924 2141 1164 2186 cogitationes
1193 2142 1289 2176 clare
1315 2143 1552 2186 proferente&

982 2218 1131 2256 paratus
1144 2213 1385 2248 simulatione.-
1414 2214 1636 2248 simulatione

924 2263 978 2292 cst
1006 2259 1183 2294 ablativus
1210 2263 1435 2305 instrumenti
1463 2263 1523 2308 qui
1541 2262 1636 2296 dici-

921 2311 988 2350 tur,
1018 2315 1165 2353 paratus
1198 2309 1289 2344 idern
1331 2311 1426 2355 quod
1458 2316 1540 2344 ante
1574 2311 1634 2344 in-

921 2361 1081 2390 structus.
1112 2357 1296 2393 Walchius
1324 2359 1544 2404 comparavit
1570 2357 1634 2393 Gi..

922 2405 1062 2437 coronis
1100 2404 1143 2438 ad
1181 2407 1252 2441 Att.
1280 2407 1327 2441 IX
1358 2408 1422 2450 13,
1470 2407 1634 2443 Suetonii

918 2451 1042 2485 Claud.
1070 2455 1128 2488 42.

990 2523 1100 2557 audiit
1123 2535 1247 2569 preces
1267 2525 1488 2559 excusantis.-
1506 2535 1550 2559 ex
1564 2524 1634 2558 hoc

920 2571 1083 2616 exemplo
1102 2572 1276 2619 colligere
1291 2573 1364 2607 noli
1383 2572 1634 2607 Latine'licere

919 2629 1090 2654 eoeczesare
1116 2630 1179 2665 pro
1209 2634 1244 2655 se
1277 2633 1465 2666 excusare5
1501 2621 1539 2655 cf
1567 2631 1633 2656 an-

919 2672 993 2703 not.
1022 2668 1063 2702 ad
1094 2668 1134 2703 0.
1162 2670 1196 2704 5.

970 2740 1050 2783 ‘ayt'
1075 2740 1141 2775 sibi
1166 2741 1303 2786 qratias
1323 2751 1449 2786 pass-us
1475 2746 1547 2774 est.-
1584 2739 1632 2774 cf·

918 2789 959 2822 ll.
987 2786 1017 2820 11
1049 2788 1112 2822 71:
1141 2789 1315 2823 Pedanius
1335 2789 1440 2822 Costa
1453 2789 1633 2823 omittitur,

917 2838 1078 2881 inqratus
1102 2838 1259 2883 principi
1292 2842 1330 2870 ut
1365 2837 1532 2871 adversus
1558 2836 1632 2871 Ne-

917 2895 1038 2919 ronem
1079 2896 1184 2921 ausus
1219 2891 1250 2920 et
1290 2885 1448 2931 Veryinii
1481 2885 1633 2920 extimu-

918 2933 1035 2969 lator.-
1079 2935 1140 2970 sed
1178 2934 1271 2971 alias
1303 2933 1450 2982 protulit
1490 2943 1634 2971 canisae«
