1768 3216
167 235 245 274 m

218 353 348 399 plurali
376 352 490 387 altero
525 351 723 398 singulari,
764 351 897 387 elatum

227 415 241 446 1
268 412 327 448 56.
366 413 522 446 nominis
550 411 756 458 significatu
783 414 899 459 gene-

220 472 286 506 rali
318 472 360 508 16
393 473 448 508 17.
475 472 507 507 A
527 473 563 508 4.

171 533 271 567 sinus
301 533 325 567 i.
354 543 385 567 e.
415 532 566 567 artificia
602 537 637 568 et
675 534 901 569 causationes

227 593 252 627 Η
282 595 304 630 2
330 594 389 629 92.
416 598 587 629 terrarum
606 598 740 629 tractus
759 594 803 629 ad
824 605 902 629 ma-

220 665 260 689 re
286 659 517 700 patescentes
545 655 572 690 G
602 656 632 690 1.
660 655 760 691 sinus
779 655 895 690 famae

220 715 251 750 A
277 714 335 751 30.

172 777 300 811 sistere
326 775 353 810 H
386 778 402 812 1
430 776 489 812 35.

167 838 247 872 sive
277 842 360 873 ante
390 837 488 873 aliud
517 838 594 874 sive
615 839 821 873 omissum5
843 838 899 873 10.

166 898 311 932 sobrina
349 899 447 945 prior
480 897 540 933 vel
577 898 724 943 propior
763 898 805 933 12
835 898 894 933 64.

166 960 285 994 soceri
312 960 347 994 h.
380 971 411 994 e.
441 969 546 994 socer
573 963 609 994 et
633 969 758 993 socrus
790 960 804 992 1
835 958 894 993 55.

172 1019 308 1055 sociale
320 1019 454 1054 bellum
472 1020 603 1054 dictum
614 1029 677 1065 pro
694 1019 792 1054 civili
806 1018 829 1054 6
845 1020 899 1053 12.

166 1080 358 1115 socialium
385 1081 567 1124 copiarum
595 1090 729 1126 genera
757 1079 780 1113 4
806 1080 840 1114 5.

170 1150 294 1176 socors
321 1150 385 1185 pro
412 1145 627 1175 occaecatus
654 1141 773 1174 animo
797 1137 819 1172 4
843 1138 902 1174 39.

167 1200 262 1235 solet
287 1211 332 1235 ex
357 1200 520 1245 proximo
547 1199 659 1235 verbo
698 1200 800 1233 finito
837 1200 897 1233 in-

211 1260 394 1307 telligitur
424 1260 452 1294 G
478 1261 511 1295 7.
539 1260 571 1294 A
596 1259 655 1295 34.

170 1319 277 1356 solita
304 1320 528 1366 principibus
558 1319 586 1353 ll
614 1318 638 1353 4
664 1319 699 1354 3.

170 1379 362 1415 sollemnia
388 1380 597 1425 incipientis
623 1376 893 1426 anni-kalendis

212 1440 387 1475 Ianuariis
417 1439 573 1484 epistula
598 1439 736 1484 precari
763 1438 786 1472 4
815 1439 873 1474 70.

167 1501 292 1538 sordes
329 1511 460 1536 nomen
490 1501 528 1535 in
557 1499 731 1535 translata
757 1499 901 1546 signifi-

212 1562 356 1597 catione
396 1558 572 1608 singulari
610 1569 758 1596 numero
791 1570 900 1596 usur-

210 1624 286 1669 pari
319 1633 391 1657 non
419 1622 514 1656 solet
539 1621 567 1655 H
597 1624 611 1655 1
642 1622 701 1657 52.

163 1694 240 1719 sors
268 1684 303 1718 h.
336 1696 367 1719 e.
397 1682 659 1718 administratio
685 1683 707 1717 3
734 1682 793 1717 32.

164 1750 263 1780 sorte
289 1744 514 1790 provinciam
543 1742 711 1777 obtinere
738 1742 761 1777 2
788 1741 847 1776 43.

174 1805 333 1851 speciem
379 1804 523 1838 indiciis
566 1803 716 1837 induere
758 1802 801 1836 15
840 1801 900 1836 69.

216 1876 281 1910 per
305 1865 464 1910 speciem
506 1863 666 1898 convivii
706 1862 895 1907 pecuniam

214 1925 390 1968 dividere,
418 1925 442 1959 i.
474 1935 506 1959 e.
535 1924 743 1958 convivium
764 1923 896 1957 uteius

208 1986 262 2020 rei
302 1995 445 2019 causam
487 1983 746 2019 obtendentem
781 1993 896 2028 pecu-

208 2046 303 2078 niam
342 2044 504 2078 dividere
541 2043 569 2077 ll
610 2045 626 2077 1
665 2045 723 2079 24.
774 2043 898 2087 specie

211 2103 365 2137 militum
397 2103 425 2136 H
452 2104 475 2136 2
501 2102 560 2137 56.

161 2164 303 2208 species
329 2163 352 2196 i.
383 2173 414 2196 e.
442 2160 542 2195 ldeat
569 2160 600 2195 A
625 2162 659 2195 4.

161 2225 345 2269 specimen
375 2223 528 2267 partium
544 2221 729 2256 Mucianus
746 2220 811 2254 113
831 2219 890 2255 66.

161 2282 451 2329 spectaculorum
500 2280 643 2326 quidem
700 2280 894 2325 antiquitas

214 2347 431 2386 servaretur,
461 2342 628 2387 quotiens
644 2344 789 2385 praetor
807 2339 895 2374 ede-

211 2408 268 2438 ret
295 2402 521 2438 emendatum
555 2401 598 2435 14
624 2401 683 2435 20.

166 2464 432 2510 speculatorum
475 2466 530 2496 est
562 2461 716 2506 principi
753 2460 892 2494 litteras

213 2523 352 2558 tradere
393 2521 416 2555 4
455 2521 514 2556 41.
572 2525 672 2555 erant
716 2521 890 2564 principis

208 2583 389 2626 custodes,
418 2581 604 2627 praefecto
633 2581 802 2625 praetorii
825 2590 891 2625 pa-

208 2644 336 2679 rebant
363 2643 393 2677 Η
423 2644 438 2677 1
467 2641 526 2678 24.
575 2640 740 2675 mandata
767 2640 810 2675 ad
837 2640 895 2675 le-

208 2705 336 2750 giones
364 2701 530 2737 ferebant
557 2701 584 2735 Η
611 2701 634 2736 2
662 2701 718 2736 73.

159 2763 379 2808 spiramenta
406 2767 607 2807 temporum
636 2761 668 2795 A
691 2760 751 2795 44.

163 2824 327 2868 spiritum
354 2823 457 2857 finire
488 2823 531 2856 14
555 2823 614 2857 51.

159 2883 368 2929 splendidus
386 2887 487 2917 notat
502 2886 703 2929 equestrem
718 2880 878 2916 ordinem

207 2943 238 2978 H
265 2944 287 2979 2
314 2943 372 2979 50.

847 231 988 272 INDEX

948 357 1077 398 sponte
1107 353 1186 388 cum
1215 352 1378 400 genitivo
1403 354 1433 389 Η
1458 354 1482 390 3
1512 354 1570 391 16.

951 414 1033 448 stati
1060 414 1208 448 aestivis
1233 412 1377 449 flatibus
1405 414 1482 450 dies
1506 414 1534 450 Η
1560 414 1587 452 4
1613 414 1673 451 81.

947 474 1053 509 statio
1101 473 1368 521 significatione
1413 474 1584 511 translata
1630 474 1675 511 de

1002 535 1154 579 imperio
1181 534 1210 569 0
1242 535 1296 571 17.

953 596 1129 630 stationes
1155 599 1191 630 et
1214 595 1366 642 vigiliae
1397 596 1412 630 1
1440 595 1500 632 28.

947 655 1082 691 Statius
1109 657 1212 691 testis
1238 660 1305 700 est,
1333 656 1513 692 Neronem
1537 654 1626 691 'olim
1654 665 1675 690 a

996 715 1139 751 Lucano
1167 717 1324 751 carmine
1351 715 1572 752 celebratum
1593 725 1673 752 esse

1002 777 1044 812 15
1068 774 1127 812 49.

952 841 1159 882 statua.pro
1185 834 1365 883 triumpho
1391 836 1473 872 data
1498 837 1529 872 A
1552 838 1613 874 40.

947 898 1048 932 stet-it
1065 897 1258 941 incolume,
1287 894 1456 943 quamdiu
1473 904 1538 943 pro
1555 897 1674 943 patria

994 957 1209 992 bellavimus
1237 957 1442 1004 suppletum
1470 957 1499 992 fl
1526 959 1550 994 3
1577 958 1635 993 72.

951 1018 1133 1063 stipendia
1162 1019 1197 1052 in
1223 1029 1263 1053 re
1291 1018 1436 1063 publica
1468 1017 1497 1053 11
1526 1018 1550 1054 3
1578 1018 1638 1054 ⁷5.

947 1079 1060 1124 stipes
1089 1078 1301 1113 ludaeorum
1331 1078 1360 1112 ll
1389 1077 1412 1113 5
1442 1079 1477 1113 5.

954 1140 1060 1184 stirps
1086 1139 1130 1174 de
1157 1149 1229 1173 uno
1255 1139 1330 1173 filio
1357 1138 1490 1173 dictum
1519 1139 1562 1174 12
1589 1139 1624 1173 2.

948 1199 1151 1234 Stoicorum
1193 1199 1322 1233 civitas
1364 1197 1392 1234 Ο
1432 1198 1493 1234 31.
1541 1196 1676 1243 placita

990 1259 1235 1303 respiciuntur
1257 1258 1280 1294 6
1305 1259 1365 1294 22.

948 1318 1133 1353 Strabonis
1165 1328 1278 1353 annus
1305 1317 1424 1353 fatalis
1450 1315 1475 1353 4
1504 1316 1564 1353 36.

944 1381 1054 1413 strata
1079 1377 1162 1412 odia
1190 1377 1219 1412 H
1249 1379 1266 1411 1
1295 1377 1355 1413 58.

951 1437 1162 1473 Stratonicis
1190 1437 1311 1471 Venus
1335 1436 1358 1471 3
1383 1435 1443 1472 63.

952 1503 1119 1534 strenuus
1148 1498 1184 1532 in
1210 1497 1360 1542 perfidia
1385 1497 1415 1532 H
1440 1497 1467 1532 ’3
1491 1497 1552 1532 57.

950 1564 1089 1595 struere
1117 1563 1152 1594 et
1175 1558 1353 1593 instruere
1371 1556 1534 1603 pericula
1551 1556 1597 1592 14
1614 1557 1671 1592 11.

941 1620 1059 1654 studia
1093 1619 1162 1654 fori
1196 1624 1234 1653 et
1259 1618 1421 1654 civilium
1449 1617 1578 1652 artium
1605 1616 1673 1652 de-

993 1691 1055 1715 cus
1079 1680 1111 1715 A
1135 1680 1194 1715 39.

948 1741 1066 1775 studia
1091 1744 1236 1775 senatus
1262 1740 1285 1775 3
1310 1739 1369 1775 63.
1398 1739 1424 1773 Η
1451 1737 1475 1773 4
1498 1737 1534 1774 4.

952 1800 1124 1835 suadendi
1163 1799 1223 1834 vel
1264 1798 1436 1834 censendi
1473 1797 1574 1832 notio
1609 1795 1673 1831 alii

995 1860 1108 1895 verbo
1133 1860 1257 1895 subest
1290 1860 1331 1894 11
1360 1859 1396 1894 3.

946 1920 1111 1955 subitan-ii
1141 1919 1271 1967 gradus
1308 1924 1344 1954 et
1377 1928 1487 1954 scena
1514 1918 1550 1953 in
1576 1921 1671 1952 tem-

995 1991 1061 2027 pus
1087 1984 1222 2015 structa
1252 1977 1297 2014 14
1321 1979 1380 2016 20.

948 2041 1078 2076 subitis
1112 2041 1259 2075 offensis
1299 2043 1360 2074 aut
1403 2037 1670 2083 intempestivis

987 2100 1177 2134 blanditiis
1202 2099 1386 2134 mutabilis
1415 2099 1441 2132 Η
1468 2099 1491 2133 2
1516 2097 1576 2132 92.

948 2159 1147 2193 substantia
1170 2158 1382 2197 facultatum
1410 2157 1439 2192 0
1466 2157 1502 2191 8.

943 2219 1165 2254 substantiva
1192 2219 1337 2252 nomina
1365 2218 1401 2251 in
1430 2221 1487 2250 tor
1504 2215 1670 2251 cadentia

993 2288 1056 2323 pro
1082 2278 1272 2312 adiectivis
1299 2281 1470 2321 usurpata
1498 2276 1526 2311 G
1555 2275 1610 2311 14.

947 2338 1196 2384 substringere
1225 2338 1359 2371 crinem
1386 2336 1414 2371 G
1438 2335 1498 2371 38.

944 2398 1138 2434 subvenire
1163 2397 1310 2444 flagitiis
1339 2398 1382 2432 15
1409 2396 1469 2432 68.

941 2460 1127 2494 succinum
1153 2458 1214 2492 ubi
1242 2457 1437 2503 colligatur
1456 2456 1485 2491 G
1503 2455 1562 2492 45.
1589 2454 1666 2490 eius

990 2523 1117 2552 natura
1143 2522 1180 2552 et
1206 2518 1309 2563 origo
1337 2516 1424 2550 ibid.

941 2579 1068 2614 sudare
1091 2579 1115 2612 i.
1144 2589 1175 2613 e.
1206 2576 1365 2612 sudando
1391 2575 1541 2611 effluere
1558 2575 1586 2609 G
1605 2575 1665 2611 45.

947 2640 1140 2675 Suetonius
1163 2637 1323 2672 'l'acitum
1354 2636 1554 2681 respiciens
1586 2636 1599 2669 1
1628 2636 1663 2671 5.

994 2704 1219 2734 correcturus
1245 2697 1332 2733 ibid.
1357 2697 1380 2731 4
1405 2695 1454 2732 34
1482 2700 1518 2730 et
1542 2694 1601 2730 36.
1633 2694 1663 2728 H

994 2762 1009 2793 1
1038 2759 1086 2795 24
1113 2764 1149 2793 et
1174 2758 1234 2802 49,
1261 2760 1283 2793 2
1308 2757 1365 2794 79.
1393 2766 1485 2803 quae
1499 2755 1611 2790 refert
1626 2754 1663 2788 in

990 2820 1104 2853 maius
1130 2822 1241 2865 auget
1267 2819 1288 2853 5
1316 2817 1351 2861 9,
1384 2816 1426 2855 16
1451 2816 1487 2850 4.
1515 2815 1581 2850 112
1600 2814 1660 2850 89.

978 2879 1015 2913 in
1063 2879 1170 2914 rebus
1221 2876 1403 2912 tradendis
1458 2885 1594 2910 morem
1640 2884 1662 2908 a

975 2939 1098 2974 Tacito
1142 2939 1324 2975 diversum
1370 2937 1532 2983 sequitur
1570 2935 1594 2970 6
1626 2936 1659 2970 1.
