1768 3216
722 237 1031 278 HiSTORIARVM

140 261 210 296 ¹5⁰
1407 242 1440 267 a.
1466 240 1504 268 ιι.
1530 229 1630 268 822.Ι

141 375 299 416 alienae
330 370 448 411 etiam
481 364 622 416 culpae
654 358 946 402 dissimulator.
1003 355 1087 396 Iam
1117 351 1277 407 pridem
1310 349 1459 393 attritis
1480 349 1622 393 ltaliae

140 448 260 490 rebus
290 447 439 484 tantum
471 438 650 492 peditum
682 435 967 488 equitumque,
1015 429 1080 470 vis
1113 428 1346 482 damnaque
1377 429 1418 468 et
1447 424 1624 468 iniuriae

139 531 263 573 aegre
291 514 581 556 tolerabantur.

237 603 240 606 ’
272 589 436 630 Interim
466 585 653 627 Vitellius
684 581 887 624 victoriae
918 591 1019 621 suae
1051 578 1235 630 nescius,
1266 580 1311 617 ut
1342 575 1395 618 ad
1420 575 1697 630 integrum&

107 665 299 716 5bellum,
345 663 526 715 reliquas
573 657 807 700 Germanici
847 655 1055 696 exercitus
1099 654 1211 694 vires
1243 651 1444 708 trahebat.
1491 647 1629 692 'Pauci

138 744 321 781 veterum
354 736 520 778 militum
552 734 593 774 in
626 731 808 773 hibernis
839 729 990 780 relicti,
1024 727 1227 770 festinatis
1262 738 1339 781 per
1363 724 1518 768 Gallias
1549 723 1630 766 de-

138 813 327 863 lectibus,
359 815 402 852 ut
431 807 729 851 remanentium
760 805 972 858 legionum
992 802 1161 844 nomina
1184 801 1488 856 supplerentur.
1521 799 1630 841 Cura

143 966 236 1003 octo
267 960 377 1001 milia
407 959 485 1000 sibi
514 956 709 999 adiunxit.
752 955 801 995 Et
829 964 1056 1007 paucorum
1089 938 1258 992 dierui'n‘
1278 934 1630 1005 iterprogressus

92 1049 130 1079 io
143 1045 362 1089 prosperas
395 1032 499 1086 apud
530 1030 773 1072 Bedriacum
812 1040 881 1069 res
924 1040 973 1068 ac
1007 1030 1140 1068 morte
1172 1025 1350 1067 Othonis
1392 1024 1632 1067 concidisse

142 1110 290 1152 bellum
334 1107 504 1160 accepit.
566 1107 721 1146 Vocat-a
763 1103 961 1144 contione
1003 1102 1197 1143 virtutem
1236 1100 1408 1142 militum
1439 1099 1630 1142 laudibus

145 1184 332 1225 cumulat.
390 1181 623 1222 Postulante
671 1179 857 1220 exercitu
904 1182 948 1218 ut
996 1177 1185 1219 libertum
1231 1189 1349 1218 suum
1401 1174 1633 1217 Asiaticum

144 1258 321 1311 equestri
342 1257 537 1311 dignitate
565 1256 753 1306 donaret,
787 1253 1049 1295 inhonestam
1080 1250 1358 1295 adulationem
1391 1250 1635 1306 compescit.

142 1333 246 1374 Dein
277 1331 499 1373 mobilitate
532 1330 712 1385 ingenii,
762 1329 872 1383 quod
903 1328 1037 1382 palam
1069 1327 1291 1379 abnuerat,
1334 1326 1441 1368 inter
1471 1329 1636 1368 secreta

95 1422 132 1451 15
146 1405 324 1447 convivii
344 1405 529 1459 largitur,
562 1396 864 1457 honoravitque
885 1402 1117 1444 Asiaticum
1136 1401 1285 1453 anulis,
1321 1400 1489 1442 foedum
1515 1411 1637 1443 man-

148 1480 295 1534 cipium
327 1484 366 1519 et
396 1479 511 1520 malis
545 1478 698 1519 artibus
731 1477 1007 1518 ambitiosum.

278 1556 412 1598 Isdem
444 1555 586 1596 diebus
620 1555 856 1595 accessisse
882 1553 1068 1607 partibus
1088 1556 1304 1605 utramque
1319 1551 1635 1603 Mauretaniam,
1651 1561 1710 1602 58

146 1631 361 1672 interfecto
392 1634 664 1683 procuratore
695 1628 871 1680 Albino,
916 1628 1049 1669 nuntii
1093 1639 1265 1669 venere.
1326 1626 1531 1668 Lucceius
1562 1625 1643 1668 Al-

148 1706 266 1746 binus
299 1719 321 1746 a
350 1703 516 1746 Nerone
546 1704 828 1746 Mauretaniae
860 1702 1124 1745 Caesariensi
1172 1701 1460 1755 praepositus,
1503 1700 1645 1743 addita

286 1803 315 1834 1.
341 1801 430 1834 adtr.
457 1799 532 1834 Ma:
559 1806 638 1834 aur.
654 1800 693 1835 G.

747 1802 780 1835 5.
808 1801 963 1844 reliquas
994 1821 1033 1826 -
1063 1799 1155 1832 vires
1182 1798 1344 1832 trahebat
1372 1796 1446 1831 Ma:
1476 1797 1646 1842 reliquias

151 1870 196 1875 --
222 1855 264 1883 tr.
292 1849 351 1882 BG
381 1848 458 1893 (hic
487 1849 671 1895 reliquas).

789 1849 822 1884 6.
852 1849 1031 1883 dilectibus
1058 1846 1123 1891 Ma,
1158 1846 1322 1881 militibus
1350 1846 1377 1880 G
1406 1851 1441 1881 et
1468 1846 1505 1880 in
1531 1856 1644 1894 marg.

153 1897 334 1931 delectibus
360 1896 402 1930 ab
430 1897 499 1930 alia
525 1908 639 1933 mauu.
715 1898 749 1932 8.
779 1898 870 1931 brilt.
899 1896 962 1931 illa.
1047 1895 1182 1930 delecta
1207 1894 1319 1930 GMss:
1351 1894 1485 1929 delectu
1510 1894 1646 1929 Puteo-

153 1945 266 1979 lanus.
341 1945 374 1979 9.
403 1945 582 1978 adiuncxit
607 1945 668 1979 Ma.
749 1948 801 1981 13.
828 1947 1014 1980 inhonesta
1041 1944 1279 1979 adulationem
1307 1943 1369 1977 Ma.
1450 1953 1550 1989 φυηρ.
1578 1942 1643 1978 Μ’.

158 1994 212 2027 15.
242 1993 357 2026 conuii
382 1992 445 2027 Ma.
526 1996 750 2038 oneravitque
775 1993 839 2037 Ma,
869 1995 1073 2039 ornavitque
1101 1993 1153 2028 G:
1191 1992 1448 2037 honorauilque
1474 1991 1646 2026 Puteola-

155 2051 232 2075 nus.
304 2041 443 2085 saeclum
469 2040 533 2075 Ma.
612 2042 666 2076 18.
694 2043 813 2076 aluino
842 2043 904 2078 Ma.
976 2043 1146 2077 Lucceius
1170 2040 1252 2076 Mn:
1281 2041 1431 2075 Luceius
1459 2039 1498 2075 G.

226 2124 296 2157 iam
330 2123 464 2168 pridem
499 2125 626 2158 attritis
653 2125 779 2159 Italiae
803 2137 862 2159 rc-

159 2172 238 2206 bus:
269 2171 392 2206 ltaliae
418 2183 474 2205 res
509 2172 662 2207 afflictae
689 2179 770 2207 sunt
797 2185 863 2218 pa.-

157 2225 235 2253 ratu
269 2220 419 2254 Neronis
470 2221 639 2255 adversus
679 2222 862 2257 Vindicem

1006 2138 1023 2159 e
1050 2125 1257 2160 Britannico
1276 2123 1431 2158 delectu:
1460 2134 1504 2157 ex
1522 2123 1567 2156 iis
1586 2123 1647 2168 qui
1672 2129 1675 2137 ¹

933 2186 951 2208 e
979 2174 1186 2218 legionibus
1209 2173 1426 2207 Britannicis
1452 2171 1585 2206 delecti
1613 2175 1649 2205 et

934 2223 977 2257 ad
1003 2221 1189 2257 Vitellium
1222 2220 1320 2255 missi
1357 2226 1479 2263 erant,
1503 2221 1578 2266 'qui
1605 2219 1647 2253 tt.

159 2273 194 2302 et
220 2268 361 2302 Galbam
380 2296 389 2312 ,
429 2279 510 2302 mox
541 2270 694 2304 adventu
732 2270 863 2305 Galbae

158 2321 192 2350 et
217 2318 367 2351 militum
396 2319 652 2354 comitantium.
700 2320 768 2352 Vix
794 2330 862 2364 pu-

158 2367 307 2398 taverim
332 2377 425 2400 nunc
449 2367 626 2412 cogitasse
654 2370 862 2412 scriptorem

160 2413 202 2446 de
228 2413 291 2446 illo
328 2413 419 2458 quod
451 2414 551 2448 ltalia
582 2421 750 2450 externae
784 2418 862 2460 opis

159 2460 280 2505 indiga
308 2466 381 2494 erat
411 2461 454 2495 ad
490 2464 587 2496 cives
618 2465 783 2508 alendos,
820 2464 863 2498 de

162 2518 229 2552 quo
256 2509 290 2541 in
315 2509 510 2543 Annalibus
538 2511 585 2544 111
611 2511 668 2546 54.

254 2604 338 2648 Cap.
366 2605 421 2640 57.
481 2606 632 2651 reliquas
667 2607 867 2642 Germanici

162 2654 333 2687 exercitus
359 2654 449 2687 vires
485 2655 667 2688 trahebat:
704 2657 866 2690 advertas

160 2701 307 2735 verbum
342 2702 502 2736 trahebat
530 2704 618 2737 scite
651 2715 669 2736 ἰ
695 2707 867 2749 scriptore

162 2749 317 2783 lectum:
350 2761 428 2783 nam
466 2756 501 2784 et
533 2751 793 2786 multitudinem
833 2759 867 2787 et

164 2797 377 2832 inconditam
399 2799 532 2833 turbam
558 2811 575 2833 a
591 2800 738 2834 Vitellio
760 2801 867 2847 longo

165 2847 276 2900 spatio
304 2846 440 2880 ductam
467 2847 642 2893 designat.
671 2849 707 2882 ln
737 2848 788 2882 liis
805 2860 868 2883 co-

166 2892 231 2935 piis
259 2893 409 2937 iquilam
429 2895 731 2931 duoetvicesimae
749 2897 868 2943 legio-

167 2940 221 2972 nis
248 2940 356 2974 fuisse
383 2953 426 2974 ex
452 2942 541 2976 locis
568 2943 608 2977 ll.
626 2944 711 2980 1189
737 2950 772 2979 et
790 2945 869 2989 100,

170 2982 216 3019 lli
237 2985 281 3022 22
294 2987 384 3022 iuste
403 2990 612 3034 compmatis
627 2993 869 3038 consequitur.

933 2272 981 2305 lll
1008 2273 1055 2307 22
1089 2268 1317 2304 nominantur
1359 2268 1491 2304 vexilla
1532 2279 1650 2302 nonae
1683 2285 1686 2298 ι
1717 2268 1720 2270 ’

932 2320 1175 2364 secundaeque
1201 2325 1233 2353 et
1258 2319 1444 2353 vicesimae
1460 2318 1648 2363 leqiomtm.

1008 2367 1093 2412 Cap.
1126 2367 1183 2403 58.
1234 2373 1468 2413 procuratore
1494 2365 1649 2400 Albino:

936 2416 979 2450 de
1006 2417 1296 2461 procuratoribus
1322 2417 1479 2449 minores
1500 2414 1650 2459 provin-

937 2467 1009 2499 cias
1043 2464 1372 2499 administrantibus
1407 2464 1452 2498 cf.
1490 2466 1648 2496 annotat.

936 2514 978 2546 ad
1001 2514 1015 2547 1
1041 2514 1099 2549 80.

1009 2562 1203 2607 Hispaniae
1231 2582 1275 2587 —
1301 2559 1523 2594 imminebat:
1565 2559 1651 2594 nis-

936 2612 1062 2653 paniae
1093 2610 1229 2644 Vitellii
1256 2613 1374 2653 partes
1407 2612 1554 2642 secutae
1580 2609 1650 2641 im..

936 2659 1104 2701 minebat,
1135 2664 1173 2691 ut
1190 2669 1266 2692 eam
1282 2655 1649 2701 provinciam-Othoni

937 2707 1157 2741 conciliaret.
1258 2705 1379 2740 Cluvio
1406 2706 1524 2750 Rufo:
1553 2705 1648 2739 conf.

939 2754 979 2788 ll.
1009 2755 1020 2788 1
1049 2756 1104 2790 76.

1006 2814 1068 2847 per
1113 2802 1304 2836 latrocinia
1345 2808 1375 2835 et
1411 2807 1532 2847 raptus
1567 2807 1652 2847 apta

939 2847 1024 2882 bello
1050 2862 1196 2884 manus.-
1234 2850 1303 2884 hoc
1342 2849 1386 2884 de
1410 2860 1482 2883 uno
1508 2850 1652 2884 Mauro-

939 2906 1012 2930 rum
1042 2909 1189 2933 numero
1204 2897 1451 2942 accipiendum
1482 2902 1550 2941 est,
1579 2907 1650 2933 non

940 2945 1044 2979 etiam
1072 2946 1115 2981 de
1145 2946 1352 2982 cohortibus
1379 2950 1414 2980 et
1441 2946 1521 2989 alis,
1553 2946 1652 2982 mili-

940 2993 990 3027 tia
1024 2993 1164 3039 quidem
1199 2993 1351 3038 sociati,
1384 2993 1447 3029 sed
1474 2994 1568 3030 iusta
1594 2994 1652 3029 ‹ti-
