1768 3216
751 248 1064 287 HISTORIARVM
1442 260 1475 284 a.
1502 258 1540 284 u.
1564 247 1650 284 823.

162 261 235 296 844

162 374 450 416 documentum
477 370 606 419 fuere,
640 367 776 408 donec
809 364 1028 420 egregiam
1057 362 1222 406 laudem
1256 362 1337 405 fine
1366 362 1476 417 turpi
1506 374 1653 406 macu-

161 450 312 499 larent,
347 444 483 487 missis
512 442 563 484 ad
597 441 769 483 Civilem
799 440 965 519 13331ξὲιΐ
977 439 1060 506 ψει
1051 452 1122 521 m
1128 441 1317 520 οιᾙιξξξ.
1308 478 1345 510 z
1378 437 1524 491 Neque
1556 440 1652 480 ante

106 538 115 543 ⁷.
160 533 306 577 preces
353 518 558 560 admissae
599 516 836 585 (ΝΜ
847 502 978 557 verba
1021 512 1247 579 Galliarum
1287 511 1486 570 iurarent.
1554 510 1654 553 Tum

128 595 130 597 ’
160 599 301 657 pactus
331 593 526 649 praedam
563 596 793 651 castrorum
827 591 895 632 dat
905 576 1114 669 custode
1104 588 1466 661 ‹gflffifflffcuniam
1484 580 1655 629 calones

129 670 348 714 ssarcinas
379 670 659 719 retentarent,
703 670 743 708 et
774 666 843 720 qui
874 621 1157 730 ἰῖιέὃβέεῆᾶἇςε
1181 648 1382 704 abeuntes
1422 673 1659 723 proseque-

111 746 128 750 ”
160 748 316 808 rentur
376 742 442 783 Ad
473 742 656 795 quintum
688 741 778 783 fere
808 730 987 794 lapidem
1037 738 1172 780 coorti
1215 737 1411 780 Germani
1450 737 1658 778 incautum

92 865 96 873 ⁵
142 829 310 874 agmen
342 815 655 871 adgrediuntur.
699 813 1036 870 Pugnacissimus
1069 813 1242 867 quisque
1263 812 1304 852 in
1322 810 1518 866 vestigio,
1545 810 1661 853 multi

112 862 346 987 {palantes
377 890 635 931 occubuere:
669 889 799 930 ceteri
827 892 942 929 retro
960 899 1002 927 in
1022 890 1156 928 castra
1174 885 1427 941 perfugiunt,
1460 888 1661 939 querente

28 1016 33 1021 Ι
131 965 265 1008 ’(3333
294 965 423 1007 Civile
453 968 493 1006 et
523 965 765 1018 increpante
797 963 1028 1005 Germanos
1059 966 1265 1027 tamquam
1296 960 1418 1002 fidem
1446 972 1523 1014 per
1560 971 1662 1002 sce-

58 1042 64 1050 ’
75 996 227 1094 '‘iolus
261 1040 566 1093 abrumperent.
619 1038 814 1081 Simulata
848 1050 896 1079 ea
930 1037 1096 1089 suerint,
1129 1048 1181 1078 an
1210 1035 1395 1077 retinere
1425 1034 1661 1077 saevientes

17 1094 46 1117 f
76 1144 79 1145 γ
111 1166 114 1169 ¹
164 1101 412 1168 nequiverit,
444 1126 588 1167 parum
620 1112 871 1154 adfirmatur.
919 1111 1099 1164 Direptis
1134 1110 1281 1152 castris
1313 1109 1429 1152 faces
1463 1109 1662 1161 iniciunt3

33 1176 42 1185 .
107 1175 109 1177 ¹
159 1174 419 1243 ‘cunctosque
451 1189 518 1242 qui
548 1188 710 1242 proelio
728 1177 1034 1241 superfuerant,
1067 1184 1471 1227 incendiumliausit.
1519 1183 1728 1225 Civilisel

162 1265 340 1306 barbaro
372 1268 486 1316 voto,
516 1267 612 1316 post
627 1266 790 1325 coepta
813 1261 1015 1319 adversus
1038 1260 1249 1321 Romanos
1273 1271 1400 1322 arma,
1431 1270 1661 1322 propexum

16 1363 75 1426 3
162 1338 451 1405 rutilatumque
483 1337 640 1379 crinem
671 1341 831 1390 patrata
864 1319 1026 1377 demum
1049 1318 1189 1376 caede
1216 1333 1428 1388 legionum
1458 1332 1662 1402 deposuit.
1677 1327 1763 1397 arf

68 1409 213 1456 1⁵Et
245 1413 455 1465 ferebatur
482 1411 654 1466 parvulo
685 1411 768 1453 lilio
799 1410 1000 1465 quosdam
1033 1409 1289 1463 captivorum
1335 1407 1499 1463 sagittis
1543 1407 1665 1451 iacu-

26 1466 111 1553 ’js‘
162 1488 297 1541 lisque
326 1487 551 1541 puerilibus
583 1485 773 1541 figendos
806 1485 1020 1527 obtulisse.
1073 1484 1263 1526 Ceterum
1296 1494 1432 1536 neque
1462 1495 1509 1525 se
1528 1493 1665 1537 neque

165 1574 409 1616 quemquam
439 1561 635 1603 Batavum
667 1562 708 1602 in
737 1560 867 1602 verba
899 1559 1125 1601 Galliarum
1153 1558 1322 1613 adegit,
1353 1557 1454 1600 fisus
1485 1557 1666 1600 Germa-

163 1649 312 1679 norum
344 1637 492 1691 opibus
525 1641 592 1689 et,
638 1636 674 1678 si
715 1635 958 1677 certandum
997 1634 1200 1676 adversus
1233 1632 1374 1675 Gallos
1407 1632 1460 1674 de
1490 1643 1665 1686 posses-

165 1712 285 1754 sione
316 1725 455 1754 rerum
487 1711 609 1763 foret,
641 1710 808 1752 inclitus
840 1710 948 1752 fama
975 1713 1016 1752 et
1044 1709 1197 1764 potior.
1257 1708 1420 1750 Munius
1450 1707 1663 1762 Lupercus

39 1789 84 1823 ’ἱ
113 1786 326 1841 aolegatus
356 1786 535 1840 legionis
566 1787 675 1827 inter
707 1785 816 1826 dona
847 1785 997 1836 missus
1027 1774 1226 1826 veledae.
1277 1782 1336 1824 Ea
1366 1782 1488 1837 virgo
1522 1781 1664 1825 natio-

166 1861 231 1902 nis
261 1860 487 1901 Bructerae
516 1859 599 1901 late
629 1849 913 1913 imperitabat,
953 1863 1097 1900 vetere
1128 1857 1234 1911 apud
1268 1856 1498 1899 Germanos
1530 1868 1662 1909 more,

301 2001 335 2035 3.
367 2012 454 2046 pces
479 1999 714 2044 1t12.qua
739 1999 815 2034 Ma·
853 2000 882 2034 G
907 2011 1009 2045 quam
1034 2011 1098 2045 per
1123 2011 1237 2046 comp.
1337 2002 1373 2036 4.

163 2054 298 2095 pactus.
392 2049 424 2083 5.
452 2048 651 2082 sacircinas
679 2047 755 2085 Ma:
783 2048 811 2082 G
838 2050 1014 2083 sarcinas.
1104 2055 1137 2084 et
1163 2050 1299 2084 editor·
1329 2047 1381 2082 Ma
1413 2053 1448 2083 et
1475 2048 1536 2083 alii
1562 2055 1612 2092 at,
1638 2049 1667 2083 G

168 2102 204 2131 et
219 2096 443 2131 Oxonienses
469 2102 540 2139 aut,
564 2096 756 2130 Rhenanus
783 2108 836 2130 ac.
889 2098 922 2131 6.
947 2097 1083 2131 cohorti
1101 2097 1204 2132 Gna:
1233 2097 1346 2133 coorti
1369 2096 1575 2131 Rhenanus.
1628 2097 1663 2132 8.

163 2146 329 2191 pfuyiunt
356 2155 435 2178 cum
463 2144 524 2178 lin.
552 2149 755 2178 transversa
780 2146 815 2178 in
843 2143 909 2179 litt.
934 2157 957 2190 p
987 2145 1039 2192 <id
1067 2151 1120 2180 est
1141 2147 1364 2193 perfugiunt)
1395 2144 1498 2179 GMe:
1536 2147 1664 2191 prosu-

167 2195 266 2239 9iunt
292 2193 470 2237 Spirensis
497 2198 531 2226 et
557 2192 761 2227 Rhenanus.
844 2193 878 2228 9.
909 2195 1133 2240 increpantes
1160 2194 1213 2229 Ma
1229 2195 1291 2229 .G
1317 2196 1534 2239 increpante.
1607 2195 1662 2229 10.

166 2242 274 2287 fuerit
304 2241 375 2275 Ma.
402 2243 514 2286 fuerit
539 2241 578 2275 G.
616 2281 617 2284 Ἴ
653 2253 721 2275 sev
751 2240 815 2275 Ma.
898 2243 953 2277 13.
979 2249 1079 2288 cepta
1104 2242 1169 2277 Ma.
1249 2244 1305 2279 16.
1328 2242 1510 2288 tingendos
1535 2240 1612 2276 Ma:
1639 2240 1667 2277 G

164 2289 330 2335 figendos.
427 2290 482 2324 17.
510 2299 705 2334 quenquam
729 2288 794 2324 Ma.
1621 2298 1623 2305 ¹

1413 2000 1512 2046 pacti
1538 1999 1610 2037 Ma:
1638 2000 1666 2036 G

170 2433 276 2457 cuere
304 2432 390 2467 quas
419 2422 581 2457 miserias
602 2423 697 2458 ferre
717 2423 880 2459 homines

171 2477 206 2505 et
233 2471 275 2504 ad
291 2481 392 2515 quem
414 2472 610 2515 patientiae
630 2472 776 2517 gradum
796 2484 881 2517 per-

952 2426 1072 2460 telam.
1111 2426 1169 2460 Sic
1196 2437 1227 2460 c.
1258 2426 1325 2461 67.
1355 2425 1476 2460 villam
1499 2426 1539 2460 in
1565 2436 1668 2471 quam

947 2477 1168 2520 perfugerat.
1235 2470 1427 2520 Profuyere
1457 2479 1512 2508 est
1539 2474 1666 2520 fugere

169 2520 295 2553 venire
322 2520 470 2563 possint.

243 2567 403 2601 calones.-
435 2568 529 2614 conf.
558 2573 680 2603 annot.
708 2569 751 2602 ad
778 2570 819 2603 H.
851 2570 882 2604 11

169 2617 227 2650 87.
326 2616 417 2660 ipsos
443 2616 533 2650 leves
561 2617 752 2650 abeuntes.-
781 2617 814 2650 h.
848 2630 878 2652 e.

170 2664 250 2696 dum
295 2664 364 2707 ipsi
403 2664 538 2699 relictis
575 2666 725 2698 sarcinis
767 2670 802 2698 et
841 2677 880 2699 re

171 2711 337 2744 familiari
372 2712 511 2746 abirent
546 2723 565 2746 e
604 2713 740 2746 castris.
813 2713 879 2756 Qui

173 2765 435 2804 prosequuntur
468 2761 529 2795 alii
564 2766 646 2794 sunt
679 2771 781 2807 quam
816 2774 879 2796 ca-

173 2808 284 2840 stodes
309 2814 514 2844 castro-rum.
583 2810 676 2854 Apte
710 2810 821 2855 igitur
847 2817 879 2845 et

173 2856 240 2898 qui,
264 2856 357 2900 quod
380 2859 539 2899 proxime
566 2858 707 2892 accedit
732 2858 776 2891 ad
801 2860 877 2894 Me—

173 2902 264 2936 dicei
292 2910 328 2937 at
354 2906 421 2947 qui.

253 2952 291 2983 in
331 2958 450 2985 castra
487 2956 719 2999 perfugiant:
764 2960 878 2989 castra

172 3001 295 3038 petunt
320 3002 496 3045 tamquam
523 3003 727 3047 perfugium
755 3007 790 3037 et
817 3008 877 3038 tu-

950 2524 987 2556 in
1021 2522 1193 2555 ulteriora
1241 2522 1312 2568 (ins
1359 2522 1463 2556 Weite
1499 2522 1665 2569 luthera),

952 2570 1045 2615 quod
1075 2580 1170 2604 nunc
1189 2580 1310 2613 parum
1337 2575 1419 2614 apte
1444 2570 1636 2606 diceretur.

1023 2618 1107 2662 Cap.
1136 2618 1194 2653 61.
1244 2624 1322 2664 post
1350 2623 1474 2664 coepta
1499 2618 1665 2653 adversus

951 2668 1129 2700 Romanos
1171 2677 1302 2700 arma:
1352 2667 1442 2700 haec
1488 2671 1665 2712 tamquam

950 2714 1176 2762 ἐπεξήγησις
1200 2720 1280 2759 post
1305 2716 1415 2749 verba
1429 2715 1581 2749 barbaro
1601 2727 1665 2749 vo-

950 2769 981 2796 to
1007 2763 1274 2808 subsequuntur
1289 2762 1445 2808 ideoque
1463 2763 1555 2798 bene
1572 2764 1664 2797 duo-

950 2811 1014 2845 bus
1042 2812 1226 2846 commatis
1253 2817 1477 2856 separantur.

1029 2872 1251 2906 propexum:
1289 2861 1496 2905 promissum
1535 2862 1664 2895 vitavit.

949 2912 984 2941 et
1001 2919 1127 2942 vocem
1148 2910 1263 2942 minus
1291 2909 1408 2942 tritam
1431 2909 1554 2954 elegit.
1585 2910 1663 2944 Ru-

948 2956 1084 2991 tilatmn
1121 2956 1209 2990 dixit
1255 2957 1361 2990 rubro
1406 2956 1527 2990 colore
1564 2957 1663 2992 infe-

948 3009 1057 3040 ctum.
1111 3005 1253 3050 Quippe
1280 3003 1409 3041 Civilis
1451 3014 1552 3039 coma
1589 3015 1662 3040 non
