1768 3216
194 269 243 304 ω
807 265 1074 302 GERMANIAE

192 387 385 430 habitam.
446 384 527 426 Sed
563 388 602 426 et
633 383 730 427 olim
761 385 979 427 Auriniam
1012 388 1051 426 et
1092 383 1316 438 compluris
1358 383 1461 426 alias
1498 381 1687 426 venerati

191 466 300 514 sunt,
334 472 418 502 non
446 460 699 514 adulatione,
731 472 867 514 neque
898 464 1105 513 tamquam
1137 459 1326 501 facerent
1356 458 1472 500 deas.

324 536 506 578 Deorum
537 535 716 577 maxime
754 534 1005 577 Mercurium
1048 533 1216 586 colunt,
1268 533 1335 574 cui
1371 531 1497 574 certis
1540 531 1727 574 diebust)

187 611 378 654 humanis
410 622 575 665 quoque
605 610 753 652 hostiis
784 609 906 651 litare
937 609 999 651 sas
1030 609 1196 650 habent.

706 683 804 726 Pars
837 684 1066 727 Suevorum
1099 687 1139 724 et
1169 682 1268 724 Isidi
1299 680 1531 724 sacrificat:
1573 679 1686 722 unde

158 685 436 729 ⁵animalibus
467 685 646 740 placant.

329 855 357 888 1.
386 852 576 887 Auriniam
603 862 781 896 superscr.
804 851 879 885 ‘vel
913 848 1124 884 Albriuiam'
1152 848 1188 883 P.

827 900 861 935 5.
892 899 1039 945 placant
1080 898 1214 932 editor:

186 904 220 938 2.
251 913 361 947 neque
389 901 437 936 P:
482 901 594 936 ceteri
626 913 704 935 nec.

1256 608 1428 650 Martem
1467 605 1685 648 concessis

1267 848 1452 895 compluris
1489 846 1514 881 P
1542 843 1579 882 εἰ
1607 845 1682 881 alii.

1251 898 1401 944 placant
1435 902 1467 931 et
1490 895 1634 931 hercule
1660 894 1685 929 P

187 950 363 996 (Orellius
408 950 500 985 falsa
537 949 676 984 rettulit
710 949 755 983 de
795 949 971 992 scriptura
1008 948 1142 982 codicis
1177 946 1218 996 P)
1255 952 1290 981 ot
1340 946 1531 981 Vaticanus
1579 943 1682 981 1862.

183 999 294 1046 vulgo
319 999 452 1045 legitur
478 998 662 1033 Herculem
688 1009 732 1032 ac
759 997 911 1032 Martem
940 1019 973 1024 —
1004 996 1164 1042 placant.

185 1151 326 1185 ductam
357 1151 421 1196 (cf.
462 1155 584 1184 annot.
629 1149 673 1184 ad
706 1149 747 1183 H.
776 1149 803 1182 V
830 1149 895 1194 24)

183 1198 286 1234 vidit.
339 1198 466 1244 ltaque
492 1199 552 1232 diu
580 1218 626 1225 --
661 1197 817 1231 habitam
844 1198 898 1231 si-

185 1247 334 1294 gnificat
361 1258 449 1291 quae
483 1247 542 1280 diu
574 1247 697 1280 habita
723 1252 790 1289 est,
825 1255 897 1278 non

188 1296 248 1330 diu
282 1295 438 1329 habitam
474 1306 546 1329 esse
568 1307 579 1327 .·
618 1293 653 1328 id
688 1296 782 1328 enim
825 1304 896 1327 non

184 1343 310 1378 videre
336 1344 399 1378 sed
427 1345 594 1388 accipere
620 1348 655 1377 et
680 1343 803 1377 audire
828 1342 897 1377 Ta-

184 1394 274 1427 citus
301 1397 336 1426 et
362 1392 533 1438 aequales
560 1396 736 1437 poterant.

274 1469 307 1498 et
349 1463 536 1509 compluris
573 1463 694 1497 alias.¹
739 1462 896 1497 Gannam

181 1513 344 1557 principe
386 1512 590 1546 Domitiano
644 1517 898 1546 commemorat

181 1560 250 1595 Dio
277 1561 370 1604 apud
397 1560 532 1605 Xiphil.
562 1560 690 1594 LXVII
720 1561 754 1603 5,
784 1560 896 1594 Chat-

183 1615 252 1643 tam
277 1608 458 1643 mulierem
476 1610 732 1644 vaticinantem
747 1609 895 1643 Vitellio

184 1658 378 1692 Suetonius
405 1658 440 1691 in
467 1657 573 1692 huius
598 1658 672 1692 vita
701 1669 731 1691 c.
766 1656 821 1692 14.

262 1736 437 1775 tamquam
484 1731 646 1774 facerent
685 1729 768 1762 deas
825 1727 896 1770 (als

181 1778 319 1812 wollteu
344 1780 394 1812 sie
423 1779 610 1813 Gauinnen
627 1778 812 1823 mactum).-
839 1778 894 1810 vis

182 1828 383 1861 sententiae
409 1826 503 1861 cadit
537 1828 573 1866 in
601 1826 695 1860 deas.
748 1825 896 1859 Scilicet

179 1875 273 1909 ridet
285 1875 526 1910 adulationem
541 1880 576 1909 et
589 1875 893 1919 superstitionem,

182 1924 282 1957 cuius
328 1923 492 1968 exempla
544 1924 687 1958 Nerone
732 1923 895 1967 principe

181 1971 276 2005 edita
303 1977 414 2015 erant,
442 1977 480 2005 ut
508 1971 597 2006 adeo
624 1972 781 2005 feminae
808 1981 894 2004 cae-

181 2019 253 2052 lum
282 2020 547 2062 decerneretur,
575 2020 689 2054 veluti
706 2020 894 2063 Poppaeae

181 2067 277 2101 filiae
311 2068 439 2102 infanti
477 2069 559 2113 (XV
588 2069 674 2110 23),
708 2078 790 2101 mox
825 2068 893 2111 ipsi

181 2115 370 2160 Poppaeae
408 2117 494 2162 (Dio
521 2116 628 2150 LXIII
656 2117 733 2158 29).
787 2115 890 2149 Conf.

180 2163 259 2197 XIV
287 2165 328 2199 3:
368 2165 568 2199 additurum
599 2165 795 2210 principem
830 2164 892 2197 de-

178 2214 322 2256 functae
350 2212 510 2259 templum
542 2219 573 2246 et
598 2225 694 2246 τινας.
747 2213 890 2256 Ιίοερίεῐ

182 2260 408 2297 ἀποθέωσιν
434 2262 658 2305 principum,
695 2265 733 2293 ut
767 2261 893 2294 statuit

178 2308 444 2351 Doederlinius,
472 2320 541 2342 non
570 2309 794 2343 crediderim.
818 2308 890 2342 Ce-

178 2361 291 2390 terum
331 2358 573 2391 adulationem
615 2362 651 2392 et
685 2357 889 2391 simulatio-

178 2416 259 2438 nem
292 2405 484 2439 Romanam
520 2406 600 2439 dum
646 2417 665 2439 a
706 2406 888 2440 Germanis

179 2453 306 2486 abesse
332 2454 456 2497 tradit,
495 2456 785 2498 superstitionem
817 2464 888 2487 non

177 2502 338 2546 negavit.
391 2502 615 2546 Quapropter
647 2503 736 2536 nihil
770 2503 888 2536 differt

178 2548 221 2582 ab
261 2548 316 2582 his
351 2551 444 2594 quod
484 2551 618 2595 legitur
654 2551 696 2584 II.
736 2551 783 2583 IV
819 2551 886 2585 61:

178 2597 395 2644 (Germani)
446 2598 631 2643 plerasque
674 2600 888 2643 feminarum

175 2646 343 2688 fatidicas
369 2652 400 2680 et
415 2652 622 2691 auyescente
643 2647 887 2692 superstitione

177 2693 400 2728 arbitrantur
427 2695 521 2730 deas.

248 2765 320 2810 Cap
361 2765 395 2800 9.
445 2766 587 2801 deorum
613 2767 762 2800 maxime
787 2767 884 2801 Mer-

175 2815 310 2848 curium
354 2813 490 2848 colunt:
536 2821 574 2848 ut
614 2821 696 2849 ante
740 2818 835 2860 (cap.
864 2817 886 2850 2

176 2865 284 2907 extr.)
323 2872 510 2897 commune
535 2863 790 2898 Germanorum
817 2874 884 2897 no-

174 2920 255 2943 men
270 2910 395 2945 Latino
422 2913 600 2947 vocabulo
627 2913 791 2956 reddidit,
813 2914 884 2946 mi-

174 2957 285 2992 litiam
337 2959 539 3003 pedestrem
583 2961 725 2996 virtutis
779 2971 886 2995 causa

175 3016 254 3040 cum
281 3009 403 3052 equite
429 3009 585 3044 iunctam
620 3017 783 3045 centenos
808 3010 884 3046 Ro-

968 1157 1070 1181 mana
1098 1146 1397 1191 interpretatione
1436 1145 1582 1179 vocavit
1607 1143 1681 1190 (6),

968 1197 1021 1229 sic
1046 1196 1154 1230 etiam
1178 1196 1214 1228 in
1237 1193 1441 1228 numinibus
1461 1193 1682 1239 explicandis

968 1245 1113 1278 nomina
1162 1243 1310 1277 barbara
1352 1243 1505 1285 vitavit,
1556 1241 1683 1276 Latina

969 1291 1084 1326 libere
1111 1292 1307 1326 substituit.
1338 1290 1437 1333 Quae
1468 1290 1539 1325 Iac.
1563 1289 1682 1324 Grim-

968 1342 1058 1375 mius
1085 1341 1120 1374 in
1147 1340 1371 1386 Mythologia
1391 1338 1589 1374 'theodisca
1613 1337 1681 1372 do-
1715 1343 1721 1355 ’

969 1394 1025 1423 cte
1069 1394 1104 1423 et
1145 1390 1335 1436 ingeniose
1389 1388 1433 1422 de
1476 1387 1681 1422 nominibus

967 1437 1176 1472 'l'heodiscis
1203 1437 1269 1472 sub
1295 1437 1433 1472 Latinis
1458 1435 1681 1471 latitantibus

967 1487 1168 1531 suspicatus
1198 1491 1264 1529 est,
1291 1484 1385 1531 apud
1411 1486 1525 1530 ipsum
1548 1484 1680 1531 legen-

967 1535 1010 1576 da
1027 1535 1205 1580 relinquo.
1237 1535 1291 1569 De
1310 1535 1485 1569 Mercurio
1501 1535 1569 1568 iam
1586 1533 1681 1567 I’au..

967 1583 1022 1617 lus
1049 1583 1231 1618 Diaconus
1257 1583 1300 1618 de
1328 1583 1444 1618 Gestis
1470 1581 1680 1628 Langobar-

967 1632 1088 1666 dorum
1114 1631 1128 1666 l
1154 1632 1191 1668 9:
1230 1632 1360 1667 Wodan
1382 1643 1468 1665 seme
1489 1641 1587 1676 quem
1611 1631 1680 1665 ad-

965 1682 1059 1715 iecta
1085 1680 1204 1715 littera
1221 1681 1377 1715 Gwodan
1404 1680 1580 1721 dioeerunt,
1607 1679 1679 1724 ipse

967 1735 1015 1763 est
1047 1730 1104 1774 qui
1138 1729 1232 1775 apud
1264 1731 1443 1764 Romanos
1479 1728 1679 1763 Mercurius

967 1778 1096 1813 dicitur
1130 1785 1161 1812 et
1187 1778 1230 1812 ab
1263 1778 1438 1812 universis
1465 1777 1678 1812 Germaniae

965 1827 1125 1872 gentibus
1160 1833 1196 1860 ut
1223 1826 1305 1860 deus
1331 1828 1515 1861 adoratur.
1567 1825 1677 1860 Taciti

965 1875 1085 1910 verbis
1100 1886 1205 1920 supra
1226 1877 1352 1919 positis
1376 1885 1447 1909 non
1462 1874 1676 1919 contrarium

966 1929 1021 1958 est
1047 1924 1141 1969 quod
1168 1924 1320 1970 legimus
1348 1925 1387 1958 II.
1417 1923 1463 1958 IV
1483 1923 1553 1959 64:
1579 1934 1676 1958 com-

964 1973 1123 2006 munibus
1150 1973 1223 2006 deis
1258 1979 1289 2007 et
1313 1973 1506 2019 praecipuo
1535 1972 1677 2006 deorum

966 2021 1078 2055 Marti
1102 2027 1220 2066 yrates
1247 2023 1403 2066 aqimus.-
1430 2030 1509 2055 nam
1537 2021 1572 2054 in
1597 2020 1675 2054 for-

964 2074 1048 2102 tuna
1084 2069 1215 2103 bellica
1249 2069 1426 2104 bellorum
1469 2069 1536 2103 deo
1567 2079 1675 2114 prae-

962 2118 1086 2161 cipuas
1114 2123 1232 2163 grates
1271 2119 1329 2163 agi
1359 2117 1541 2152 convenit.
1592 2117 1674 2151 Atia

963 2171 1080 2200 autem
1129 2166 1172 2199 de
1217 2167 1396 2199 numinum
1439 2166 1536 2200 cultu
1581 2165 1674 2210 apud

963 2214 1157 2248 Germanos
1200 2223 1289 2260 quos
1329 2215 1500 2261 cognovit
1541 2224 1674 2258 reppe-

959 2264 1050 2297 risse
1075 2263 1142 2297 sibi
1175 2265 1272 2297 visus
1301 2268 1354 2297 est
1390 2263 1524 2298 Caesar
1555 2262 1595 2296 B.
1633 2262 1671 2296 G.

963 2311 1009 2344 VI
1037 2314 1107 2347 21:
1151 2312 1291 2345 deorum
1317 2323 1461 2346 numero
1495 2323 1551 2346 cos
1583 2312 1674 2345 solos

961 2361 1091 2394 ducunt
1136 2372 1218 2404 quos
1265 2367 1412 2395 cernunt
1455 2366 1487 2394 et
1527 2371 1673 2405 quorum

959 2415 1079 2453 aperte
1121 2410 1239 2454 opibus
1273 2410 1460 2452 iuvantur,
1487 2408 1603 2442 Solem
1641 2414 1674 2442 et

967 2457 1158 2491 Vulcanum
1185 2464 1216 2491 et
1244 2458 1401 2501 Lumzm5
1443 2457 1595 2502 reliquos
1627 2468 1671 2490 nc
1726 2464 1728 2467 ’

957 2507 1055 2549 sama
1097 2506 1232 2549 quidem
1280 2512 1504 2551 acceperunt.
1574 2504 1671 2538 Talia

958 2554 1096 2597 opinari
1124 2563 1272 2596 pronum
1312 2559 1388 2587 erat
1425 2553 1541 2588 nullas
1579 2552 1669 2586 deo-

957 2612 1032 2634 rum
1061 2601 1216 2647 effigies,
1243 2602 1343 2636 nulla
1373 2602 1521 2636 delubra
1537 2602 1669 2645 depre-

958 2649 1140 2684 hendenti.

1045 2721 1198 2755 Martem
1248 2723 1421 2757 concessis
1458 2720 1669 2757 animalibus

952 2767 1124 2813 placant.-
1154 2781 1269 2804 rarum
1297 2775 1372 2805 erat
1400 2776 1435 2805 et
1462 2776 1562 2806 extra
1579 2779 1668 2804 con-

956 2818 1181 2852 suetudinem
1196 2819 1400 2863 admissum,
1425 2819 1521 2865 quod
1534 2821 1570 2853 in
1587 2828 1669 2853 cer-

958 2867 1092 2900 tamine
1119 2868 1212 2901 inter
1225 2868 1491 2902 Hermunduros
1507 2873 1542 2902 et
1556 2866 1668 2901 Chat-

956 2918 1010 2947 tos
1031 2916 1187 2950 victores
1214 2915 1390 2950 diversam
1421 2918 1533 2951 aciem
1555 2915 1669 2950 Marti

954 2974 999 3013 ac
1025 2963 1205 2998 Mercurio
1231 2975 1442 3009 sacravere,
1475 2970 1514 2999 ut
1541 2973 1666 2998 narra-

954 3012 1006 3046 vit
1034 3011 1093 3047 hic
1119 3018 1243 3049 noster
1261 3014 1344 3049 XIII
1371 3014 1429 3050 57.
1459 3013 1512 3048 De
1537 3012 1665 3047 hostiis
