1768 3216
117 221 166 253 56
730 212 997 249 GERMANIAE
1023 207 1028 213 “

120 334 239 375 tueri.
316 332 414 374 Sine
457 330 708 384 cupiditate,
754 331 844 372 sine
890 331 1156 385 impotentia,
1205 330 1332 383 quieti
1377 332 1611 387 secretique

120 408 227 449 nulla
255 408 486 459 provocant
513 405 636 458 bella,
665 405 788 447 nullis
805 406 989 460 raptibus
1011 409 1080 447 aut
1098 405 1330 447 latrociniis
1351 405 1610 460 populantur.

122 483 165 523 Id
197 480 463 535 praecipuum
494 479 657 521 virtutis
690 493 739 522 ac
770 481 919 522 virium
951 484 1239 535 argumentum
1282 484 1373 532 est,
1419 480 1530 534 quod
1569 484 1615 522 ut
1655 469 1658 471 ’

121 555 361 609 superiores
411 558 537 608 agant
586 566 671 596 non
721 567 797 609 per
846 555 1019 596 iniurias
1059 555 1353 608 adsequuntur.
1424 555 1613 609 Prompta

89 635 258 672 stamen
290 629 480 670 omnibus
512 641 625 670 arma
658 633 720 681 et,
749 630 784 670 si
816 642 884 671 res
915 634 1085 683 poscat,
1119 629 1355 682 exercitus,
1395 629 1612 683 plurimum

121 698 302 746 virorum
336 715 640 757 equorumque3
674 707 714 744 et
744 703 1054 757 quiescentibus
1087 703 1233 745 eadem
1262 704 1385 746 fama.

255 777 299 817 In
328 777 457 819 latere
490 777 749 819 Chaucorum
769 777 1092 831 Chattorumque
1123 778 1325 819 Cherusci
1354 776 1525 819 nimiam
1564 777 1684 820 ac36

119 856 372 894 marcentem
405 852 475 893 diu
504 865 650 906 pacem
679 852 910 893 inlacessiti
940 852 1183 893 nutrierunt.
1247 852 1373 906 idque
1395 851 1614 894 iucundius

120 939 239 980 quam
272 926 396 967 tutius
428 926 516 978 suit,
551 927 644 980 quia
678 927 785 968 inter
817 927 1065 980 impotentes
1099 931 1137 968 et
1169 926 1330 968 validos
1359 926 1464 968 salso
1493 926 1615 980 quie-

69 1022 107 1051 ῃ)
120 1012 240 1042 scas:
285 1001 355 1041 ubi
386 1013 510 1042 manu
539 1001 703 1055 agitur,
738 1001 943 1042 modestia
975 1014 1024 1042 ac
1054 1001 1238 1054 probitas
1280 1001 1448 1042 nomina
1488 1012 1616 1054 supe·-

119 1075 244 1116 rioris
275 1079 380 1116 sunt.

214 1250 249 1284 4.
277 1260 388 1293 asseq.
416 1249 453 1283 Ρ.

119 1303 242 1331 sceret.
318 1297 354 1331 8.
382 1296 550 1332 zlacessilt'
578 1299 611 1332 Ι).

118 1351 255 1380 rectum
283 1347 318 1379 in
345 1345 515 1390 Spirensi.

122 1499 233 1541 cives,
264 1502 408 1531 tenaces
434 1498 532 1540 iusti,
556 1500 722 1541 potentes
742 1498 831 1531 all'e-

123 1552 253 1581 ctuum.
287 1569 289 1571 -

193 1596 268 1628 siue
295 1595 522 1640 impotentia.-
552 1594 700 1629 ass'ectus
729 1596 833 1639 cupi-

122 1644 214 1677 dinis
241 1648 301 1677 aut
327 1645 401 1677 irae
433 1644 619 1678 continere
653 1647 688 1676 et
727 1647 832 1677 coer-

123 1703 206 1726 cere
233 1693 362 1726 sciunt.

211 1769 243 1797 et
284 1764 314 1797 si
355 1774 412 1797 res
454 1769 602 1809 poscat,
648 1764 832 1805 exercitus,

119 1811 312 1857 plurimum
362 1813 518 1846 virorum
569 1823 801 1856 equorumque
821 1823 831 1843 .-

123 1871 201 1893 cum
229 1860 272 1894 de
301 1859 438 1893 Chattis
465 1860 615 1894 relatum
644 1865 740 1894 esset
768 1869 830 1893 eos

121 1907 243 1952 pedite
273 1908 416 1951 valere,
456 1909 491 1942 in
528 1909 710 1943 Tencteris
738 1909 833 1943 vires

123 1961 306 2000 equestres
324 1956 550 2000 praedicatae
564 1962 696 1999 essent,
713 1956 834 1990 Chau-

124 2014 185 2037 cos
221 2005 380 2049 utrisque
424 2005 647 2047 praecellere
693 2004 833 2038 Tacitus

122 2051 316 2086 admonuit.
351 2052 588 2094 Quamobrem
609 2057 743 2087 tantum
768 2052 834 2086 ab·

124 2105 189 2142 cst,
217 2106 255 2134 ut
281 2105 360 2144 post
387 2102 560 2134 exercitus
575 2101 744 2146 languida
759 2101 831 2134 sint

123 2147 233 2182 verba
260 2147 448 2193 plurimum
467 2150 623 2183 virorum
640 2160 826 2193 equorum-

123 2208 208 2241 que,
252 2202 289 2229 ut
325 2198 403 2231 siue
445 2198 488 2231 iis
527 2198 603 2242 ipsa
641 2197 833 2240 descriptio

123 2246 248 2279 manca
274 2245 378 2279 soret.
429 2245 505 2279 Non
544 2257 629 2280 vere
669 2245 834 2279 Doeder-

124 2293 257 2327 linius:
305 2294 468 2338 ‘possunt
511 2295 600 2328 haec
651 2299 834 2338 utcunque

125 2341 312 2385 explicari,
331 2347 369 2376 ut
388 2344 609 2388 epexegesiu
629 2344 837 2376 contineant

123 2391 302 2423 numerosi
348 2392 548 2434 exercitus,
594 2401 664 2424 non
710 2390 834 2424 hercle

125 2437 298 2483 languore
332 2440 535 2473 carentem‘.
587 2440 640 2474 De
668 2439 832 2483 asyndeti

124 2486 236 2520 forma
264 2487 308 2520 cf.
339 2487 383 2520 ad
409 2487 453 2520 Xl
481 2487 514 2522 6.

198 2556 282 2601 Cap.
311 2557 370 2593 36.
419 2559 457 2591 in
484 2557 594 2591 latere
612 2557 834 2591 Chaucorum

126 2605 418 2650 Chattorumque:
446 2605 562 2646 ,latus
609 2605 833 2639 Chaucorum

125 2658 160 2687 et
174 2653 381 2688 Chattorum
409 2654 495 2688 dicit
514 2655 688 2688 orientem
708 2664 832 2688 versus

123 2703 298 2745 positum,
335 2702 378 2736 ad
415 2707 601 2748 utramque
627 2703 739 2746 ripam
771 2703 833 2734 vi-

124 2752 253 2795 surgiS,
282 2752 318 2784 in
343 2751 458 2784 media
484 2751 683 2785 Germania.
721 2750 830 2783 Taciti

125 2797 168 2831 de
197 2798 387 2832 Cheruscis
429 2799 543 2833 relata
573 2804 656 2843 pete
684 2809 727 2832 ex
754 2798 828 2832 lnd.

127 2846 206 2878 hist.
242 2846 464 2881 Ptolemaeus
505 2848 533 2881 ll
573 2850 607 2879 lt
652 2847 711 2882 19:
758 2845 832 2882 ὑπὸ

128 2894 167 2927 δὲ
196 2894 282 2934 τοὺς
294 2898 747 2942 ΣιλίγγαςΚαλοιῗκωνες
769 2897 831 2942 ἐφ’

124 2939 283 2989 ἑκάτερα
315 2945 379 2979 τοῦ
398 2944 540 2990 ’Ἀλβιος
560 2947 748 2993 ῑιοιαμοῦ,
770 2945 832 2992 ἐφ’

443 1075 500 1117 Ita
532 1075 599 1129 qui
633 1075 728 1116 olim
761 1075 860 1116 boni
892 1075 1094 1129 aequique
1122 1075 1336 1128 Cherusci,
1368 1087 1478 1117 nunc
1498 1074 1616 1116 incr-

515 1251 549 1284 5.
577 1256 609 1284 et
635 1252 665 1285 si
691 1250 735 1284 P:
763 1251 874 1285 ceteri
902 1261 946 1284 ac
971 1251 1012 1284 si.
1041 1260 1128 1284 sanc
1156 1251 1197 1286 H.
1228 1253 1251 1287 2
1279 1252 1300 1286 5
1327 1262 1382 1293 ac,
1409 1251 1441 1285 si
1466 1262 1522 1285 res
1545 1261 1614 1297 po-

703 1300 758 1334 10.
786 1300 868 1333 ηοιέ
893 1299 929 1342 Ρ,
955 1300 1094 1332 nomine
1121 1300 1231 1334 ceteri
1261 1299 1338 1334 fere
1363 1309 1504 1335 omnes:
1533 1309 1616 1339 cor->

904 1496 968 1538 οΐνς
1023 1499 1262 1544 Χαιρουσκοὶ
1316 1499 1379 1533 καὶ
1429 1491 1617 1546 Χαμὰυοὶ

899 1551 1014 1594 μέχρι
1042 1549 1107 1583 τοῦ
1137 1546 1353 1592 Μηλιβόκου
1377 1545 1502 1592 ὄρους.
1539 1546 1616 1581 Pli-

904 1597 983 1629 nius
1019 1596 1066 1630 lv
1099 1596 1166 1632 28:
1208 1596 1436 1638 Hermiones,
1471 1606 1616 1640 quorum

903 1645 1029 1688 Saevi,
1060 1644 1318 1688 Hermunduri,
1346 1643 1490 1687 Chatti,
1519 1643 1614 1678 Clue-
1665 1675 1671 1679 .

901 1694 1007 1727 rusci.

974 1764 1067 1797 inter
1093 1765 1316 1809 impotentes.-
1345 1763 1426 1796 unis
1460 1762 1615 1798 Chaucis

901 1814 1098 1856 potentiam
1125 1813 1180 1846 sui
1211 1811 1486 1846 tribuit'l‘acitus
1502 1812 1614 1847 c.35:

903 1862 1014 1894 ceteri
1053 1861 1255 1905 cupidinem
1291 1865 1352 1894 aut
1383 1861 1470 1894 iram
1515 1869 1615 1894 com-

903 1920 1052 1953 pescere
1085 1910 1262 1943 nesciunt.
1367 1908 1537 1942 modestia
1571 1919 1616 1943 ac

899 1957 1057 2002 probitas
1099 1958 1245 1991 nomina
1275 1957 1469 2003 superioris
1506 1962 1612 1992 sunt:

901 2007 1094 2050 superioris
1121 2011 1175 2039 est
1201 2004 1266 2041 τοῦ
1297 2010 1524 2052 κρείιιονος.
1551 2005 1638 2047 In-¹

903 2054 1054 2087 ferieres
1097 2064 1174 2087 cum
1221 2054 1382 2087 modeste
1429 2057 1541 2099 agunt
1580 2058 1616 2087 et

902 2103 1007 2144 iuste,
1036 2103 1169 2135 inertes
1196 2107 1370 2135 vocantur
1393 2106 1453 2136 aut
1472 2099 1607 2134 timidi:

902 2151 1104 2194 superiores
1141 2150 1201 2184 ubi
1231 2149 1325 2184 idem
1364 2150 1520 2191 faciunt,
1561 2150 1614 2183 eis

903 2209 1011 2232 verae
1045 2199 1188 2232 virtutis
1226 2208 1356 2232 nomen
1393 2203 1428 2232 et
1461 2197 1613 2242 pretium

905 2257 1028 2281 omnes
1056 2247 1270 2281 concedunt.

985 2318 1042 2362 qui
1068 2317 1149 2351 olim
1184 2317 1265 2351 1)οηὶ
1300 2317 1491 2362 aeqm’que:
1529 2317 1615 2351 olim

905 2376 982 2399 cum
1009 2367 1168 2410 potentia
1195 2364 1455 2400 Cheruscorum
1481 2366 1613 2410 floruit,
1659 2403 1663 2407 p

903 2414 1002 2456 boni,
1031 2414 1064 2448 h.
1095 2426 1126 2448 e.
1162 2415 1292 2457 fortes,
1328 2414 1613 2457 celebrabantur,

905 2467 1012 2507 atque
1047 2463 1153 2496 iidem
1189 2464 1292 2506 aequi
1322 2463 1542 2496 vocabantur
1567 2463 1613 2497 ob

904 2511 1198 2544 moderationem.
1229 2511 1339 2544 Versa
1355 2511 1498 2544 fortuna
1512 2512 1613 2545 iner-

904 2564 952 2592 tes
978 2558 1056 2591 sive
1082 2559 1204 2604 ignavi
1230 2563 1266 2592 et
1283 2559 1395 2592 timidi
1422 2569 1484 2603 pro
1503 2559 1611 2603 bonis,

902 2607 996 2640 stulti
1020 2617 1083 2650 pro
1113 2607 1232 2651 aequis
1258 2607 1543 2651 appellabantur.

961 2679 999 2711 in
1024 2678 1255 2723 sapientiam.-
1285 2677 1320 2711 h.
1342 2689 1372 2711 e.
1403 2683 1440 2712 ut
1466 2679 1612 2723 sapien-

904 2726 951 2759 tia
978 2727 1152 2760 videatur.
1190 2726 1243 2762 Cf.
1271 2731 1392 2760 annot.
1420 2726 1462 2760 ad
1492 2738 1522 2760 c.
1551 2727 1608 2763 26.

980 2798 1090 2831 tracti
1124 2798 1231 2831 ruina
1275 2797 1530 2831 Cheruscorum
1572 2804 1605 2830 et

904 2845 1003 2880 Fosi.-
1030 2846 1112 2879 Fosi
1139 2845 1224 2879 alihi
1251 2855 1322 2878 non
1357 2849 1608 2888 memorantur,

902 2904 1019 2938 neque
1037 2894 1229 2928 Ptolemaei
1254 2894 1302 2939 (ll
1326 2895 1365 2927 11
1397 2895 1458 2940 12)
1484 2897 1611 2931 Φουν-

903 2941 1039 2978 δοῦσοι
1094 2942 1162 2980 huc
1211 2941 1376 2976 videntur
1414 2942 1641 2987 pertinere·
