1768 3216
755 233 843 269 cn.
869 235 976 271 2—3.
1108 247 1113 249 ·
1581 233 1605 266 9

110 351 296 394 virorum
346 351 512 393 fortium
561 351 658 392 ituri
696 351 739 391 in
785 351 946 404 proelia
987 355 1150 393 canunt.

1223 350 1327 392 Sunt
1359 349 1458 392 'illis
1499 349 1607 392 haee

111 437 277 481 quoque
324 426 539 478 carmina,
585 437 760 479 quorum
804 426 937 468 relatu
989 431 1129 480 [quem
1178 425 1385 467 harditum
1426 429 1598 479 vocant]

113 500 350 543 accendunt
377 500 567 552 animos,
615 500 862 553 futuraeque
889 513 1055 554 pugnae
1102 501 1307 542 fortunam
1345 500 1438 553 ipso
1480 503 1605 541 cantu

112 578 383 631 augurantur.

216 724 219 728 ’
252 724 284 758 1.
309 723 383 758 illis
404 723 477 758 ilus
503 723 624 770 (alteri
651 723 747 757 linea
772 723 946 758 subducta
973 728 1045 770 est)
1074 723 1112 757 P.

114 771 317 818 plerisque:
343 773 449 817 pauci
477 772 639 807 baritum.
668 772 824 818 glossam
852 773 991 807 notavit
1017 771 1143 807 editor.

113 829 183 855 scr.
213 826 228 855 e
251 819 289 854 P.

114 966 151 998 et
174 961 454 997 transrhenanos
472 973 576 997 veros
599 973 679 998 esse
690 963 823 1006 Gallos,

116 1015 260 1046 ceteros
298 1021 343 1045 eo
389 1012 534 1045 nomine
572 1021 642 1045 non
682 1012 823 1058 dignos

113 1059 169 1094 De
195 1059 264 1094 lnc
291 1058 558 1106 significatione
588 1059 725 1094 Gellius
761 1071 827 1094 ex-

113 1108 216 1152 ponit
239 1107 287 1141 lx
314 1109 358 1143 12
383 1107 420 1150 ς.
449 1108 493 1142 13
507 1109 601 1143 -15,
630 1108 827 1150 Quintilia-

113 1159 182 1191 nus
198 1153 255 1189 'VI
274 1157 303 1191 2
327 1157 392 1190 21:
421 1161 548 1189 metum
573 1162 691 1190 tamen
713 1156 827 1202 dupli-

116 1215 191 1238 cem
213 1202 367 1248 intelligi
393 1203 471 1237 volo
487 1229 496 1245 ‚
540 1215 637 1247 quem
673 1206 829 1250 patimur

117 1259 150 1286 et
175 1263 274 1297 quem
299 1252 461 1296 facimus.
508 1250 563 1285 Cf.
589 1253 632 1286 A.
659 1254 717 1288 44.
774 1252 829 1286 Ex

116 1301 285 1345 opposito
311 1300 417 1334 ctiam
442 1311 467 1333 ιι
497 1311 535 1333 se
571 1301 656 1346 ipsis
692 1312 825 1341 conse-

108 1347 239 1395 ‚quitur
265 1347 375 1382 verba
401 1359 424 1381 a
449 1349 580 1382 victore
616 1348 828 1405 accipienda

116 1407 198 1437 esse
245 1395 387 1442 vulgari
434 1396 701 1442 significatione
754 1393 829 1433 ὑπὸ

116 1447 185 1481 τοῦ
232 1456 467 1487 νικησανιος
482 1471 492 1487 ,
541 1449 635 1491 (vom
673 1446 828 1492 δίε-(ιον),

117 1503 189 1528 non
206 1493 331 1528 valere
345 1504 391 1526 εει·
403 1494 544 1526 nomine
556 1495 700 1528 victoris
715 1471 828 1537 (nack,

119 1542 197 1576 dem
215 1542 357 1590 Sieyer)
374 1542 453 1575 sive
468 1538 547 1578 ἀπὸ
564 1543 630 1578 τοῦ
642 1543 830 1587 νικήσαν-

121 1602 195 1632 τος.

196 1658 283 1704 Gap.
306 1660 343 1694 3.
367 1661 477 1704 ruisse
503 1661 597 1706 apud
618 1672 674 1695 eos
689 1667 721 1694 et
737 1662 831 1695 Her-

119 1707 232 1742 alea
252 1714 470 1742 memorant.
463 1721 473 1728 ·
516 1714 713 1743 memorant
738 1711 832 1743 scri-

118 1761 242 1801 ptores
267 1765 418 1801 quorum
444 1756 490 1790 de
519 1757 727 1803 originibus
741 1758 833 1792 Ger-

119 1812 304 1839 manorum
330 1803 444 1838 relata
480 1815 663 1862 exponere
701 1808 833 1852 pergit,

120 1862 191 1886 non
217 1853 286 1897 ipsi
313 1851 491 1895 Germani,
518 1855 577 1898 qui
596 1854 668 1888 alio
688 1856 834 1889 nomine

120 1901 223 1934 nobis
260 1899 355 1934 baud
402 1902 548 1946 cognito
584 1901 680 1936 hunc
724 1903 835 1937 heroa

123 1949 411 1984 celebraverunt.
440 1948 486 1983 Ut
511 1949 619 1994 paulo
639 1956 722 1985 ante
743 1951 835 1985 Ger-

122 1999 222 2031 mani
245 1998 548 2041 interpretatione
573 1999 733 2033 Romana
747 2025 757 2041 ‚
783 2001 837 2033 sic

121 2047 228 2080 otiam
257 2045 427 2079 Hercules
453 2046 498 2080 ad
524 2046 672 2080 eandem
714 2047 833 2093 legem

119 2094 324 2128 nominatur
369 2093 457 2137 ille,
513 2105 618 2139 quern
669 2094 834 2129 Germani

121 2144 271 2188 primum
298 2142 444 2176 fortium
467 2143 623 2176 virorum
644 2144 842 2177 canebants

121 2191 175 2226 De
207 2189 364 2224 Hercule
399 2190 653 2224 Germanorum
689 2202 723 2226 v.
757 2191 834 2226 lnd.

122 2239 225 2273 hist:
253 2237 297 2271 de
322 2240 468 2272 nomine
495 2238 706 2273 Germanico
738 2241 836 2273 varia

122 2287 377 2320 coniectavere
405 2291 595 2329 nostrates,
623 2289 834 2320 nominatim

122 2334 193 2369 lac.
223 2333 354 2368 Grimm
390 2339 425 2367 et
465 2333 584 2368 Herm.
626 2334 780 2375 muller,
816 2345 837 2367 a

123 2382 252 2428 quibus
297 2382 515 2415 coniecturis
555 2387 652 2416 certe
692 2383 728 2414 in
771 2381 837 2415 hac

123 2441 209 2464 cura
233 2429 415 2464 abstinere
435 2435 606 2473 praestat.

194 2507 275 2535 sunt
298 2501 370 2536 iuis
394 2501 484 2535 haec
505 2511 638 2546 quoque
651 2501 834 2535 carmina:

126 2550 283 2583 carmina
329 2549 550 2593 proeliorum
602 2548 837 2583 discernenda

126 2607 209 2631 esse
235 2597 279 2631 ab
308 2598 353 2630 iis
385 2608 477 2642 quae
503 2596 548 2630 de
574 2598 716 2642 origine
742 2607 831 2642 gen-

122 2646 170 2678 tis
197 2645 458 2687 recitabantur,
486 2644 529 2678 ad
556 2655 586 2677 c.
615 2646 834 2681 2¹1nonitu1n

125 2697 191 2727 est.
234 2692 426 2726 Annalium
453 2693 610 2726 carmina
638 2693 837 2736 respiciens

124 2751 220 2774 nunc
260 2740 384 2774 scribit
424 2741 468 2773 de
509 2739 624 2774 altero
676 2751 835 2785 genere:

125 2794 206 2822 sunt
232 2788 306 2822 iuis
331 2789 427 2828 haec?
446 2789 758 2834 quoqueparmina
770 2789 835 2835 (sie

126 2836 240 2870 haben
266 2836 359 2870 ancl·
374 2835 491 2870 solclie
508 2835 663 2883 mezler),
692 2847 836 2881 quorum

127 2884 243 2918 relatu
269 2890 337 2919 cet.

199 2967 345 3001 quorum
370 2955 508 2998 relatu,
536 2966 634 3000 quem
661 2955 834 2990 harditum

442 574 616 615 Terrent
654 574 764 614 enim
800 574 1081 627 trepidantve,
1122 578 1244 628 prout
1282 574 1423 616 sonuit
1464 574 1609 624 acies;

1210 726 1246 759 2.
1279 723 1454 769 harditum
1477 722 1503 756 P
1529 733 1609 756 cum
1640 728 1643 730 “

1266 772 1303 809 4.
1335 772 1455 807 sonnis
1478 781 1608 818 super-

894 968 1047 997 vocant:
1083 963 1239 997 hard-‘ms
1264 958 1417 1006 nomeu,
1455 966 1512 998 cui
1538 963 1608 998 soli

895 1011 1089 1045 auctoritas
1114 1022 1135 1045 a
1160 1011 1263 1057 libri-s
1288 1011 1518 1054 melioribus,
1549 1012 1607 1046 fa-

896 1065 991 1093 ctum
1025 1070 1046 1092 a
1088 1059 1227 1103 bardis,
1265 1059 1411 1093 fortium
1446 1061 1607 1094 virorum

896 1108 989 1153 apud
1014 1107 1134 1142 Gallos
1173 1108 1379 1142 cantoribus
1415 1109 1482 1153 (cf.
1522 1108 1610 1142 Am-

897 1157 1035 1189 mianus
1069 1155 1227 1190 Marcell.
1255 1156 1321 1190 XV
1349 1156 1372 1191 9
1408 1158 1446 1199 §.
1472 1157 1496 1191 8
1531 1167 1610 1190 curn

894 1209 1015 1238 annot.
1051 1204 1220 1250 valesii),
1248 1204 1435 1238 Germanis
1460 1205 1606 1238 minime

897 1253 1089 1295 convenit,
1133 1252 1226 1296 apud
1264 1262 1353 1297 quos
1394 1263 1466 1286 non
1502 1253 1604 1286 bardi

896 1300 960 1334 sed
985 1305 1059 1334 tota
1079 1301 1176 1334 acies
1196 1300 1406 1334 bellantium
1433 1301 1608 1335 cantabat.

897 1349 1021 1382 Altera
1047 1349 1223 1392 scriptura
1252 1349 1434 1391 (baritum)
1461 1359 1533 1382 vox
1550 1353 1607 1383 est

897 1397 1027 1431 nihili:
1065 1397 1222 1431 barritus
1264 1402 1405 1438 autem,
1432 1396 1468 1430 id
1511 1397 1607 1442 quod

898 1445 998 1479 libris
1023 1444 1193 1478 Tacitinis
1216 1454 1288 1478 non
1328 1444 1496 1487 traditur,
1536 1454 1610 1479 non

899 1494 966 1528 fuit
993 1493 1248 1528 Germanorum
1275 1497 1422 1536 cantus,
1448 1492 1512 1527 sed
1536 1493 1609 1527 Ro·

899 1552 1082 1576 manorum
1118 1541 1274 1584 clamor,
1313 1552 1393 1575 cum
1432 1540 1611 1586 proelium

900 1591 1095 1636 ingressuri
1115 1594 1209 1632 suut,
1235 1589 1496 1634 posterioribus
1516 1594 1610 1624 tem·
1649 1627 1656 1634 ,

900 1639 1047 1683 poribus
1074 1639 1123 1671 ita
1161 1643 1330 1679 vocatur,
1366 1639 1569 1671 nominatus
1593 1649 1615 1672 a

903 1687 1059 1721 clamore
1085 1686 1281 1729 barrorum,
1309 1686 1344 1719 b.
1374 1697 1406 1720 e.
1437 1686 1616 1730 elephan-

903 1740 1030 1768 torum.
1087 1735 1261 1780 Vege-tius
1296 1733 1346 1768 ΙΙΙ
1382 1734 1449 1769 18:
1485 1734 1619 1768 elamor

904 1790 1019 1817 autem
1044 1794 1143 1826 quem
1171 1783 1343 1817 barritum
1367 1788 1496 1816 vocant
1514 1783 1617 1829 prius

903 1844 975 1865 non
1000 1831 1098 1864 debet
1120 1831 1248 1874 attolli,
1274 1842 1378 1876 quam
1402 1831 1499 1864 acies
1511 1836 1614 1865 utra-

909 1891 973 1924 que
997 1891 1033 1913 se
1058 1881 1225 1913 iunxerit.
1283 1880 1491 1912 Ammianus
1533 1879 1615 1913 xvl

909 1930 953 1963 12
978 1929 1014 1970 §.
1040 1928 1101 1969 43,
1129 1927 1239 1961 XXVI
1271 1928 1291 1962 7
1331 1928 1367 1969 §.
1407 1927 1464 1967 17,
1503 1927 1617 1961 xxxl

905 1977 924 2011 7
953 1977 990 2018 §.
1022 1978 1076 2009 11.
1104 1975 1175 2009 Iam
1207 1985 1287 2009 cum
1317 1985 1435 2020 neque
1460 1975 1619 2009 bar-ditus

906 2024 1087 2058 Gallorum
1114 2034 1238 2068 neque.
1262 2023 1416 2056 barritus
1438 2022 1620 2056 Romano..

904 2083 981 2105 rum
1008 2071 1093 2105 huic
1126 2071 1208 2105 loco
1246 2072 1463 2113 conveniat,
1502 2082 1620 2117 neque

905 2120 1114 2154 alterutrum
1129 2118 1345 2153 vocabulum
1359 2118 1483 2153 radice
1500 2119 1619 2153 Theo-

903 2169 1001 2202 disca
1028 2169 1172 2210 nitatur,
1201 2177 1280 2201 cum
1302 2172 1490 2211 praeterea
1510 2169 1620 2201 statui

905 2221 1062 2261 nequeat
1086 2226 1107 2249 a
1130 2217 1239 2249 variis
1255 2215 1510 2248 Germanorum
1527 2227 1621 2261 gen-

907 2264 1001 2297 tibus
1028 2268 1170 2297 cantum
1197 2262 1326 2306 proelii
1355 2272 1426 2295 uno
1469 2262 1619 2296 eodem-

906 2322 975 2356 que
1001 2313 1146 2344 nomine-
1174 2314 1339 2343 vocatum
1367 2320 1469 2351 esse,
1510 2311 1618 2343 etiam

906 2359 975 2392 hoe
1001 2362 1125 2391 notatu
1161 2357 1308 2402 dignum
1343 2357 1510 2399 videtur,
1547 2368 1619 2391 non

905 2407 983 2450 ipsa
1008 2407 1176 2447 carmina,
1204 2404 1268 2438 sed
1296 2406 1489 2438 carminum
1517 2405 1617 2439 rela-

906 2461 976 2487 tum
1004 2464 1047 2487 eo
1064 2454 1209 2487 nomine
1227 2458 1395 2486 vocatum
1422 2463 1515 2487 esse.
1542 2453 1618 2487 Ac-

907 2502 1003 2536 cedit
1028 2501 1124 2547 quod
1148 2501 1290 2535 Tacitus
1318 2501 1520 2535 huiusmodi
1546 2512 1612 2535 cu-

905 2550 1104 2583 riositatem
1131 2555 1166 2583 et
1192 2549 1388 2583 doctrinam
1411 2559 1513 2594 quani
1542 2560 1621 2582 ma-

906 2599 1000 2631 xime
1026 2604 1222 2632 aversatur.
1276 2597 1376 2639 Quae
1412 2602 1622 2642 argumenta

906 2657 961 2679 me
987 2650 1145 2688 movent,
1172 2650 1210 2678 ut
1236 2645 1347 2679 verba
1371 2656 1472 2688 quem
1498 2645 1620 2677 bardi-
1654 2669 1658 2671 .

906 2700 975 2727 tum
1009 2699 1137 2727 vocant
1180 2705 1201 2727 a
1236 2692 1432 2726 semidocto
1484 2691 1620 2725 lectore

905 2752 1011 2785 supra
1037 2752 1179 2775 versum
1202 2741 1402 2784 perantiqui
1432 2738 1616 2772 cuiusdam

906 2789 987 2823 libri
1017 2789 1170 2832 ascripta
1198 2799 1278 2822 esse
1305 2793 1341 2821 et
1367 2787 1451 2820 inde
1480 2797 1616 2831 purpu-

906 2847 966 2870 rae
994 2847 1146 2880 pannum
1174 2835 1381 2869 adhaesisse
1406 2838 1569 2868 statuam.

975 2912 1080 2951 prout
1107 2906 1221 2939 sonuit
1246 2906 1363 2940 acies.-
1405 2916 1491 2939 ecce
1518 2905 1612 2939 idem

905 2955 941 2988 in
971 2964 1082 2999 opere
1106 2954 1211 2988 simul
1242 2953 1338 2989 edito
1365 2952 1409 2987 de
1436 2954 1515 2989 acie
1540 2953 1613 2988 Ba-
