1768 3216
762 233 849 270 CA».
881 237 898 270 1
906 238 970 271 1-
977 237 1033 273 12.
1583 235 1655 270 183

158 345 279 401 Aper
301 349 565 403 increpabat,
611 354 765 392 tant-am
795 351 895 393 mihi
924 351 1116 393 adferunt
1147 352 1423 406 ¹voluptatem,
1466 355 1510 392 ut
1549 351 1656 395 inter

161 422 411 478 praecipuos
450 423 678 465 carminum
709 424 868 466 fructus
898 436 1111 467 numerem
1140 426 1251 479 quod
1287 436 1372 466 non
1402 426 1447 466 in
1484 424 1657 478 strepitu

163 507 244 538 nec
273 495 448 543 sedente
478 503 574 539 ante
603 499 754 541 ostium
785 498 996 554 litigatore
1027 511 1107 541 nec
1137 499 1246 540 inter
1277 499 1427 541 sordes
1458 497 1655 540 aclacri-

160 581 254 612 inas
283 581 450 612 reorum
482 576 806 626 componuntur,
847 572 922 614 sed
962 572 1122 614 secedit
1153 573 1313 614 animus
1345 573 1388 613 in
1415 572 1511 614 loca
1552 584 1655 626 pura

158 648 287 698 atque
316 645 570 698 innocentia,
603 646 833 700 fruiturque
850 640 1021 688 sedibus
1051 647 1199 687 sacris.
1248 645 1362 687 Haec
1394 646 1685 700 eloquentiaes

161 717 404 772 primordia,
438 719 542 761 haec
574 719 828 774 penetralia3
859 720 939 761 hoc
970 721 1143 774 primum
1166 720 1306 761 habitu
1323 720 1515 774 cultuque
1534 732 1655 762 com-

160 792 287 834 moda
314 793 555 835 mortalibus
586 794 628 835 in
659 793 728 836 illa
759 799 875 836 casta
905 799 946 836 et
975 794 1097 836 nullis
1129 798 1320 836 contacta
1351 794 1462 836 vitiis
1481 798 1653 848 pectora

161 866 350 920 influxit3
379 868 442 910 sic
468 869 637 910 oracula
666 869 955 923 loquebantur.
1016 870 1118 911 Nam
1143 869 1337 911 lucrosae
1353 869 1474 911 huius
1494 873 1535 910 et
1551 880 1655 910 san-

160 941 371 996 guinantis
411 942 675 996 eloquentiae
713 955 813 985 usus
853 955 1004 985 recens
1050 948 1090 984 et
1131 944 1251 985 malis
1291 943 1476 985 moribus
1518 947 1653 995 natus,

143 1018 284 1069 ⁴utque
313 1017 355 1056 'ut
384 1018 427 1057 tu
459 1016 647 1068 dicebas,
678 1016 807 1070 Aper,
855 1017 898 1057 in
928 1017 1065 1058 locum
1096 1015 1168 1058 teli
1198 1021 1399 1070 repertus.
1462 1016 1653 1059 Ceterum
1667 1021 1708 1057 ιο

161 1089 264 1132 felix
292 1089 391 1132 illud
423 1095 488 1143 et,
528 1095 572 1132 ut
616 1103 733 1133 more
775 1095 920 1133 nostro
962 1091 1136 1145 loquar,
1179 1099 1348 1132 aureum
1387 1090 1572 1132 seculum
1615 1095 1657 1132 et

161 1167 374 1206 oratorum
405 1169 446 1205 et
475 1164 691 1206 criminum
724 1165 858 1219 inops,
891 1165 1025 1219 poetis
1055 1168 1095 1206 et
1124 1165 1286 1206 vatibus
1303 1163 1554 1217 abundabat,
1588 1164 1656 1218 qui

160 1238 271 1280 hene
300 1238 410 1280 facta
436 1243 651 1290 canerent,
684 1251 768 1279 non
800 1239 868 1292 qui
898 1239 1005 1280 male
1038 1239 1221 1280 admissa
1240 1238 1526 1280 defenderent.
1568 1239 1656 1280 Nec

161 1312 255 1355 ullis
286 1316 356 1355 aut
385 1313 522 1367 gloria
553 1313 686 1354 maior
716 1317 786 1354 aut
805 1313 1023 1367 augustior
1039 1313 1188 1365 honor,
1219 1313 1394 1366 primum
1409 1312 1516 1366 apud
1536 1312 1653 1364 deos,

162 1393 336 1441 quorum
351 1386 543 1440 proferre
558 1399 763 1441 responsa
779 1391 819 1428 et
836 1388 1041 1428 interesse
1063 1386 1194 1440 epulis
1216 1386 1468 1438 serebantur,
1502 1385 1654 1427 deinde
1669 1395 1706 1426 ις

161 1460 271 1515 apud
301 1460 395 1502 illos
426 1461 490 1502 dis
519 1462 684 1516 genitos
710 1472 940 1514 sacrosque
971 1469 1118 1514 reges,
1157 1461 1265 1501 inter
1308 1472 1413 1513 quos
1449 1460 1654 1502 neminem

236 1608 268 1641 1.
292 1607 454 1654 increpat
479 1608 516 1641 1¹.
591 1611 626 1644 2.
654 1620 726 1642 non
750 1609 789 1642 in
814 1608 867 1642 FP
894 1609 956 1654 (de
981 1608 1006 1641 P
1032 1608 1121 1642 falsa
1146 1609 1285 1643 rettulit
1299 1609 1497 1655 Orellius):
1526 1620 1593 1642 nec
1617 1609 1655 1642 in

161 1659 303 1690 veteres
330 1655 518 1690 editiones.
602 1657 635 1690 3.
662 1657 810 1691 hostium
835 1657 874 1699 F,
900 1662 935 1690 et
960 1658 1078 1690 statim
1105 1657 1307 1691 lachrimas.
1376 1658 1412 1692 4.
1437 1657 1566 1691 secedit
1589 1667 1653 1690 su-

159 1705 344 1748 perposito
369 1703 456 1738 sedit
482 1703 520 1738 F.
660 1705 695 1739 6.
719 1706 934 1750 primordia,
974 1705 1062 1738 haec
1085 1705 1295 1749 penetralia.
1342 1705 1408 1738 hoc
1429 1706 1579 1750 primum
1603 1704 1653 1738 P:

159 1751 385 1797 penetratus,-
411 1750 478 1786 hoc
502 1762 557 1786 om
581 1752 607 1785 F
636 1753 842 1797 (Schrautio
872 1753 1054 1787 referente
1081 1753 1130 1786 ibi
1157 1753 1285 1787 desunt
1309 1753 1398 1786 haec
1421 1753 1651 1797 penetralia).

162 1801 196 1834 7.
225 1806 257 1834 et
280 1802 349 1835 ista
375 1801 515 1844 punctis
540 1799 682 1835 subnot.
710 1805 746 1834 et
770 1811 946 1844 superscr.
964 1801 1008 1834 ab
1035 1801 1199 1834 ahmanu
1219 1803 1256 1834 in
1282 1800 1346 1834 itta
1363 1801 1399 1834 P.
1492 1801 1525 1836 9.
1551 1802 1652 1836 malis

162 1848 187 1881 P
212 1853 249 1883 et
277 1852 422 1883 veteres
449 1848 647 1882 editiones:
685 1860 729 1882 ex
751 1849 853 1882 malis
879 1849 917 1883 F.
999 1850 1052 1883 13.
1079 1850 1232 1883 admissa
1257 1849 1300 1883 P:
1327 1848 1354 1882 F
1382 1849 1522 1883 arnissa.
1595 1850 1650 1884 14.

159 1896 252 1930 ullus
275 1895 313 1931 P.
410 1897 528 1940 ‚qloria
551 1908 627 1931 ‚nor
654 1923 663 1930 .
691 1923 698 1931 .
726 1902 788 1931 aut
812 1899 927 1941 spatio
956 1907 1069 1931 vacuo
1098 1899 1255 1943 quinque
1282 1898 1425 1931 circiter
1456 1897 1652 1931 litterarum

160 1944 288 1979 relicto
314 1944 360 1987 P,
397 1944 425 1979 F
457 1945 575 1991 gloria
598 1956 695 1979 more
720 1946 945 1991 superposito
973 1947 1079 1987 ’ion-e,
1124 1946 1186 1979 alii
1220 1946 1259 1978 in
1290 1957 1350 1979 ore
1385 1956 1465 1978 cum
1491 1945 1652 1980 defectus

162 1997 267 2027 nota:
294 1995 451 2028 correxit
465 1993 617 2038 Lipsius
693 1994 748 2028 15.
778 1994 904 2040 {ferre
933 1995 1150 2039 (praeferre)
1179 1993 1215 2027 P.
1323 1993 1377 2027 16.
1408 1994 1490 2027 istos
1516 1993 1577 2035 (ab
1604 1992 1650 2026 al.

159 2050 205 2075 m.
231 2050 410 2087 sapei-scr.
435 2036 514 2076 illos
540 2047 629 2076 etv.
658 2043 741 2076 istos
767 2043 908 2086 punctis
935 2042 1182 2088 subnotatum)
1213 2041 1249 2074 P.
1326 2041 1392 2074 diis
1418 2041 1453 2074 P.

234 2184 321 2230 Gap.
353 2186 409 2220 12⁶
442 2186 531 2220 haee
556 2187 772 2231 eloquentiae
795 2187 875 2232 pri-

163 2233 322 2267 morata.-
349 2233 566 2278 eloquentiae
590 2244 719 2269 nomen
746 2236 875 2268 iterum

163 2281 293 2316 latiore
324 2281 388 2315 iilo
429 2282 634 2326 significatu
678 2283 873 2326 usurpavit,

163 2328 209 2363 de
235 2340 304 2375 quo
330 2329 502 2362 monitum
528 2329 572 2363 ad
601 2341 631 2363 c.
664 2331 718 2364 10.

223 2377 403 2412 commoda
415 2377 618 2411 mortalibus
631 2389 642 2410 .-
669 2377 704 2410 h.
724 2387 755 2410 e.
774 2380 874 2420 grata

163 2426 243 2460 sive
270 2429 430 2469 accepta.

237 2475 277 2508 in
299 2473 365 2508 itta
391 2478 491 2507 casta
518 2478 549 2505 et
575 2471 682 2505 nullis
708 2477 874 2505 contacta

163 2522 257 2557 vitiis
279 2527 448 2568 pectora.-
490 2520 622 2554 similia
647 2519 691 2553 de
717 2520 875 2565 antiqui-

164 2572 248 2605 tatis
272 2575 431 2604 remotae
458 2567 613 2602 moribus
635 2570 741 2602 etiam
754 2569 875 2601 senior

164 2618 306 2653 Tacitus
333 2617 481 2662 protulit
505 2617 550 2650 111
576 2616 648 2651 26:
682 2616 874 2649 vetustissi-

166 2668 214 2701 ms'
241 2665 460 2707 mortalium,
498 2664 599 2700 nulla
634 2663 749 2696 adhuc
779 2664 874 2696 mala

165 2714 322 2755 libidine,
347 2714 423 2747 sine
445 2713 576 2758 probro
599 2711 743 2754 scelere,
770 2722 874 2756 eoque

165 2764 242 2798 sine
264 2772 382 2808 poena
405 2765 464 2795 aut
489 2761 756 2795 coercitionibus
788 2771 874 2806 ‹192-

168 2812 253 2846 bant
278 2814 346 2844 cet.

236 2860 290 2893 sic
324 2856 474 2891 oracula
506 2855 754 2902 10quebamur:
794 2866 876 2889 ora—

169 2907 250 2942 cula
275 2915 447 2950 responsa
473 2915 537 2940 sua
561 2904 723 2941 versibus
742 2914 877 2939 couce-

167 2960 240 3006 pta·
260 2953 425 2991 edebant.

1015 2186 1175 2220 lucrosae
1208 2186 1309 2219 huius
1341 2191 1372 2218 et
1407 2184 1653 2228 sanguinantis

944 2233 1185 2278 eloquentiae.-
1228 2234 1403 2267 lucrosam
1446 2231 1534 2265 dicit
1573 2230 1653 2264 elo-

944 2283 1123 2326 quentiam
1167 2292 1258 2326 quae
1297 2280 1388 2312 alios
1426 2277 1651 2312 defendendo

944 2331 1081 2374 magnis
1109 2328 1274 2372 praemiis
1300 2326 1463 2367 donatur,
1501 2326 1651 2370 sangni-

942 2381 1098 2417 nantem,
1126 2375 1158 2408 b.
1188 2386 1220 2408 e.
1243 2375 1418 2419 sanguine
1441 2378 1652 2414 manantem,

943 2434 1035 2468 quae
1064 2423 1286 2457 adversarios
1310 2421 1477 2461 incessit,
1506 2420 1551 2455 ad
1572 2421 1653 2454 exi-

943 2473 1030 2505 tium
1057 2470 1210 2505 adducit.
1260 2470 1347 2504 Nam
1374 2480 1437 2513 per
1462 2468 1551 2502 haec
1576 2468 1652 2502 Ma-

943 2525 1065 2554 ternus
1091 2518 1282 2563 respondet
1309 2519 1361 2552 eis
1390 2527 1480 2563 quae
1505 2527 1536 2550 c.
1560 2517 1581 2550 5
1608 2516 1651 2550 ab

942 2568 1038 2612 Apro
1067 2568 1104 2600 in
1130 2566 1271 2601 laudem
1301 2565 1529 2611 eloquentiae
1558 2563 1651 2597 dicta

944 2620 1055 2650 erant.

1014 2710 1108 2754 apud
1132 2708 1210 2741 illos
1236 2708 1287 2740 dis
1313 2707 1446 2751 genitos
1468 2713 1655 2747 sacrosque

944 2768 1069 2803 reyes.-
1098 2757 1387 2801 ὤση-βασιλεῖς,
1415 2762 1485 2785 non
1512 2751 1654 2795 τυράν-

945 2817 1048 2846 νους,
1084 2805 1237 2849 ideoque
1271 2800 1402 2835 adiecit
1438 2800 1490 2833 dis
1521 2798 1655 2844 yenitos

946 2853 1170 2899 (διογενεῖς)
1196 2859 1402 2892 sacrosque.-
1442 2857 1521 2881 nam
1555 2857 1655 2890 reyes

946 2900 1005 2934 ubi
1021 2900 1185 2934 absolute
1199 2898 1339 2932 Tacitus
1355 2896 1487 2940 posuit,
1512 2895 1654 2938 wpa‘r-
1702 2922 1704 2925 ,

946 2961 1038 2990 ιὀυς
1064 2947 1259 2994 cogitavit;
1286 2955 1320 2981 v.
1347 2946 1468 2979 annot.
1495 2941 1540 2979 nd
1561 2941 1604 2978 v1
1620 2943 1650 2977 1.
