1768 3216
175 228 266 266 ’.982
771 221 1082 259 HISTORIARVM
1478 231 1511 258 a.
1528 229 1576 258 'll-
1601 221 1686 260 822.

189 350 394 389 secretum
425 347 493 385 aut
523 342 706 384 clausum
738 340 945 394 sinebant,
974 341 1219 383 Vitellianos
1249 342 1452 386 occultari
1481 342 1687 385 simulan-

191 424 266 462 tes
310 418 470 459 Initium
503 415 540 456 id
569 415 957 470 perfringendarum
992 416 1186 458 domuum
1218 416 1299 469 vel,
1333 417 1368 459 si
1398 417 1682 471 resisteretur,

191 504 317 534 causa
363 489 527 540 caedis;
577 502 654 546 nec
696 475 865 548 deerat>
883 491 1176 546 egentissimus
1219 491 1394 555 quisque
1432 505 1456 534 e
1492 491 1615 546 plebe
1645 436 1768 589 eu}

182 564 351 619 pessimi
371 564 637 606 servitiorum
656 564 842 631 prodere,
859 565 968 607 ultro
997 566 1103 607 dites
1129 565 1344 608 dominos:
1375 565 1446 608 alii
1468 566 1519 608 ab
1539 579 1562 612 a
1607 578 1739 639 1⁰¹2„
1707 618 1768 638 Μ

152 639 533 682 smonstrabantur.
596 639 755 693 Ubique
796 640 975 682 lamenta
1019 640 1397 708 conclamationes,
1441 644 1482 683 et
1486 614 1685 707 “lb-rsya

182 716 324 767 captae
354 713 482 765 urbiS,
513 713 618 755 adeo
649 718 693 755 ut
726 713 950 756 Othoniani
983 713 1275 769 Vitellianique
1305 714 1445 757 militis
1477 715 1685 758 invidiosa

181 791 301 828 antea
344 786 569 841 petulantia
621 788 947 830 desideraretur.
1006 788 1144 831 Dmes
1190 789 1367 844 partium
1412 788 1685 833 accendendo

181 861 297 903 civili
337 862 448 902 bello
480 875 625 915 acres,
659 865 954 918 temperandae
986 865 1193 908 victoriae
1225 867 1432 920 impares:
1463 866 1613 921 quippe
1643 866 1686 908 in
1722 856 1729 865 '¹

179 937 319 978 turbas
352 942 391 979 et
422 937 658 980 discordias
691 940 874 993 pessimo
904 940 1054 994 cuique
1079 941 1254 995 plurima
1281 943 1368 992 vis3
1395 954 1478 996 pax
1497 945 1539 984 et
1563 942 1683 996 quies

6 1019 9 1022 ·
107 1011 299 1084 rebonis
331 1012 486 1054 artibus
518 1013 720 1069 indigent
774 1015 937 1058 Nomen
968 1016 1204 1078 sedemque
1212 1016 1406 1078 Caesaris
1424 1016 1726 1059 Domitianus2

179 1092 411 1141 ac,ceperat
445 1087 629 1131 nondum
660 1089 711 1131 ad
747 1102 869 1132 curas
902 1091 1098 1143 intentus,
1131 1091 1205 1133 sed
1236 1078 1389 1146 stupris
1409 1096 1449 1134 et
1466 1091 1683 1136 adulteriis

176 1161 301 1203 filium
331 1163 529 1216 principis
562 1164 746 1219 agebat.
790 1165 1057 1207 Praefectura
1100 1166 1301 1219 praetorii
1344 1177 1474 1220 penes
1515 1165 1684 1210 Arrium

177 1235 353 1289 Varum,
395 1249 552 1280 summa
588 1239 802 1292 potentiae
848 1240 891 1280 in
927 1240 1064 1281 Primo
1105 1241 1306 1282 Antonio.
1367 1240 1406 1282 Is
1456 1241 1678 1295 pecuniam

178 1310 456 1366 familiamque
499 1325 520 1353 e
554 1313 753 1368 principis
793 1314 917 1356 domo
964 1315 1082 1368 quasi
1116 1315 1444 1358 Cremonensem
1484 1315 1684 1370 praedam

127 1399 164 1429 15
177 1374 339 1440 rapere.
402 1388 538 1431 Ceteri
573 1389 776 1434 modestia
805 1389 872 1432 vel
907 1390 1169 1444 ignobilitate
1200 1395 1243 1431 ut
1274 1391 1316 1432 in
1349 1390 1460 1432 bello
1494 1390 1680 1444 obscuri,

178 1460 231 1501 ita
269 1462 548 1514 praemiorum
592 1468 801 1517 expertes.
862 1465 1017 1506 Civitas
1054 1465 1206 1518 pavida
1246 1469 1287 1506 et
1329 1465 1503 1508 servitio
1540 1469 1684 1519 parata

179 1537 377 1591 occupari
409 1538 651 1581 redeuntem
682 1539 910 1582 Tarracina
951 1540 1120 1582 Lucium
1159 1541 1367 1584 Vitellium
1399 1552 1492 1584 cum
1525 1541 1684 1593 cohor-

311 1681 345 1715 2.
374 1680 510 1715 domum
536 1681 608 1716 Μ3ε
638 1682 665 1716 G
689 1683 831 1718 dommi.
909 1685 945 1719 3
973 1695 991 1718 e
1020 1683 1127 1719 6Μ3·
1164 1696 1208 1719 ex
1233 1684 1464 1721 Puteolanus.

176 1727 271 1762 simis
297 1727 361 1771 Ma,
386 1731 540 1774 proximi
570 1730 609 1774 G,
638 1733 672 1765 in
701 1742 811 1778 marg.
837 1733 988 1777 pessimi.
1072 1734 1106 1768 5.

178 1776 386 1811 Vertrauius
411 1779 539 1822 forma.
600 1758 634 1814 7.
663 1780 817 1814 accendo
848 1779 921 1814 Ma·

175 1826 395 1872 iqnouititate
424 1826 489 1863 Μ3.
559 1829 613 1863 17.
639 1829 840 1863 tarracina
860 1828 925 1863 Ma.

1145 1735 1293 1779 fortuna
1329 1733 1379 1769 G:
1418 1733 1471 1769 Μ3
1504 1687 1683 1779 [οΐὶηζιῖεἶ

947 1780 974 1816 G
1000 1782 1237 1865 zccffadmdo'
1307 1783 1342 1819 8.
1371 1783 1444 1830 inp.
1472 1781 1538 1820 Μ3.
1623 1783 1679 1819 15.

178 1966 367 2000 avaritiam
403 1972 520 2001 autem
556 1969 634 2002 eius
673 1969 792 2004 locum
829 1980 894 2004 oc-

181 2023 343 2058 cupasse.

964 1975 1090 2015 captae
1129 1971 1227 2005 urbis
1258 1976 1340 2005 ante
1380 1971 1562 2008 declarata
1601 1977 1683 2007 est:

964 2030 1059 2053 nunc
1087 2029 1194 2061 vcro,
1232 2031 1310 2053 cum
1341 2031 1409 2064 pax
1434 2021 1598 2055 restituta
1625 2022 1684 2055 vi-

253 2054 432 2097 domumri:
458 2064 581 2098 domos
607 2065 757 2113 (Palais)
784 2067 894 2100 intel-

178 2111 253 2157 lige
285 2122 471 2156 procerum
506 2125 547 2147 ac
578 2114 726 2148 divitum
766 2116 894 2158 ledes;

178 2170 213 2194 v.
240 2166 360 2195 annot.
389 2161 431 2195 ad
461 2160 475 2194 I
502 2163 559 2196 73.
679 2175 744 2196 nec
774 2165 897 2198 deerat

178 2231 225 2239 .-
248 2209 418 2254 prodere:
459 2210 554 2244 conf.
586 2211 626 2244 Η.
657 2211 704 2245 111
731 2212 802 2247 58:
830 2224 896 2246 nec

179 2257 299 2291 deerat
323 2259 395 2303 ipse
422 2279 466 2285 —-
494 2258 633 2294 elicere.
673 2260 824 2295 Perinde
851 2262 892 2296 H.

176 2305 192 2341 1
217 2306 276 2348 36,
303 2306 351 2340 IV
381 2309 435 2342 11.

250 2354 405 2388 lamenta
444 2356 764 2391 conclamationes.-
807 2370 894 2391 con-

179 2402 407 2437 clamationes
432 2405 598 2451 intellige
636 2406 809 2440 clamores
837 2408 895 2440 vi-

179 2456 338 2495 ctorum,
373 2455 575 2497 conspectis
608 2455 808 2488 Vitellianis
835 2456 895 2490 vel

181 2500 456 2534 Vitellianorum
485 2503 606 2536 amicis
647 2505 706 2548 qui
734 2513 811 2536 cum
839 2504 895 2537 la·-

178 2550 308 2583 mentis
334 2549 564 2593 rapiebantur
589 2551 633 2584 ad
660 2551 827 2594 caedem,
855 2563 895 2586 se

179 2602 216 2632 et
241 2607 324 2631 suos
349 2598 624 2633 exhortantium.
653 2600 740 2633 Nam
758 2600 811 2632 sic
828 2610 896 2644 op-

178 2646 297 2691 posita
329 2652 590 2691 componuntur
625 2659 668 2682 ex
702 2658 801 2682 more
828 2648 896 2682 Ta-

181 2696 303 2730 citino.
347 2695 448 2738 Quod
475 2700 513 2729 ut
541 2696 616 2731 fieri
641 2697 783 2730 facilius
810 2707 897 2741 pos-

180 2745 247 2787 sit,
283 2749 457 2778 commate
481 2746 623 2779 seiunxi
662 2747 827 2791 opposita
853 2746 896 2779 ab

182 2794 366 2827 enuntiato
399 2793 655 2838 subsequente.

253 2843 398 2884 fortuna
425 2848 550 2887 captae
578 2843 699 2881 urbis.-
740 2843 898 2887 scriptu-

182 2899 255 2922 ram
282 2891 425 2934 fortuna
436 2890 622 2925 Ernestius
646 2891 682 2924 in
700 2890 793 2925 hunc
819 2901 899 2924 mo-

185 2936 266 2970 dum
303 2938 546 2984 impugnavit:
583 2941 740 2985 ‘fortuna
775 2946 898 2985 captae

185 2985 281 3020 urbis
306 2990 390 3021 ante
405 2985 607 3023 declarata‘.
637 2988 730 3026 Sane
758 2988 900 3024 fortuna

965 2068 1121 2110 deretur,
1149 2067 1264 2101 nihilo
1294 2069 1411 2102 minus
1438 2074 1564 2114 captae
1586 2070 1684 2104 urbis

965 2116 1141 2150 fortunam
1176 2116 1321 2150 durasse
1355 2128 1375 2151 a
1416 2119 1590 2163 scriptore
1619 2129 1685 2153 ex-

965 2166 1131 2209 positum.
1182 2165 1334 2199 Medicei
1364 2167 1539 2210 scriptura
1565 2169 1685 2212 fortu-

965 2225 1034 2247 nae
1066 2223 1174 2258 prava
1213 2213 1473 2250 assimilatione
1506 2216 1542 2249 in
1580 2216 1684 2260 peius

966 2262 1058 2296 flexa
1084 2266 1138 2295 est
1167 2261 1212 2295 ob
1239 2273 1394 2307 sequens
1421 2269 1558 2309 captae.
1598 2261 1701 2298 Mire¹

966 2309 1172 2344 Waltherus
1205 2316 1240 2344 et
1267 2311 1458 2357 pedisequi
1495 2312 1686 2358 opinantur

969 2360 1130 2393 fortunas
1156 2359 1253 2393 urbis
1273 2360 1446 2395 vindicari
1473 2371 1581 2406 posse
1599 2372 1685 2396 ver-

968 2408 1022 2441 bis
1055 2407 1241 2441 Ciceronis
1276 2418 1338 2452 pro
1366 2409 1471 2444 Rosc.
1504 2410 1584 2444 Am.
1616 2411 1684 2446 20:

965 2462 1002 2489 ut
1027 2461 1148 2501 postea
1174 2458 1348 2490 neminem
1372 2457 1482 2492 alium
1510 2459 1582 2492 nisi
1602 2460 1686 2516 for—

968 2510 1071 2537 lunas
1114 2510 1247 2537 vestras
1297 2516 1469 2539 accusare
1513 2507 1653 2552 possitis
1676 2520 1685 2550 3

968 2557 1050 2596 post
1075 2551 1150 2586 red.
1177 2554 1213 2585 in
1239 2558 1366 2587 senatu
1397 2553 1599 2589 14.1›0nos
1629 2556 1685 2589 vi-

967 2612 1027 2634 ros
1075 2601 1193 2646 lugere
1232 2602 1342 2635 malui
1389 2614 1483 2636 meas
1523 2605 1686 2647 fortunas

968 2660 1071 2693 quam
1087 2650 1158 2683 suis
1176 2649 1375 2696 desperare.
1402 2651 1550 2686 Scilicet
1565 2653 1686 2698 priore

969 2698 1050 2731 loco
1077 2698 1120 2731 de
1147 2698 1310 2742 pluribus
1338 2699 1496 2745 loquitur
1527 2705 1563 2735 et
1586 2706 1687 2736 recte

968 2748 1069 2790 ponit
1094 2748 1281 2791 fortunas,
1309 2748 1424 2782 altero
1448 2760 1544 2783 meas
1568 2751 1686 2795 fortu-

968 2806 1034 2829 nas
1061 2797 1344 2831 accommodavit
1378 2798 1550 2842 proximis
1586 2809 1689 2844 quam

970 2845 1040 2876 suis
1067 2843 1265 2889 desperare
1318 2846 1449 2890 Atque
1477 2845 1547 2880 hoc
1571 2845 1686 2890 licuit,

970 2893 1053 2936 quia
1078 2893 1214 2938 cogitat
1254 2892 1299 2927 de
1331 2895 1441 2927 variis
1477 2895 1575 2930 vitae
1600 2905 1687 2929 suae

970 2940 1131 2974 casibus:
1170 2940 1234 2976 sed
1266 2950 1361 2976 nunc
1393 2942 1437 2977 de
1473 2948 1571 2984 certa
1595 2953 1687 2990 qun-

970 2988 1048 3024 dam
1076 2988 1219 3025 fortuna
1245 2997 1363 3026 sermo
1391 2995 1456 3026 est.
