1768 3216
101 1012 140 1044 10

160 209 234 248 128

771 205 1037 246 AGRICOLAE

1437 216 1471 242 a.
1499 215 1533 241 u.
1561 204 1646 243 837.

157 324 256 368 Mox
286 323 338 365 ob
365 333 510 376 aquam
542 325 664 376 atque
693 324 886 367 utensilia
913 325 1108 379 separati,
1141 336 1233 367 cum
1253 324 1463 379 plerisque
1481 325 1651 369 Britan-

158 411 306 442 norum
329 410 404 441 sua
427 397 731 440 defensantium
761 399 922 454 proelio
954 400 1189 455 congressi,
1219 412 1268 442 ac
1305 411 1432 454 saepe
1448 400 1647 453 victores,

159 472 378 527 aliquando
409 473 530 527 pulsi,
561 485 611 516 eo
638 474 688 516 ad
716 478 944 517 extremum
974 475 1140 530 inopiae
1156 488 1312 518 venere
1341 479 1386 517 ut
1414 474 1651 518 infirmissi-

155 560 247 591 mos
265 560 447 603 suorum,
481 561 578 591 mox
596 553 710 592 sorte
741 550 887 593 ductos
907 555 1192 593 vescerentur.
1227 550 1364 605 Atque
1381 548 1651 593 circumvecti

124 623 424 678 ⁵Britanniam,
457 625 621 667 amissis
652 637 727 679 per
756 625 960 667 inscitiam
992 625 1171 681 regendi
1196 626 1388 679 navibus,
1419 637 1495 681 pro
1525 637 1653 680 prae-.-

160 700 338 743 donibus
369 701 527 750 habiti,
571 701 746 755 primum
780 714 804 744 a
835 701 1011 755 Suevis,
1062 714 1160 744 mox
1189 716 1212 744 a
1251 702 1395 744 Frisiis
1432 701 1652 756 intercepti

156 781 264 820 sunt.

326 777 390 818 Ac
421 776 540 819 suere
570 788 674 830 quos
704 789 779 831 per
811 777 1062 819 commercia
1093 777 1380 831 venundatos,
1431 781 1471 819 et
1500 777 1544 819 in
1570 787 1653 818 no-

157 855 284 896 stram
314 862 447 905 usque
484 851 615 904 ripam
652 851 878 894 mutatione
919 851 1141 894 ementium
1183 851 1411 905 adductos,
1454 850 1652 894 indicium

156 926 260 970 tanti
292 938 414 969 casus
435 925 679 968 inlustravit.

295 1001 417 1042 Initio
450 999 619 1042 aestatis
650 998 851 1054 Agricola
883 999 1114 1042 domestico
1158 999 1331 1042 vulnere
1370 999 1498 1052 ictus,
1543 1009 1651 1041 anno
1665 996 1722 1035 29

855 1074 984 1123 Quem
1023 1087 1163 1117 casum
1207 1087 1343 1128 neque
1382 1079 1426 1116 ut
1467 1074 1654 1128 plerique

161 1079 256 1118 ante
286 1079 424 1118 natum
466 1074 590 1116 filium
634 1073 782 1116 amisit.

159 1151 328 1194 fortium
358 1149 542 1192 virorum
574 1148 808 1204 ambitiose,
841 1161 977 1202 neque
1006 1161 1081 1202 per
1111 1149 1290 1191 lamenta
1307 1161 1451 1191 rursus
1469 1162 1518 1191 ae
1535 1161 1655 1191 mae-

158 1237 300 1268 rorem
333 1224 588 1266 muliebriter
625 1223 727 1264 tulit.

802 1223 853 1264 Et
897 1223 938 1263 in
976 1223 1087 1265 luctu
1127 1223 1278 1266 bellum
1322 1225 1431 1266 inter
1469 1223 1655 1267 remedia

161 1303 262 1342 erat.
324 1298 454 1354 Igitur
483 1298 716 1353 praemissa
750 1297 910 1351 classe,
957 1310 1062 1351 quae
1092 1298 1276 1352 pluribus
1313 1299 1419 1341 locis
1456 1297 1655 1353 praedata

240 1468 270 1502 1.
297 1465 338 1500 ob
369 1476 497 1511 aquam
522 1470 624 1509 atque
653 1464 820 1499 utensilia
843 1465 1011 1510 separati,
1054 1476 1131 1499 cum
1160 1466 1298 1500 editor:
1329 1465 1376 1499 ad
1401 1476 1529 1510 aquam
1553 1470 1654 1510 atque

157 1521 195 1550 ut
221 1515 286 1550 illa
310 1517 421 1561 raptis
448 1525 563 1548 secum
588 1515 669 1556 ΓΛ,
708 1513 776 1547 hac
802 1519 904 1558 atque
939 1512 1004 1546 illa
1038 1515 1154 1560 rapti,
1188 1521 1219 1549 et
1245 1526 1322 1548 cum
1343 1513 1519 1560 plerisque
1546 1514 1655 1548 tacite

158 1563 362 1599 Rhenanus.
414 1565 448 1599 2.
469 1561 523 1596 ‘ut
547 1573 611 1596 sua
635 1562 732 1606 puto'
758 1561 973 1606 Pomponius
1000 1562 1127 1596 Laetus
1153 1564 1188 1596 in
1215 1574 1287 1608 mg.
1304 1565 1337 1597 Γ.
1391 1563 1426 1597 4.
1454 1568 1555 1607 atque
1581 1563 1656 1598 cir-,-

161 1613 331 1647 cumuecci
358 1613 413 1647 T:
452 1617 553 1656 atque
579 1611 631 1644 ita
656 1611 872 1646 cii-cunnecti
898 1610 1126 1645 Puteolanus.

671 1659 725 1694 14.
751 1659 962 1708 praedatam
992 1662 1031 1695 Γ.

162 1663 217 1696 11.
243 1673 309 1696 nec
333 1681 379 1687 —-
407 1671 472 1694 nec
500 1662 543 1695 A.

159 1806 235 1829 cam
263 1795 376 1839 ripam
404 1798 463 1827 aut
489 1793 531 1827 ad
554 1793 746 1839 Belgarum
769 1792 875 1826 litora

159 1843 271 1877 delati
297 1847 434 1885 essent,
461 1841 504 1876 ad
531 1842 668 1877 Suevos
695 1847 730 1875 et
753 1841 873 1886 Albim

157 1891 258 1926 nullo
286 1891 389 1925 modo
420 1891 612 1935 pervenire
635 1891 847 1935 potuissent.

229 1998 310 2020 mox
337 1987 378 2020 ob
405 1997 532 2032 aquam
568 1993 669 2032 atque
709 1986 875 2020 utensilia

159 2036 337 2081 separati:
365 2046 409 2068 ex
435 2036 597 2069 codicum
623 2036 788 2080 vestigiis
809 2046 873 2068 ra-

158 2085 226 2130 ptis
251 2095 414 2126 se-cum,
459 2095 550 2129 quae
582 2094 637 2117 me
672 2083 792 2116 iudice
839 2084 875 2116 in

160 2143 307 2177 pravum
335 2132 457 2176 elapsa
483 2137 588 2174 sunt,
615 2132 749 2165 rectius
776 2131 874 2164 ordi-

160 2183 253 2215 natis
277 2180 315 2213 fit
349 2182 530 2226 separati,
568 2192 645 2214 cum
671 2185 740 2214 cet.
800 2179 876 2212 Hoc

160 2240 284 2263 verum
307 2239 387 2263 esse
426 2241 470 2264 ex
501 2229 621 2263 verbis
650 2228 876 2272 subsequen-

160 2278 255 2311 tibus
280 2278 495 2322 perspicitur
521 2277 656 2321 alioqui
676 2276 781 2320 plane
808 2276 876 2309 ob-

160 2327 286 2369 scuris,
314 2326 394 2360 dico
417 2327 568 2372 primum
596 2337 618 2358 a
637 2326 771 2367 Suevis,
798 2336 877 2357 mox

162 2386 185 2408 a
211 2374 333 2409 Frisiis
358 2374 543 2420 intercepti
576 2380 666 2407 sunt.
730 2373 879 2408 Scilicet

162 2433 243 2467 pars
283 2428 467 2466 separatae
514 2422 670 2456 cohortis
712 2422 748 2455 in
787 2422 877 2455 ostia

161 2470 265 2506 Albis
294 2469 406 2513 fluvii,
434 2481 513 2514 pars
539 2471 575 2503 in
602 2471 773 2503 Amisiam
799 2474 878 2503 aeta

162 2524 228 2554 est.
255 2518 312 2553 llli
339 2530 359 2552 a
386 2519 526 2560 Suevis,
557 2518 591 2551 hi
620 2529 638 2551 a
665 2518 788 2552 Frisiis
815 2519 874 2551 in-

160 2567 314 2612 tercepti
339 2572 431 2600 sunt.
483 2567 549 2600 Pro
579 2566 626 2599 ad
653 2567 779 2610 scripsi
806 2567 877 2608 ob,-

161 2615 252 2650 illud
282 2615 512 2650 substitutum
532 2624 612 2648 esse
633 2614 752 2657 credo,
776 2619 878 2658 post-

161 2674 266 2710 quam
291 2664 404 2709 raptis
437 2673 499 2708 pro
534 2663 691 2708 separati
729 2664 765 2696 in
792 2674 877 2696 ver-

161 2713 286 2747 borum
313 2717 519 2746 contextum
545 2712 687 2745 invasit.
738 2712 875 2756 Aquam

162 2762 288 2805 accipe
326 2772 394 2806 qua
421 2761 557 2795 sistitur
590 2761 688 2802 sitis,
728 2771 772 2793 ex
795 2759 877 2792 Bri-

162 2810 306 2843 tanniae
334 2810 420 2844 rivis
450 2808 651 2854 petendam.
689 2808 878 2842 Praeterea

164 2868 210 2892 ex
245 2863 283 2891 ut
324 2857 390 2891 itta
435 2858 543 2891 elicio
581 2856 734 2899 ute'illa‚
793 2856 877 2889 hinc

162 2905 353 2949 utensilia,
382 2906 416 2940 h.
448 2917 479 2940 e.
512 2905 651 2940 cibaria
676 2905 720 2939 ad
746 2904 876 2938 sedan-

164 2953 244 2990 dam
269 2954 420 2999 famem,
461 2954 504 2990 de
531 2964 600 3002 quo
626 2952 803 2991 vocabulo
842 2963 877 2991 v.

1259 1611 1293 1646 6.
1317 1613 1432 1657 primo
1460 1611 1538 1645 dum
1566 1621 1589 1644 a
1613 1611 1655 1644 Δ.

942 1793 985 1827 ad
1012 1793 1025 1826 l
1053 1793 1099 1828 70
1130 1797 1165 1826 et
1194 1791 1237 1826 111
1268 1793 1325 1827 52.
1382 1791 1659 1837 Bezzenberger

941 1842 1096 1877 tentavit
1122 1842 1168 1874 ad
1193 1852 1321 1885 aquam
1348 1846 1449 1886 atque
1475 1839 1579 1874 utilia
1604 1840 1658 1874 di·-

943 1890 1032 1936 lapsi
1060 1896 1092 1924 et
1118 1901 1206 1932 cum,
1225 1889 1453 1923 Heinischius
1468 1888 1516 1922 ad
1532 1899 1660 1933 aquam

943 1945 1046 1983 atque
1079 1939 1182 1972 utilia
1221 1943 1359 1984 raptum
1387 1939 1465 1980 ire,
1501 1942 1534 1971 et
1568 1948 1657 1980 cum,

943 1986 1198 2020 Doederlinius
1222 1998 1303 2020 mom
1329 1987 1375 2020 ad
1388 1997 1515 2031 aquam
1529 1986 1660 2031 egressi

945 2041 1046 2079 atque
1072 2036 1106 2068 vi
1142 2035 1217 2068 alia
1257 2041 1439 2080 raptante-s
1473 2045 1549 2068 cum
1579 2033 1656 2080 ple·

945 2084 1060 2127 risque
1089 2087 1157 2116 cet.

1018 2159 1110 2188 sorte
1138 2154 1256 2187 ductos
1284 2158 1533 2187 vescerentur.-
1563 2153 1659 2186 anti-

947 2213 1016 2248 que
1043 2202 1285 2236 accusativum
1312 2202 1428 2235 iunxit
1452 2211 1531 2235 cum
1548 2200 1659 2235 verbo

946 2252 1059 2294 vesci,
1086 2261 1157 2284 non
1184 2255 1323 2285 sextum
1351 2260 1491 2293 casum,
1518 2260 1564 2283 ne
1590 2248 1660 2282 duo

950 2299 1099 2333 ablativi
1123 2305 1215 2333 sorte
1234 2299 1344 2333 ductis
1369 2299 1510 2344 ingrate
1528 2302 1563 2332 et
1581 2307 1661 2332 mo-

946 2347 1038 2382 leste
1066 2352 1333 2382 concurrerent.

1033 2418 1118 2463 Cap.
1146 2418 1205 2454 29.
1256 2424 1293 2452 ut
1328 2418 1485 2464 plerique
1517 2418 1661 2463 fortium

946 2469 1126 2503 virorum.-
1150 2466 1261 2500 fortes
1287 2468 1355 2500 viri
1384 2466 1418 2500 h.
1437 2466 1461 2501 l.
1491 2470 1573 2500 sunt
1590 2467 1661 2499 mi..

947 2515 1071 2549 litares
1090 2519 1125 2548 et
1139 2514 1357 2548 fortitudinis
1371 2523 1559 2548 memores.
1584 2513 1661 2547 Eo-

946 2574 1023 2597 rum
1049 2563 1143 2597 bona
1161 2573 1241 2607 pars
1267 2563 1455 2610 (plerique)
1471 2572 1573 2597 casus
1590 2561 1661 2595 hu-

947 2621 1070 2646 manos
1096 2613 1145 2645 ita
1169 2611 1264 2645 ferre
1289 2610 1426 2654 solent,
1453 2615 1492 2644 ut
1518 2611 1661 2655 patien-

947 2662 1019 2695 tiae
1049 2665 1084 2695 et
1111 2659 1332 2694 constantiae
1349 2659 1520 2693 honorem
1546 2669 1662 2704 quae-

946 2714 1034 2743 rant.

1029 2757 1185 2802 eaepedito
1225 2757 1381 2791 exercitu
1399 2767 1411 2789 .·
1460 2756 1586 2799 copiae
1625 2758 1662 2788 et

947 2806 1202 2849 impedimenta
1257 2805 1371 2839 classe
1415 2803 1658 2846 vehebantur,

947 2855 1040 2887 uude
1067 2855 1246 2888 exercitus
1272 2858 1449 2897 tamquam
1479 2852 1524 2886 ad
1543 2861 1661 2896 ,proe-

949 2901 1035 2935 lium
1062 2902 1239 2947 proficisci
1266 2903 1394 2947 potuit.
1449 2898 1503 2935 cf.
1531 2899 1579 2936 G.·
1600 2900 1658 2936 30.
