1768 3216
150 205 222 248 120
763 199 1026 240 Aemcomu
1116 184 1141 217 ’ἓ

285 324 444 367 Tertius
465 319 773 375 expeditionum
795 333 926 364 annus
946 332 1077 364 novas
1097 323 1246 377 gentes
1267 321 1442 375 aperuit,
1459 322 1715 375 rva'statis2'2

151 411 281 454 usque
311 399 362 440 ad
392 398 518 457 Taum
551 397 782 448 (aestuario
814 409 966 439 nomen
998 401 1082 451 est)
1110 396 1362 439 nationibus.
1435 396 1525 446 Qua
1555 397 1648 440 for-

151 474 306 516 midine
335 458 471 514 territi
510 472 653 514 hostes
702 475 960 528 quamquam]
992 471 1272 514 conflictatum
1308 472 1446 514 saevis
1485 475 1649 527 tempe·-

150 548 323 591 statibus
356 547 585 590 exercitum
618 548 831 590 lacessere
861 559 946 589 non
985 547 1075 590 ausi
1087 562 1098 599 3
1143 546 1433 601 ponendisque
1480 546 1650 601 insuper

120 623 332 665 ⁵castellis
364 622 539 677 spatium
583 622 669 663 fuit.
741 622 1009 664 Adnotabant
1050 621 1172 676 periti
1211 633 1297 663 non
1337 620 1460 663 alium
1500 621 1649 664 ducem

153 697 482 752 opportunitates
513 696 702 738 locorum
729 697 956 751 sapientius
979 697 1159 752 legisse3
1191 696 1345 738 nullum
1372 696 1424 738 ab
1449 695 1652 752 Agricola

151 773 328 828 positum
359 771 576 814 castellum
610 776 679 813 aut
717 773 758 813 vi
804 772 983 814 hostium
1027 775 1305 827 expugnatum
1347 775 1416 813 aut
1453 771 1649 826 pactione

155 860 204 889 ac
235 848 332 902 suga
367 847 590 889 desertum.
653 847 837 888 Crebrae
870 847 1132 901 eruptiones:
1164 859 1259 889 nam
1290 846 1492 889 adversus
1509 857 1649 888 moras

87 913 94 955 ἶ
154 921 389 963 obsidionis
421 922 568 963 annuis
601 921 732 975 copiis
761 921 1041 963 firmabantur.
1089 921 1148 963 lta
1180 921 1388 974 intrepida
1417 921 1476 962 ibi
1505 919 1650 973 hiems,

102 1002 140 1034 10
154 1000 194 1037 et
220 996 301 1038 sibi
332 995 505 1050 quisque
534 995 761 1050 praesidio,
794 996 929 1037 inritis
958 996 1147 1038 hostibus
1166 1007 1300 1050 eoque
1319 995 1651 1049 desperantibus,

155 1070 249 1124 quia
285 1070 397 1112 soliti
426 1070 668 1124 plerumque
701 1071 850 1112 damna
882 1071 1051 1112 aestatis
1082 1070 1268 1112 hibernis
1300 1069 1516 1128 eventibus
1544 1081 1653 1123 pen-

155 1155 250 1186 sare
279 1148 364 1185 tum
396 1148 555 1186 aestate
589 1149 710 1198 atque
740 1145 878 1186 hieme
899 1145 1010 1186 iuxta
1028 1144 1300 1198 pellebantur.
1341 1143 1430 1186 Nec
1451 1142 1653 1198 Agricola

156 1231 336 1273 unquam
364 1232 440 1273 per
469 1219 574 1261 alios
607 1221 727 1274 gesta
758 1219 904 1261 avidus
936 1219 1179 1273 intercepit:
1222 1230 1299 1261 seu
1330 1218 1544 1271 centurio,
1577 1229 1653 1260 seu

308 1353 342 1386 2.
375 1350 530 1384 Tanaum
555 1352 590 1386 Δ
605 1375 615 1393 ,
664 1350 818 1384 Tanaum
843 1351 998 1395 ascripto
1030 1351 1136 1384 Taum
1161 1351 1197 1383 in
1226 1350 1388 1395 margine
1413 1349 1587 1384 interiore
1612 1351 1651 1392 Γ,

154 1400 214 1444 qui
242 1400 277 1433 in
306 1399 483 1433 exteriore
515 1398 570 1432 Ta
582 1410 631 1432 us
657 1400 728 1432 sive
759 1398 847 1432 Tan
859 1410 950 1432 aus.
1033 1399 1065 1433 5.
1095 1398 1263 1444 castelh's]
1293 1398 1369 1432 tetis
1394 1397 1509 1432 codex
1534 1397 1652 1431 Ursini

154 1452 190 1481 et
214 1458 285 1493 mg.
313 1450 350 1482 Γ.
479 1447 511 1481 7.
538 1453 581 1482 -ιιῖ
602 1446 832 1481 Puteolanus.
931 1446 966 1481 8.
998 1453 1059 1481 aut
1084 1449 1171 1493 fuya
1197 1448 1239 1482 Δ.
1315 1456 1432 1480 moras
1461 1445 1652 1491 eruptionis

154 1495 354 1537 obsidionis,
381 1506 415 1528 v.
446 1495 637 1539 eruptionis
662 1496 803 1539 punctis
829 1494 1033 1538 subnotato,
1061 1497 1099 1530 Γ.
1155 1496 1209 1529 11.
1235 1494 1351 1538 soluti,
1378 1493 1446 1527 litt.
1473 1506 1496 1528 u
1516 1498 1649 1538 puncto

152 1543 341 1578 subnotata
372 1547 407 1577 et
432 1553 606 1588 superscr.
633 1544 658 1586 i,
685 1545 723 1578 Γ.
805 1544 859 1579 13.
887 1543 1023 1577 avidius
1048 1545 1092 1579 Δ.

149 1666 285 1705 tumque
308 1660 464 1706 patrium
492 1659 677 1701 resumite,
704 1658 860 1705 abruptis

148 1709 403 1755 voluptatibus,
445 1707 563 1751 quibus
599 1708 753 1742 Roman-i
783 1706 862 1753 plus

149 1758 315 1791 adversus
341 1756 511 1791 subiectos
542 1766 645 1800 quam
672 1756 781 1790 armis
794 1766 861 1789 va-

149 1805 233 1840 lent.

224 1875 310 1920 Cap.
337 1877 395 1911 22.
423 1885 533 1909 novas
558 1879 677 1919 yentes
701 1874 861 1919 aperuit:

149 1925 294 1957 nomina
333 1933 452 1956 earum
503 1923 685 1956 recensuit
734 1923 770 1955 in
821 1932 863 1955 ea

149 1976 250 2015 parte
277 1970 530 2012 Historiarum,
574 1980 643 2014 qua
668 1969 734 2002 Titi
761 1970 863 2013 prin-

152 2020 307 2062 cipatum
342 2023 376 2051 et
413 2028 470 2051 res
511 2023 594 2051 tuuc
631 2022 751 2060 gestas
785 2027 863 2050 am-

149 2066 278 2110 plexus
307 2070 382 2098 est:
410 2075 504 2098 nunc
530 2065 591 2098 ubi
617 2065 725 2098 vitam
753 2065 863 2110 Agri-

153 2114 255 2147 colae
274 2117 411 2155 narrat,
445 2124 488 2146 ex
514 2114 591 2156 ipsa
615 2122 734 2145 rerum
762 2113 866 2155 copia

151 2162 295 2195 nonnisi
329 2161 481 2195 maxime
523 2161 727 2195 necessaria
759 2159 864 2193 delc-

179 2210 216 2242 it.

153 2221 176 2255 g
225 2257 372 2290 vastatis
397 2267 502 2300 usque
527 2256 574 2290 acl
607 2256 712 2290 Taum
732 2276 777 2283 —-
795 2266 865 2289 mt-

151 2305 317 2339 tionibus:
362 2304 448 2338 Taus
476 2309 529 2337 est
554 2304 641 2348 fritlz
668 2306 711 2349 of
733 2304 801 2348 Tay
828 2305 865 2337 in

152 2352 358 2386 Caledonia.
424 2352 527 2396 Apud
552 2352 797 2386 Ptolemaeum
834 2352 865 2386 11

150 2402 173 2435 3
199 2401 242 2434 5:
276 2400 403 2435 Ταούα
439 2403 625 2444 εἴσχυσις.
679 2399 732 2434 Cf.
763 2400 865 2434 Man-

150 2449 245 2482 nerti
272 2447 474 2492 Geograph.
503 2448 718 2482 Graecorum
734 2452 769 2481 et
789 2448 864 2481 Ro..

151 2505 335 2529 manorum
374 2494 406 2528 ΙΙ
445 2497 468 2530 2
515 2506 549 2538 p.
584 2496 641 2531 60.
693 2495 864 2529 Nimirum

150 2542 322 2588 Agricola
356 2542 424 2575 hac
460 2547 596 2576 aestate
632 2543 741 2588 longe
778 2553 863 2587 pro-

152 2591 262 2624 cessit
286 2591 323 2623 in
349 2591 654 2633 septentrionem,
680 2592 730 2624 ita
756 2597 794 2624 ut
820 2593 863 2625 ad

151 2639 310 2673 dextram
358 2638 436 2672 sive
477 2637 689 2672 orientalem
726 2644 862 2682 partem

150 2687 290 2720 insulae
317 2687 513 2720 exercitum
540 2686 699 2720 duceret.
733 2686 868 2721 Simul-

151 2739 257 2779 atque
281 2733 324 2767 ad
337 2733 542 2768 Bodotriam
555 2735 657 2779 (frith
684 2735 725 2779 of
745 2734 866 2780 For-tlt)

151 2783 401 2824 pervenisset,
450 2787 510 2816 aut
557 2781 671 2817 classe
716 2781 866 2816 militem

150 2830 348 2863 transvexit
377 2829 442 2875 (cf.
482 2835 602 2864 annot.
639 2830 683 2864 ad
715 2841 744 2864 c.
785 2831 865 2876 25),

153 2881 213 2910 aut
241 2877 284 2911 ad
308 2877 486 2911 sinistram
525 2877 663 2913 inflexit
689 2882 724 2913 et
748 2878 864 2912 sinum

152 2923 254 2959 illum
301 2925 500 2969 circumiit,
551 2931 626 2962 tum
674 2927 719 2963 ad
757 2925 865 2962 Taum

933 1660 1105 1704 pervasit.
1133 1659 1187 1693 De
1214 1658 1324 1693 fluvio
1357 1659 1476 1693 Tweed
1499 1659 1536 1693 in
1559 1668 1651 1693 con-

935 1708 1030 1742 finiis
1056 1708 1198 1742 Scotiae
1231 1712 1267 1741 et
1289 1707 1446 1754 Angliae
1482 1707 1545 1741 alii
1578 1716 1650 1741 non

935 1757 1030 1790 bene
1059 1756 1285 1802 cogitarunt:
1312 1757 1342 1789 is
1370 1757 1464 1789 enim
1478 1765 1549 1789 non
1569 1760 1652 1800 apte

930 1805 1048 1848 potuit
1073 1804 1247 1849 appellari
1273 1804 1500 1839 aestuarium.
1557 1803 1665 1839 Ver?

931 1853 1015 1886 bum
1047 1853 1192 1887 vastatis
1229 1863 1249 1886 a
1281 1857 1376 1886 terra
1409 1852 1452 1886 ad
1486 1852 1651 1898 nationes

931 1901 1141 1934 translatum
1171 1899 1321 1944 perinde
1351 1901 1425 1934 xtv
1450 1901 1510 1944 38,
1528 1900 1588 1935 XV
1617 1902 1647 1935 1.

1006 2020 1268 2063 conflictatum.-
1297 2019 1338 2053 H.
1366 2018 1414 2052 111
1443 2019 1515 2054 59:
1543 2019 1652 2063 foeda

933 2067 1044 2100 hieme
1067 2078 1134 2112 per
1161 2067 1347 2100 transitum
1366 2066 1548 2112 Apennini
1562 2078 1651 2100 con-

931 2116 1082 2159 {lictatus
1109 2116 1294 2148 exercitus.
1346 2114 1392 2148 VI
1429 2115 1497 2148 51:
1533 2114 1651 2148 multis

934 2163 1080 2196 aemulis
1106 2164 1324 2207 conflictatus
1353 2167 1413 2196 cst.
1468 2161 1543 2196 Hoc
1569 2162 1650 2197 loco

936 2212 1171 2255 conflictatum
1198 2210 1292 2244 idem
1319 2210 1524 2256 significare
1558 2210 1652 2255 quod

935 2259 1192 2303 conflictantem
1218 2268 1291 2292 non
1318 2263 1417 2292 recte
1443 2258 1533 2292 dixit
1546 2258 1648 2292 Wal-

935 2306 1050 2341 chius.

1007 2376 1225 2410 adnotabant
1249 2377 1374 2421 periti.-
1403 2376 1448 2411 cf.
1477 2378 1519 2411 H.
1547 2377 1578 2412 11
1603 2378 1649 2414 37

936 2429 972 2458 et
1002 2430 1123 2458 annot.
1151 2424 1195 2458 ad
1219 2424 1282 2458 th
1308 2426 1367 2460 25.
1635 2423 1637 2426 ⁴

1018 2495 1164 2528 crebrae
1201 2495 1422 2539 eruptiones:
1458 2506 1541 2528 nam
1582 2496 1650 2529 ad-

933 2553 1051 2576 versus
1073 2563 1118 2568 —
1134 2543 1386 2586 firmabantur.-
1413 2542 1514 2588 loqui
1540 2554 1580 2578 se
1605 2542 1650 2578 de

935 2590 1092 2624 castellis
1120 2590 1163 2624 ab
1190 2590 1292 2624 hoste
1319 2590 1508 2625 hibernum
1535 2601 1650 2625 even-

937 2642 1009 2671 tum
1045 2643 1212 2682 sperante
1251 2640 1528 2682 circumsessis,
1580 2638 1651 2674 hoc

936 2687 1115 2729 prioribus
1141 2686 1274 2720 maltum
1302 2689 1389 2732 fuya
1408 2708 1452 2714 —
1479 2687 1650 2721 desertum

936 2733 1075 2767 Tacitus
1108 2734 1339 2780 significavit.
1400 2734 1455 2768 Ex
1491 2735 1649 2770 castellis

937 2783 1142 2825 eruptiones
1169 2792 1298 2827 magno
1330 2784 1446 2816 animo
1479 2787 1514 2816 et
1539 2793 1648 2828 saepe

935 2829 1083 2864 Romani
1109 2830 1243 2864 milites
1269 2832 1454 2874 suscipere
1470 2835 1648 2875 poterant,

935 2878 1029 2923 quod
1065 2878 1178 2913 fames
1215 2883 1250 2912 et
1284 2879 1408 2923 inopia
1451 2880 1538 2924 ipsis
1575 2889 1648 2913 non

934 2926 1090 2962 timenda
1107 2931 1194 2962 erat.
1221 2927 1570 2973 'transpositionibus
1588 2927 1647 2964 fa-
