1768 3216
43 542 101 582 85
151 566 174 576 „

113 615 301 664 quarent,
333 622 561 664 prosperos
591 623 732 652 rerum
763 611 806 651 in
835 611 1018 652 Treviris
1048 615 1259 666 gestarum
1290 611 1456 653 nuntios
1488 623 1651 660 acce-5

111 205 141 236 ι-
158 193 200 232 G.
231 195 290 236 70.
590 195 729 232 LIBER
755 193 820 230 lv,
870 193 958 231 GAP.
983 194 1142 231 84—86.
1537 194 1610 231 8¹71

114 312 444 367 antiquissimum
475 312 558 355 illis
587 312 782 367 gentibus
811 324 978 365 numen,
1012 311 1200 366 plerique
1230 312 1372 355 lovem
1401 315 1446 354 ut
1474 323 1615 355 rerum

115 388 301 434 omnium
332 391 558 442 potentem,
588 387 754 440 plurimi
783 386 919 428 Ditem
949 390 1130 440 patrem,
1172 387 1406 442 insignibus
1436 398 1543 441 quae
1571 386 1616 432 in

115 462 208 516 ipso
237 462 472 514 manifesta,
501 465 571 504 aut
600 473 676 515 per
706 461 903 503 ambacres
937 461 1187 502 coniectant.

250 536 307 584 At
334 536 596 579 Domitianus
627 494 923 589 Muciaffiue
957 539 1177 589 antequam
1222 535 1396 590 Alpibus
1441 506 1617 590 propin-

111 696 226 738 pere.
285 684 513 738 Praecipua
543 685 748 726 victoriae
775 684 880 729 fides
910 685 996 727 dux
1024 685 1204 726 hostium
1234 685 1502 738 Valentinus,
1536 697 1616 728 ne-

0 741 87 796 Ᾱῑ)
113 770 317 814 quaquam
337 759 501 806 abiecto
526 759 681 811 animo,
719 771 823 813 quos
847 759 1016 814 spiritus
1046 760 1267 814 gessisset,
1297 759 1412 801 vultu
1440 759 1613 802 ferebat.

45 1578 327 1620 soimmixtus
361 1583 400 1620 et
432 1580 658 1621 maioribus
690 1592 774 1621 non
806 1580 1035 1621 defuturus.

109 832 180 880 Au
210 837 290 874 itus
321 833 334 873 i
367 845 418 875 eo
450 837 605 875 tantum
635 837 680 874 ut
710 838 960 876 nosceretur
989 834 1203 888 ingenium
1235 834 1339 885 eius,
1374 834 1617 875 damnatus—

117 919 225 962 que3
253 907 364 957 inter
393 908 526 962 ipsum
558 908 803 962 supplicium
826 908 1096 962 exprobranti
1128 907 1292 949 cuidam
1322 908 1496 961 patriam
1529 907 1616 957 eius

113 985 272 1036 captam
304 983 500 1036 accipere
530 994 576 1024 se
607 982 800 1024 solatium
830 982 976 1024 mortis
1006 981 1239 1035 respondit.
1288 981 1369 1025 Sed
1399 982 1615 1024 Mucianus
1631 997 1669 1026 ιο

107 1056 224 1117 quod
255 1056 326 1099 diu
356 1057 652 1110 occultaverat,
685 1061 729 1098 ut
758 1069 910 1100 recens
942 1056 1224 1110 exprompsit.
1267 1056 1461 1110 quoniam
1491 1056 1617 1098 beni·-

110 1131 271 1185 gnitate
302 1131 421 1174 deum
465 1132 623 1174 fractae
675 1132 854 1174 bostium
896 1132 1009 1173 vires
1054 1132 1219 1183 forent,
1266 1144 1410 1196 parum
1458 1132 1615 1174 decore

111 1205 390 1254 Domitianum
411 1207 604 1248 confecto
623 1218 753 1260 prope
773 1206 883 1248 bello
905 1206 1066 1248 alienae
1087 1184 1616 1283 gloriaereiituffim

113 1279 159 1334 Si
187 1284 317 1324 status
348 1281 510 1335 imperii
533 1284 603 1322 aut
630 1281 743 1323 salus
775 1281 1000 1323 Galliarum
1030 1281 1071 1321 in
1103 1280 1346 1322 discrimine
1366 1284 1615 1333 verteretur,

115 1353 313 1397 debuisse
351 1355 577 1398 Caesarem
618 1356 659 1397 in
701 1357 794 1398 acie
836 1360 975 1398 stare:

115 1428 348 1472 minoribus
381 1430 557 1472 ducibus
590 1430 863 1486 delegandos

117 1515 199 1558 que
237 1504 494 1559 principatus
526 1518 550 1546 e
578 1506 771 1560 proximo
819 1510 1072 1558 ostentaret,
1120 1518 1200 1546 nec
1240 1506 1382 1559 parvis
1422 1506 1620 1561 periculis

1106 1579 1458 1633 Intellegebantur
1486 1583 1620 1631 artes3

118 1651 195 1694 sed
225 1664 321 1706 pars
354 1653 558 1708 obsequii
576 1654 618 1695 in
650 1666 701 1696 eo
732 1667 786 1695 ne
813 1653 1241 1711 deprehenderentur
1286 1653 1345 1695 Ita
1374 1653 1620 1708 Lugdunum

341 1710 494 1729 ,ὀμ
501 1705 558 1713 „-
562 1706 598 1716 ,,
588 1710 653 1719 b,
685 1708 754 1717 ,Α
757 1705 836 1711 ..u-„0

1270 1796 1304 1830 5.
1344 1795 1500 1829 Treveris
1524 1806 1619 1829 nunc

287 1850 523 1889 acceperunt,
550 1843 613 1878 sed
637 1844 779 1878 litterae
803 1851 866 1878 unt
892 1845 1035 1889 punctis
1062 1849 1207 1878 notatae
1234 1848 1269 1877 et
1291 1855 1468 1889 superscr.
1496 1856 1526 1886 e,
1552 1842 1619 1887 Ma,

561 1893 593 1928 7.
622 1892 715 1927 voltu
742 1891 802 1927 Or.
889 1894 943 1929 10.
972 1893 1140 1926 solacium
1165 1891 1231 1927 Ma.
1335 1893 1391 1928 14.
1419 1893 1620 1927 discrimine

243 1950 315 1975 non
342 1941 529 1975 discrimen
554 1941 755 1976 Puteolani.
853 1942 907 1976 15.
936 1943 1189 1987 cannenesales
1215 1939 1280 1974 Ma.
1368 1941 1423 1976 16.
1451 1941 1621 1988 luquduni

222 1989 387 2035 Lugduni
412 1989 453 2024 G.
527 1990 582 2025 17.
610 1995 788 2024 ostentare
813 1989 918 2024 Gltla.
958 1991 1068 2024 tacite
1098 1990 1254 2024 correxit
1279 1989 1485 2024 Rhenanus.
1557 1989 1613 2024 18.

371 2038 550 2083 defuturos
575 2037 650 2074 Ma:
1015 2038 1170 2085 incelleq.
1197 2037 1276 2073 Ma:
1303 2038 1452 2085 intellig.
1482 2038 1523 2073 G.

121 1842 174 1876 ma
258 1796 292 1829 2.
320 1805 419 1839 queq5
447 1793 513 1838 Ma,
541 1806 628 1840 quae
655 1807 719 1840 qve
746 1795 795 1830 G:
831 1807 919 1840 quae
945 1794 1175 1829 Puteolanus.

119 1869 214 1925 unde
243 1891 271 1926 G
296 1903 477 1937 accepere.

120 1937 216 1984 GMa,

117 1986 194 2031 Ma:

118 2037 202 2073 inm
228 2036 296 2072 w.
679 2039 707 2073 G
732 2039 927 2085 defuturus,

119 2155 280 2192 lemaeus
308 2160 751 2207 cognomineEuergetes‚
776 2162 835 2206 qui

120 2206 309 2250 imperavit
344 2218 377 2242 a.
408 2206 612 2244 247—222.
738 2210 837 2243 deum

118 2254 263 2299 ipsum.-
316 2266 361 2289 ex
398 2256 649 2290 traditionibus
684 2257 728 2291 de
767 2257 836 2291 hoc

120 2303 266 2336 numine
307 2306 530 2338 conservatis
573 2304 714 2350 liquet,
756 2315 835 2339 esse

122 2348 226 2384 deum
261 2353 502 2397 antiquiorem
536 2357 572 2386 et
614 2352 835 2398 indigenam,

122 2399 182 2443 qui
209 2409 289 2433 cum
316 2400 460 2435 Graecis
485 2400 728 2435 Alexandriae
755 2412 835 2435 mo-

121 2446 219 2480 ribus
262 2458 395 2482 novum
441 2449 600 2483 habitum
647 2451 837 2494 assumpsit

123 2499 158 2529 et
182 2495 290 2530 rebus
318 2498 502 2543 sacrisque
518 2498 662 2532 Graecis
688 2508 835 2532 accom-

122 2544 284 2578 modatus
312 2551 378 2580 est.
499 2553 559 2580 aut
581 2559 647 2592 per
672 2547 835 2592 ambayes

971 2162 1134 2207 accipere
1160 2173 1196 2195 se
1222 2160 1384 2195 solatium
1407 2162 1530 2194 mortis
1556 2172 1618 2195 re-

906 2210 1045 2255 spondit
1094 2211 1150 2255 (er
1195 2211 1379 2254 empsanye
1419 2209 1486 2242 den
1523 2209 1618 2242 Tros!

906 2259 965 2291 des
985 2258 1104 2303 Todes)
1119 2270 1130 2292 .-
1156 2257 1224 2290 sibi
1252 2259 1288 2290 in
1314 2258 1468 2291 miseriis
1486 2261 1521 2290 et
1538 2267 1618 2290 ser-

906 2307 1020 2340 vitute
1047 2307 1185 2350 patriae
1211 2310 1360 2339 mortem
1399 2314 1462 2349 pro
1487 2305 1617 2339 solatio

906 2365 997 2388 esse.

977 2449 1062 2494 Cap.
1088 2450 1147 2486 86.
1209 2450 1269 2484 sed
1288 2462 1376 2497 pars
1402 2450 1555 2495 obsequii
1579 2452 1619 2485 in

906 2510 944 2531 eo
971 2510 1016 2532 ne
1043 2498 1412 2544 deprehenderentur:
1442 2501 1470 2532 si
1491 2499 1618 2533 Domi-

906 2548 1024 2580 tianus
1054 2548 1276 2593 comitesque
1311 2549 1428 2581 minus
1455 2548 1616 2581 obsecuti

1019 1355 1315 1398 Canninefates
1357 1355 1669 1410 Batavosqueis

924 1431 1028 1488 Ipse„
1045 1430 1237 1485 Lugduni
1267 1431 1349 1471 vim
1382 1431 1619 1473 fortunam-
1650 1416 1704 1469 74.

122 2592 223 2638 (oder
262 2596 332 2638 auf
366 2593 588 2639 Umweqen).·
627 2595 662 2630 h.
692 2607 723 2629 e.
763 2606 835 2629 non

121 2645 221 2674 recta
261 2646 296 2674 et
322 2642 487 2685 simplice
522 2644 580 2676 via
616 2643 660 2677 ad
686 2648 835 2678 senten-

122 2689 205 2721 tiam
233 2691 502 2744 pervenientes,
529 2690 592 2724 sed
616 2694 836 2737 argumentis

123 2736 268 2770 aliunde
293 2737 418 2772 accitis
447 2739 513 2772 usi.

184 2782 268 2828 Cap.
285 2785 345 2820 85.
376 2792 564 2830 antequam
581 2787 725 2833 Alpibus
748 2800 836 2834 pro-

118 2833 358 2878 pinquarzent
402 2835 531 2879 recipit
560 2846 677 2869 rerum
705 2847 835 2870 nexum

124 2891 154 2914 c.
166 2880 213 2915 68
238 2882 456 2918 inchoatum.
538 2895 657 2918 rerum
681 2885 721 2917 in
751 2885 835 2918 Tre-

121 2929 207 2964 viris
233 2937 434 2976 gestarum.-
463 2931 834 2968 cf.c.71et75-78.

906 2601 1050 2638 essent,
1091 2596 1275 2630 Mucianus
1302 2597 1344 2629 ad
1372 2597 1443 2629 vim
1471 2595 1617 2629 iubendi

905 2646 1116 2678 transiturus
1143 2650 1239 2686 erat,
1275 2650 1309 2677 et·
1334 2645 1386 2677 sic
1413 2653 1504 2687 quae
1534 2648 1618 2676 ante

906 2693 1006 2737 quasi
1019 2693 1190 2726 benivole
1210 2697 1369 2725 suaserat
1393 2691 1619 2734 deprehensa

907 2746 1038 2774 essent.
1086 2740 1142 2773 Illi
1171 2745 1288 2773 tamen
1315 2741 1362 2773 ita
1389 2739 1617 2784 obtempera-

909 2799 1007 2830 vere,
1035 2793 1073 2820 ut
1099 2793 1191 2821 artes
1203 2788 1355 2821 Muciani
1383 2797 1453 2820 non
1482 2789 1515 2821 id
1538 2799 1617 2822 esse

906 2836 1114 2869 viderentur
1156 2836 1249 2880 quod
1292 2846 1330 2869 re
1367 2846 1452 2869 vera
1505 2841 1616 2870 erant.

908 2884 962 2918 Cf.
995 2884 1071 2918 MV
1100 2884 1142 2918 6:
1180 2884 1292 2918 solum
1319 2884 1529 2918 insidiarum
1557 2897 1619 2919 re-

905 2932 1053 2966 medium
1073 2943 1157 2976 esse,
1184 2933 1215 2967 si
1234 2943 1306 2967 non
1319 2932 1617 2979 intellegerentur.

1405 461 1768 568 ⁶020(an

1728 1391 1768 1463 Ω.
