1768 3216
1567 237 1614 275 99

588 459 765 509 LIBER
801 456 1132 509 SECVNDVS.

543 697 951 741 BREVIARIVM
999 697 1187 740 LIBRI.

251 817 339 863 Cap.
368 817 523 852 1—10:
575 823 686 852 status
724 817 902 860 Orientis,
940 817 1054 862 salsus
1094 823 1211 851 terror
1245 817 1359 854 Asiaa
1387 823 1419 852 et
1445 817 1621 861 Achaiae,

114 877 238 912 civitas
262 877 302 918 in
323 877 410 911 urbe
437 877 582 912 discors.
634 878 751 911 Struit
784 879 858 911 iam
893 879 1041 922 fortuna
1073 879 1112 911 in
1150 878 1291 912 diversa
1312 884 1417 924 parte
1445 884 1625 913 terrarum

111 937 220 978 initia
262 948 455 983 causasque
486 949 575 972 noco
610 938 771 984 imperio.
830 938 922 972 Titus
964 937 1198 985 Vespasianus
1231 950 1249 972 e
1287 938 1424 973 Iudaea
1446 940 1625 984 profectus

112 996 284 1032 incolumi
316 996 450 1041 Galba,
488 999 675 1042 functurus
702 998 818 1043 officio
843 1009 930 1043 erya
951 998 1150 1044 principem
1183 1003 1216 1032 et
1251 998 1423 1045 petiturus
1460 998 1624 1041 honores,

114 1064 223 1099 caede
249 1066 323 1099 eius
351 1064 474 1098 audita
506 1064 670 1098 Corinthi
696 1064 845 1099 substitit
873 1065 940 1111 (1).
993 1064 1038 1098 In
1063 1076 1226 1110 regressu
1261 1064 1428 1100 Venerem
1454 1064 1627 1112 Paphiam

113 1124 189 1160 adit
214 1126 281 1172 (2).
326 1124 454 1171 Templi
479 1131 511 1159 et
535 1125 719 1171 reliyionis
746 1125 845 1171 oriyo
876 1126 944 1172 (3).
988 1124 1080 1158 Titus
1106 1124 1289 1160 oraculum
1314 1124 1501 1168 consuluit,
1530 1123 1633 1159 laeta

114 1186 234 1220 omnia
258 1186 408 1232 accepit,
437 1191 539 1220 aucto
566 1187 684 1220 animo
710 1185 758 1219 ad
779 1191 919 1232 patrem
945 1185 1051 1220 rediit
1072 1187 1144 1232 (4).
1188 1185 1423 1232 Vespasianus
1442 1185 1628 1230 deficiendi

115 1244 266 1280 consilia
303 1257 422 1280 secum
453 1246 586 1292 aqitat,
623 1246 767 1280 militem
803 1251 999 1292 promptum
1038 1245 1142 1279 habet
1176 1251 1208 1279 et
1234 1246 1367 1280 amicos
1395 1252 1529 1288 certos,
1566 1245 1627 1280 sed

115 1304 242 1341 belluim
266 1306 306 1340 in
332 1307 552 1341 occasionem
578 1306 695 1353 differt
723 1309 878 1353 (5—7).
930 1306 1074 1340 Achaia
1108 1312 1211 1351 atque
1246 1306 1336 1340 Asia
1359 1307 1446 1352 salsi
1473 1306 1629 1341 Neronis

115 1367 268 1403 adventu
300 1368 515 1411 eoeterritae3
553 1378 653 1412 quem
687 1369 779 1414 cepit
817 1367 1001 1413 Asprenas
1036 1373 1068 1401 et
1103 1367 1233 1401 occidit
1259 1367 1417 1412 (8—9).
1470 1367 1629 1402 Annium

120 1428 288 1463 Faustum
321 1427 515 1463 delatorem
548 1429 678 1474 fratris
711 1429 767 1463 sui
809 1428 926 1463 Vibius
962 1428 1107 1474 Crispus
1142 1428 1190 1462 ad
1227 1429 1461 1474 coqnitionem
1485 1434 1629 1463 senatus

122 1489 262 1524 vocavit
286 1495 320 1524 et
341 1490 512 1536 pervertit
538 1489 630 1536 (10).

211 1558 214 1559 ’
256 1549 346 1597 Cap.
373 1550 416 1585 11
428 1550 539 1585 —5o.·
573 1549 719 1584 Othonis
743 1555 891 1596 paratus
917 1549 1000 1584 belli
1026 1555 1058 1583 et
1086 1550 1176 1592 iter,
1202 1549 1323 1584 clades
1349 1560 1394 1583 ac
1416 1550 1510 1593 finis.
1564 1548 1622 1582 Ad

116 1598 313 1656 imperiumv
346 1609 494 1645 Othonis
533 1611 618 1644 moti
648 1622 666 1644 e
704 1610 887 1646 Dalmatia
926 1610 1182 1656 Pannoniaque
1220 1611 1415 1653 exercitus,
1460 1621 1503 1643 ex
1542 1609 1629 1643 urbe

118 1671 326 1716 praetoriae
353 1670 515 1705 cohortes
544 1676 576 1705 et
600 1670 839 1716 yladiatorum
863 1671 928 1705 duo
955 1672 1067 1704 milia.
1115 1671 1194 1716 Ipse
1217 1676 1301 1704 ante
1316 1681 1443 1716 agmen
1454 1669 1628 1715 pedester,

120 1730 285 1765 horridus
313 1731 526 1776 incomptus,
553 1732 672 1775 famae
698 1730 875 1764 dissimilis
903 1731 993 1778 (11).
1050 1730 1236 1764 Tentandis
1262 1729 1410 1775 Alpibus
1441 1729 1630 1763 maritimis

121 1790 448 1837 aqqrediendaeque
472 1790 682 1836 provinciae
709 1790 936 1824 Narbonensi
971 1790 1119 1830 classem
1155 1790 1318 1824 immittit.
1371 1789 1536 1824 Licentia
1560 1789 1630 1823 mi·-

120 1851 192 1886 litis
231 1857 264 1886 et
304 1852 364 1885 ira
400 1851 440 1885 in
479 1850 621 1885 Albium
661 1850 880 1885 Intemelium
918 1851 1125 1898 (12—13).
1186 1850 1276 1885 Victi
1330 1849 1528 1892 Vitelliani,
1570 1849 1632 1883 sed

119 1917 288 1956 utraeque
309 1915 432 1957 partes
457 1911 564 1944 tacito
594 1922 766 1945 consensu
802 1917 898 1945 retro
935 1911 1062 1945 cedunt
1092 1916 1124 1944 et
1157 1911 1304 1955 fortuna
1332 1909 1419 1944 alibi
1445 1914 1631 1944 transacta

120 1970 309 2017 (14-152,
361 1970 544 2004 Corsicam
571 1981 683 2016 prope
717 1971 849 2016 afflixit
878 1970 1025 2004 Pacarii
1046 1970 1293 2016 procuratoris
1328 1970 1508 2004 temeritas
1534 1969 1627 2015 (16).

121 2030 266 2066 Italiam
302 2029 439 2065 Vitellio
467 2033 659 2077 aperuerat
684 2031 746 2065 ala
771 2030 928 2074 Siliana,
952 2031 1238 2077 praemissaeque
1265 2041 1289 2064 a
1312 2029 1472 2065 Caecina
1497 2029 1630 2064 cohor-

121 2097 171 2125 tes
193 2102 363 2138 prospero
391 2103 553 2126 successu
581 2091 629 2125 ad
664 2091 797 2126 Padum
827 2103 1043 2138 pervenere,
1081 2091 1189 2137 paulo
1224 2096 1305 2139 post
1336 2092 1410 2137 ipse
1450 2090 1563 2136 adsuit
1598 2095 1631 2124 et

122 2149 341 2186 Placentiam
369 2163 572 2198 expugnare
598 2152 760 2186 intendit.
811 2152 997 2197 Spurinna
1031 2151 1252 2186 Placentiam
1290 2158 1363 2186 tam
1387 2152 1502 2198 perite
1527 2162 1632 2196 quam

119 2212 262 2257 fortiter
286 2211 463 2258 defendit,
494 2212 653 2246 Caecina
689 2218 789 2246 trans
823 2211 957 2245 Padum
991 2211 1150 2257 repulsus
1183 2212 1374 2259 (17-22).
1428 2211 1551 2246 Gallus
1576 2211 1631 2245 le-

120 2272 260 2318 9ionem
291 2274 446 2318 primam
477 2274 517 2306 in
552 2272 724 2306 auxilium
755 2272 959 2306 Placentiae
989 2271 1105 2315 ducit,
1145 2272 1206 2306 sed
1239 2283 1347 2317 aeqre
1382 2273 1574 2306 coercitam
1600 2278 1633 2306 et

92 2335 95 2337 ’
121 2344 229 2378 usque
254 2333 302 2366 ad
326 2333 531 2366 seditionem
553 2343 780 2378 proyressam
798 2332 966 2366 Bedriaci
991 2333 1092 2366 sistit.
1134 2332 1251 2366 Isdem
1276 2331 1395 2366 diebus
1420 2332 1633 2378 inpartibus

125 2392 271 2427 Othonis
297 2405 321 2427 a
348 2393 488 2427 Marcio
511 2392 637 2426 Macro
664 2392 759 2426 haud
779 2393 908 2438 procul
936 2393 1113 2426 Cremona
1131 2403 1312 2438 prospere,
1326 2398 1521 2439 pugnatum
1538 2393 1632 2440 (23),

124 2453 233 2487 etiam
259 2452 403 2487 Paulini
427 2459 461 2487 et
488 2453 582 2487 Celsi
607 2452 711 2486 ductu
736 2464 795 2487 res
821 2454 986 2499 eqreyiae
1011 2458 1130 2498 gestae
1156 2454 1348 2500 (24—26).
1401 2453 1445 2487 Id
1469 2453 1634 2487 damnum

131 2512 337 2547 Vitellianos
355 2534 357 2536 -
378 2514 425 2547 ad
464 2514 668 2547 modestiam
702 2514 903 2559 composuit.
962 2509 1130 2548 Valentis'
1163 2514 1286 2559 copiae
1329 2524 1406 2547 cum
1454 2514 1634 2547 Caecinae

124 2574 283 2608 exercitu
319 2574 512 2620 iunyuntur
546 2575 735 2620 (27—30).
788 2574 866 2608 tam
911 2573 1093 2608 Vitelliani
1129 2575 1238 2620 proni
1276 2574 1324 2607 ad
1358 2574 1632 2608 decertandum:

126 2633 214 2674 Otho
242 2634 416 2679 consultat
442 2635 538 2669 trahi
563 2635 689 2670 bellum
714 2647 762 2669 an
788 2637 969 2681 fortunam
996 2636 1151 2681 eoeperiri
1169 2636 1324 2681 placeat.
1366 2635 1475 2669 Periti
1494 2645 1630 2668 moram

125 2694 284 2736 suadent,
318 2694 474 2729 Titianus
498 2698 614 2740 frater
642 2696 799 2739 Othonis,
822 2696 931 2741 paulo
959 2702 1041 2730 ante
1068 2697 1203 2730 accitus
1228 2702 1260 2729 et
1287 2694 1378 2729 bellov
1398 2694 1632 2740 praepositus,

127 2764 205 2787 cum
230 2753 378 2787 Proculo
402 2756 577 2800 praetorii
609 2759 790 2802 praefecto
823 2767 979 2802 puqnam
1013 2758 1194 2802 praefert,
1243 2755 1414 2798 iidemque
1449 2753 1634 2787 deterioris

130 2811 270 2846 consilii
314 2819 477 2848 auctores
513 2814 683 2850 Othonem
714 2815 902 2862 perpulere
939 2821 977 2849 ut
1020 2815 1214 2849 Bri-‘cellum
1255 2813 1481 2855 concederet,
1522 2812 1635 2846 dubiis

125 2871 342 2918 proeliorum
378 2880 552 2920 exemptus
591 2875 782 2921 (31-33).
832 2876 926 2909 Hinc
961 2875 1107 2908 Othonis
1143 2876 1290 2918 fortuna
1328 2873 1440 2918 coepit
1483 2871 1634 2906 labare:

130 2938 256 2966 contra
302 2933 434 2968 Vitellii
472 2935 576 2968 duces
610 2935 716 2979 quieti
755 2936 947 2980 intentique
986 2935 1143 2968 alienam
1184 2932 1367 2967 stultitiam
1408 2933 1637 2979 opperiuntur

132 2992 336 3043 (34-36).
386 2994 582 3042 Puqnatum
618 2994 715 3030 haud
748 2995 874 3042 procul
911 2995 1106 3038 Bedriaco,
1155 2999 1187 3029 et
1217 2993 1393 3041 proelium
1427 2982 1638 3030 Othonianis
