1768 3216
745 197 983 233 HISTORIAR
990 197 1048 231 VM
1427 207 1459 231 a.
1490 202 1526 231 11.
1554 192 1638 234 822.

151 202 223 237 174

148 323 229 372 ret,
260 319 295 361 si
325 319 382 360 ibi
411 316 671 359 Brundisium
701 316 1003 369 Tarentumque
1035 317 1074 355 et
1105 312 1324 355 Calabriae
1350 309 1643 368 Lucaniaeque

149 394 271 435 litora
311 392 472 434 infestis
523 392 723 434 classibus
775 394 1024 445 peterentur.
1087 389 1216 443 Igitur
1261 387 1428 434 navium
1471 387 1714 432 militum&

150 480 356 511 armorum
386 472 531 522 paratu
571 471 757 521 strepere
786 466 1040 520 provinciae.
1103 463 1185 506 Sed
1224 463 1326 504 nihil
1366 471 1497 517 aeque
1542 461 1645 505 sati-

150 544 274 598 gabat
314 555 433 598 quam
471 542 739 597 pecuniarum
781 540 1059 594 conquisitio:
1106 551 1181 580 eos
1229 550 1324 580 esse
1362 537 1462 579 belli
1505 536 1644 579 civilis

120 629 303 661 snervos
336 619 529 660 dictitans
560 617 796 669 Mucianus,
825 628 909 656 non
941 615 1002 656 ius
1036 618 1103 655 aut
1132 622 1286 656 verum·
1307 614 1349 655 in
1384 611 1646 668 cognitioni-

150 695 247 747 bus,
291 694 366 735 sed
397 693 527 735 solam
559 691 884 747 magnitudinem
929 703 1048 744 opum
1082 688 1308 743 spectabat.
1369 687 1526 730 Passim
1559 687 1642 730 de·-

149 770 340 821 lationes,
374 773 413 810 et
442 767 788 821 locupletissimus
819 766 991 819 quisque
1009 766 1049 806 in
1069 763 1267 818 praedam
1291 764 1486 818 correpti.
1530 762 1646 813 Quae

92 890 97 893 .
151 844 296 899 gravia
327 847 447 897 atque
478 842 762 893 intoleranda,
800 841 873 882 sed
906 841 1159 882 necessitate
1189 848 1398 881 armorum
1430 842 1643 890 excusata,

0 906 119 970 “7⁶³1
152 919 273 980 etiam
308 919 349 958 in
378 930 483 972 pace
514 929 728 968 mansere,
770 916 859 969 ipso
890 915 1150 968 Vespasiano
1182 915 1290 956 inter
1326 914 1444 956 initia
1480 909 1646 968 imperii

28 981 202 1036 ‘Quoad
234 993 478 1057 obtinendas
512 992 747 1051 iniquitates
779 990 885 1032 haud
920 990 1096 1044 perinde
1124 990 1376 1057 obsti-nante,
1409 988 1546 1032 donec
1574 989 1646 1030 in·-

16 1023 116 1098 si)

114 1094 119 1105 ,
153 1052 363 1122 dulgentia
403 1052 594 1109 fortunae
634 1071 673 1108 et
712 1066 851 1120 pravis
892 1065 1104 1117 magistris
1146 1065 1292 1106 didicit
1325 1071 1533 1119 aususque
1565 1068 1642 1106 est.

152 1143 331 1196 Propriis
363 1154 526 1196 quoque
558 1142 704 1196 opibus
734 1141 947 1184 Mucianus
979 1140 1130 1181 bellum
1162 1140 1285 1192 iuvit,
1327 1139 1470 1195 largus
1499 1139 1646 1194 priva-—

132 1215 245 1269 'tim,
295 1216 682 1281 quw—'lidiuswde
713 1215 960 1277 ¹0‚.P¹¹l{¹i⁰?
991 1219 1185 1275 sumeret.
1249 1215 1386 1257 Ceteri
1418 1214 1647 1257 conseren-

149 1293 291 1335 darum
322 1294 591 1348 pecuniarum
624 1274 854 1347 exemplum
887 1292 1041 1334 secuti:
1073 1291 1312 1333 rarissimus
1344 1291 1518 1345 quisque
1541 1297 1648 1332 ean-

28 1411 30 1415 .
98 1376 134 1405 1⁵
150 1368 242 1411 dem
273 1369 314 1410 in
344 1368 619 1422 reciperando
650 1368 859 1409 licentiam
891 1367 1134 1408 habuerunt.

287 1511 318 1544 1.
352 1510 401 1544 ibi
427 1509 562 1544 editor:
589 1509 732 1543 codices
759 1510 835 1543 sibi.
905 1508 1095 1543 brudisium
1117 1506 1183 1550 Ma,
1211 1506 1438 1542 brundusium
1464 1505 1503 1541 G.
1568 1505 1644 1541 Ca-

147 1557 283 1591 labriae
311 1558 559 1603 Lucaniaeque
586 1558 660 1592 Ma:
690 1558 871 1592 Lucaniae
899 1558 1104 1591 clcalabriae
1132 1568 1195 1602 que
1223 1555 1262 1590 G.
1313 1558 1347 1591 2.
1376 1557 1414 1590 in
1439 1555 1547 1590 litora
1569 1553 1643 1589 Ma:

147 1606 268 1640 littora
295 1606 333 1641 G.
426 1608 459 1642 3.
487 1607 599 1641 nichil
625 1606 689 1640 Ma.
789 1608 822 1641 7.
852 1607 998 1652 predam
1025 1605 1088 1640 ma.
1194 1605 1249 1639 10.
1278 1610 1346 1650 opt.
1378 1603 1442 1638 Ma.
1540 1604 1644 1650 perin

145 1656 200 1700 (in
226 1666 350 1689 versus
376 1655 466 1702 fine)
493 1656 688 1690 obstinante
718 1654 782 1689 Ma.
848 1658 903 1690 11.
927 1655 1010 1689 <licit
1037 1654 1109 1688 Ma:
1138 1654 1166 1688 G
1193 1653 1326 1690 didicit.
1390 1654 1445 1688 13.
1475 1651 1548 1688 ΒΡ.
1577 1650 1641 1686 Ma.

146 1704 201 1738 14.
228 1705 384 1750 pecunid
408 1705 488 1738 Ma:
522 1704 548 1739 G
570 1705 813 1750 pecuniarum.
875 1705 1077 1738 rarissimus
1106 1701 1181 1737 Ma:
1209 1702 1412 1736 carissimus
1438 1700 1468 1735 G
1493 1705 1528 1735 et
1543 1701 1644 1736 Oxo-

143 1753 298 1787 nienses.
379 1754 434 1788 15.
461 1754 570 1799 recip.
598 1752 675 1787 Ma:
701 1764 819 1798 recnp.
852 1751 890 1786 G.

147 1896 292 1930 verbum
336 1896 429 1930 unde
472 1897 604 1941 pendet
639 1897 766 1942 expo-ni
813 1907 857 1930 ex

147 1945 325 1990 ambiyuus
352 1944 490 1979 consilii
514 1946 719 1989 petendum,
745 1945 855 1978 veluti

927 1895 1053 1939 ciales,
1087 1895 1231 1930 obiecto
1260 1907 1303 1930 ex
1329 1905 1544 1942 praegresso
1569 1904 1641 1930 no-

927 1946 1022 1978 mine
1060 1945 1267 1990 provinciae
1322 1944 1501 1989 suppleto.
1565 1945 1644 1979 Non

148 1994 317 2039 cogitans.

219 2042 250 2075 si
276 2042 346 2075 ibi.-
392 2041 486 2087 quod
521 2041 664 2076 codices
705 2042 858 2076 offerunt

147 2090 178 2123 si
202 2090 277 2133 sibi,
306 2090 432 2124 damno
449 2091 613 2125 ail'ectum
629 2099 708 2124 esse
733 2090 858 2135 liquet.

96 2178 98 2182 .
146 2137 232 2171 Nam
261 2142 299 2171 ut
325 2149 419 2172 nunc
455 2144 507 2173 est
538 2139 727 2173 verborum
755 2139 853 2182 ordo,

99 2164 118 2240 l,
145 2187 211 2220 sibi
236 2186 278 2220 ad
302 2188 479 2221 neminem
506 2189 574 2221 nisi
602 2187 645 2221 ad
673 2187 857 2222 Vitellium

146 2235 325 2278 pertinere
361 2241 497 2280 potest,
543 2241 649 2281 atque
684 2237 736 2270 sic
769 2236 858 2270 adeo

146 2284 180 2317 vi
208 2285 302 2318 omni
331 2290 449 2328 caret,
488 2290 526 2318 ut
551 2284 670 2318 Tacito
706 2286 740 2317 in
771 2295 858 2329 pro-

145 2332 348 2366 nominibus
391 2334 599 2377 parcissimo
639 2332 746 2366 tribui
787 2344 858 2366 non

145 2381 269 2424 possit.
299 2381 562 2416 Adlllucianum
590 2382 655 2415 sibi
667 2384 728 2426 (2
756 2393 779 2415 a
804 2385 857 2426 se)

145 2428 271 2462 referri
297 2432 442 2475 nequit,
477 2430 570 2475 qnod
597 2430 858 2474 Dyrrhachium

146 2477 266 2521 pedite
293 2483 399 2523 atque
421 2481 540 2523 equite
557 2479 741 2512 clausurus
762 2484 859 2522 erat3

146 2536 264 2571 neque
291 2528 343 2560 sic
361 2527 430 2561 dici
458 2529 573 2571 potuit
599 2528 737 2572 infestis
763 2527 860 2561 ctas-

146 2574 251 2609 sibus.
319 2575 508 2610 Peccatum
545 2580 598 2610 est
640 2576 860 2610 assimilandi

147 2622 392 2667 aberratione,
442 2635 483 2658 ac
532 2625 789 2659 restituendum
829 2626 861 2658 si

146 2671 215 2714 ibi,
254 2671 287 2705 h.
317 2683 348 2707 e.
376 2674 411 2706 in
440 2673 564 2707 ltaliae
600 2673 689 2707 solo.
754 2672 858 2706 Conf.

149 2730 179 2753 c.
206 2719 272 2754 97:
299 2720 394 2754 nullo
422 2728 491 2756 tum
515 2722 564 2756 ibi
594 2723 649 2767 (in
668 2722 857 2776 Hispania)

150 2767 346 2811 consulari3
382 2782 411 2804 c.
443 2772 505 2806 16:
534 2771 769 2805 trierarchum
794 2770 860 2804 Li·-

150 2815 373 2870 burnicarum
409 2819 457 2852 ibi
487 2820 541 2864 (in
571 2818 752 2865 Sardinia)
789 2830 859 2852 na-

151 2875 250 2898 mum.

223 2912 308 2958 Cap.
335 2913 393 2948 84.
436 2915 496 2948 sed
520 2915 609 2949 nihil
634 2927 742 2961 aeque
770 2917 859 2961 sati-

149 2959 275 3005 qabat:
322 2961 486 3009 intellige
512 2965 686 3010 satiyabat
708 2966 856 3012 provin-

926 1993 1020 2026 bene
1047 1994 1188 2037 accepit
1206 1992 1398 2037 Rupertius
1428 2003 1492 2037 pro
1514 1992 1646 2027 ‘vexa-

927 2041 1008 2083 bat,
1048 2041 1204 2087 angebat
1241 2043 1378 2075 animos
1413 2041 1568 2076 Muciani
1610 2045 1646 2076 et

930 2089 1172 2134 Vespasiani'.
1336 2124 1339 2127 ,

1003 2139 1050 2171 acl
1076 2138 1280 2172 obtinendas
1314 2138 1516 2183 iniquitates
1550 2138 1645 2172 haud

925 2187 1071 2231 perinde
1106 2187 1301 2221 obstinante
1324 2197 1336 2220 .·
1369 2188 1571 2232 iniquitates
1606 2186 1642 2222 h.

930 2234 952 2269 l.
995 2240 1076 2269 sunt
1117 2247 1208 2281 quae
1251 2237 1374 2280 inique
1419 2235 1644 2280 postulantur

928 2284 1108 2329 (unbilliqe
1135 2284 1464 2330 Anser-derunyen).
1526 2283 1644 2318 Obsti-

928 2339 1034 2366 mmte
1069 2334 1294 2367 intransitive
1337 2332 1469 2366 dietum
1504 2333 1644 2377 accipe,

927 2381 1075 2424 perinde
1103 2387 1209 2426 atque
1243 2381 1337 2426 apud
1360 2381 1500 2415 Livium
1529 2379 1642 2415 xxm

929 2431 974 2464 29
1014 2430 1275 2464 obstinaverant
1307 2431 1435 2464 animis
1469 2435 1529 2463 aut
1563 2430 1645 2463 vin-

930 2490 1008 2511 cere
1033 2485 1094 2512 aut
1120 2480 1232 2522 mori,
1274 2488 1379 2524 quem
1406 2478 1524 2512 locum
1553 2486 1643 2524 sug-

930 2527 1304 2572 gessitForcellinius.
1333 2526 1403 2562 Sed
1431 2536 1503 2560 non
1522 2532 1642 2570 aptum

931 2580 984 2608 est
1020 2576 1222 2620 exemplum
1278 2575 1321 2609 ab
1369 2574 1551 2609 Gronovio
1600 2581 1646 2609 ex

929 2623 1043 2658 Plauti
1081 2624 1203 2658 Aulul.
1239 2623 1317 2660 112
1344 2623 1392 2659 89
1429 2624 1643 2668 ascriptumt

928 2673 964 2705 id
989 2673 1123 2716 inhiat,
1152 2684 1195 2706 ea
1220 2673 1427 2718 affinitatem
1461 2673 1557 2707 hanc
1581 2672 1645 2706 ob»-
1694 2671 1696 2673 ’

927 2722 1069 2755 stinavit
1094 2723 1224 2766 qratia.
1301 2754 1303 2757 .

1006 2770 1226 2816 indulyentia
1261 2773 1456 2816 fortunae.-
1501 2769 1645 2805 fortuna

931 2819 1150 2863 Vespasiano
1175 2819 1323 2853 indulsit
1349 2829 1413 2862 eo,
1455 2818 1550 2865 quod
1575 2828 1644 2852 ne-

930 2878 998 2912 que
1036 2869 1160 2913 inique
1201 2868 1333 2902 factum
1373 2868 1450 2901 eius
1488 2877 1644 2913 unquam,

930 2917 1073 2961 gravior
1098 2924 1214 2961 poena
1243 2921 1436 2951 consecuta
1463 2921 1537 2960 est,
1575 2925 1644 2950 ne·-

930 2975 998 3010 que
1024 2965 1103 3000 aliis
1128 2967 1164 3000 in
1186 2965 1292 3000 rebus
1312 2965 1429 3010 ipsum
1456 2962 1650 2999 conflictus.-
