1768 3216
79 917 122 941 ..w

44 967 104 983 ....
153 963 268 1006 que.
294 952 366 993 Ille
396 963 501 993 unus
536 929 688 1001 ambiri
704 951 811 993 coli.

386 0 579 54 elesa..)
652 0 701 49 ί,
722 1 729 51 2
748 27 750 31 v
772 27 780 37 ..
802 0 840 51 a.
863 28 873 39 ψ
895 41 899 47 ,

151 251 233 286 298

745 240 1057 277 mS'ronlARvm

1434 251 1467 276 a.
1495 250 1532 277 u.
1563 240 1648 278 822.

164 366 232 404 aut
256 360 418 402 Publius
449 368 568 411 quam
608 355 773 397 Priscus
817 360 858 397 et
893 354 1114 399 Marcellus
1158 354 1398 411 ceterique,
1443 355 1566 398 motis
1606 354 1658 398 ad

159 436 355 477 ultionem
379 431 540 483 animis,
575 430 911 483 expectabantur.

291 505 375 547 Tali
408 515 546 547 rerum
577 508 685 546 statu
705 536 715 556 ,
751 517 843 546 cum
874 490 1088 546 discordia
1120 503 1229 545 inter
1258 507 1423 557 patres,
1456 502 1518 546 ira
1551 501 1659 557 apud
1674 506 1725 545 11

155 582 303 632 victos,
336 579 446 620 nulla
479 579 522 620 in
552 578 783 620 victoribus
815 578 1057 630 auctoritas,
1091 590 1175 619 non
1205 578 1340 632 leges,
1359 589 1443 620 non
1465 577 1658 632 princeps

123 656 195 702 5in
225 654 392 695 civitate
425 657 579 706 essent,
612 653 828 695 Mucianus
858 653 1003 694 urbem
1042 653 1258 707 ingressus
1288 655 1436 694 cuncta
1465 651 1586 694 simul
1616 651 1659 693 in

153 741 200 771 se
231 728 366 770 traxit.

429 728 575 769 Fracta
609 728 734 769 Primi
762 727 936 768 Antonii
964 726 1146 780 Varique
1176 726 1291 767 Arrii
1320 725 1522 780 potentia,
1552 725 1658 769 male

153 801 408 844 dissimulata
444 801 485 842 in
515 814 589 843 eos
622 801 803 844 Muciani
824 800 1054 853 iracundia,
1090 800 1278 854 quamvis
1299 799 1414 843 vultu
1431 802 1658 855 tegeretur

52 899 62 906 ·
105 887 115 907 ι’
153 877 235 919 Sed
267 877 414 919 civitas
442 876 645 943 rimandis
678 876 855 918 offensis
885 889 1019 931 sagax
1049 879 1235 917 verterat
1276 888 1323 917 se
1364 868 1750 947 transtulerat-7(

835 951 943 1009 Nec
976 951 1122 992 deerat
1152 951 1254 1004 ipse,
1278 951 1452 1004 stipatus
1471 949 1657 1003 armatis,

101 1045 140 1074 0
153 1026 300 1068 domos
331 1026 562 1079 hortosque
573 1004 886 1079 permutans,
906 1030 1104 1079 apparatu
1136 1026 1305 1067 incessu
1348 1025 1538 1067 excubiis
1575 1024 1660 1066 vim

150 1101 351 1155 principis
383 1100 591 1154 amplecti,
621 1112 774 1142 nomen
801 1101 1029 1143 remittere.

1085 1100 1306 1142 Plurimum
1338 1099 1515 1141 terroris
1546 1099 1660 1140 intu-

150 1175 196 1216 lit
227 1174 381 1216 caedes
414 1174 623 1228 Calpurnii
655 1174 883 1216 Galeriani.
933 1175 971 1216 Is
1006 1175 1079 1216 suit
1107 1174 1213 1215 iilius
1247 1173 1322 1216 Gai
1349 1173 1527 1226 Pisonis,
1558 1172 1661 1216 nihil

152 1261 303 1291 ausus:
345 1249 420 1291 sed
467 1261 621 1290 nomen
662 1250 831 1304 insigne
872 1254 913 1290 et
957 1249 1114 1291 decora
1161 1249 1238 1303 ipsi
1281 1248 1448 1289 iuventa
1490 1258 1660 1288 rumore

147 1323 262 1378 vulgi
294 1323 642 1375 celebrabantur,
692 1327 892 1377 erantque
941 1323 982 1363 in
1026 1322 1197 1364 civitate
1238 1321 1374 1363 adhuc
1417 1320 1582 1362 turbida
1615 1324 1656 1363 et

99 1398 271 1442 isnovis
323 1398 586 1440 sermonibus
631 1397 740 1439 laeta
789 1398 858 1451 qui
905 1398 1159 1451 principatus
1208 1397 1375 1439 inanem
1422 1395 1461 1437 ei
1506 1394 1656 1438 famam

255 1542 285 1575 1.
325 1541 424 1574 motis
452 1540 671 1574 adulacionib
697 1541 772 1583 (nib
800 1550 889 1574 corr.
919 1541 954 1573 in
983 1541 1044 1585 ηέ)

641 1590 674 1623 3.
700 1594 821 1634 partes
850 1587 925 1623 Μ3·

731 1636 758 1671 G
782 1639 939 1683 stipatus.

150 1589 355 1623 emendavit
383 1589 537 1633 Lipsius.

149 1636 243 1671 voltu
270 1636 326 1672 Or.
403 1637 436 1672 9.
467 1638 603 1683 stipatis
630 1636 702 1671 Ma:

151 1686 245 1732 volgi
272 1685 330 1721 Or.
434 1686 487 1720 ¹5.
517 1687 551 1719 ei
577 1685 624 1720 G·
652 1684 705 1720 Ma
731 1691 775 1720 et.

145 1846 223 1879 que
249 1845 367 1868 senem.
409 1834 554 1868 Amicus
585 1833 723 1867 Celeris
749 1835 862 1869 Stoici

146 1888 200 1917 est
234 1883 348 1917 Barea
381 1883 559 1926 Soranus,
593 1882 769 1927 discipula
811 1887 864 1917 est

148 1931 301 1966 Servilia
328 1932 451 1965 Sorani
478 1931 564 1973 iilia,
591 1930 726 1975 perfido
753 1930 865 1965 Cele-

143 1981 193 2013 ris
226 1980 379 2013 consilio
416 1990 458 2013 eo
494 1979 638 2013 inducta
676 1985 716 2012 ut
749 1981 864 2025 magis

145 2027 375 2073 dilargiretur
401 2029 588 2072 pecuniam
608 2038 743 2073 eosque
774 2038 865 2062 con-

144 2076 293 2110 sultaret
338 2076 382 2110 de
435 2075 682 2110 incolumitate
741 2076 864 2110 domus

144 2135 231 2159 suae
249 2151 258 2168 ,
308 2130 343 2158 et
368 2135 411 2158 an
440 2124 627 2168 placabilis
653 2124 747 2159 Nero
768 2151 777 2168 ,
820 2136 864 2158 an

145 2174 305 2219 cognitio
332 2177 478 2207 senatus
504 2172 595 2207 nihil
629 2174 729 2207 triste
755 2174 864 2207 affer-

142 2227 209 2256 ret.
265 2221 367 2255 Conf.
395 2220 505 2255 Tacit.
533 2221 609 2256 Xv1
635 2222 694 2257 30.
748 2221 864 2256 Scho-

142 2270 247 2304 liasta
286 2269 468 2304 luvenalis
501 2270 544 2303 ad
584 2269 628 2304 VI
659 2271 756 2305 552:
807 2270 865 2304 hic

142 2318 335 2364 Eynatium
377 2317 621 2364 philosophum
668 2319 861 2364 significat,

142 2368 200 2411 qui
231 2367 341 2410 filiam
373 2368 512 2401 Barcae
545 2367 699 2409 Sorani,
739 2378 861 2411 quam-

143 2426 244 2459 quam
269 2416 342 2461 ipse
377 2415 424 2448 ad
457 2417 634 2460 mayicam
662 2416 863 2450 discendam

143 2469 229 2497 esset
258 2463 428 2506 hortatus,
456 2464 576 2498 detulit
604 2464 749 2497 Neroni.
790 2464 861 2498 lam

144 2513 175 2545 si
203 2513 417 2545 revertimur
443 2512 486 2546 ad
511 2511 668 2545 Tacitum
690 2523 710 2545 a
734 2522 790 2546 me
819 2523 863 2546 ex

147 2561 244 2604 ipsis·
262 2560 430 2605 vestigiis
455 2561 656 2603 scripturae
674 2565 862 2604 corruptae

140 2609 364 2651 restitutum,
377 2608 621 2654 intelligemus
634 2618 759 2642 vocem
775 2619 862 2653 pro-

141 2657 234 2691 ditor
247 2658 428 2701 pertinere
448 2656 491 2690 ad
514 2667 643 2691 nomen
658 2657 764 2690 amici
788 2656 861 2690 Ba-

140 2716 224 2740 reac
242 2706 379 2748 Sorani,
401 2711 587 2750 corruptor
610 2705 653 2739 ad
671 2706 743 2739 eius
766 2706 863 2739 cuius

141 2765 176 2787 se
204 2756 408 2799 nzayistrum
433 2753 580 2798 serebat.
648 2754 707 2787 Sic
738 2764 861 2787 verum

142 2808 385 2847 corruptorem
404 2802 575 2836 habemus
590 2803 738 2847 ignarae
754 2802 862 2846 puel-

142 2849 209 2893 lae,
237 2852 294 2884 cui
320 2852 432 2884 suasit
458 2851 571 2884 vetita
598 2855 634 2884 et
661 2851 856 2895 perniciem

141 2898 303 2941 allatura,
334 2899 504 2932 habemus
521 2910 637 2933 senem
654 2901 861 2945 magistrum

143 2945 339 2991 discipulae
366 2948 496 2992 viginti
522 2958 634 2982 annos
651 2953 755 2982 natae
772 2947 861 2993 (Ta-

144 2993 203 3027 cit.
230 2994 309 3029 XVl
335 2995 415 3042 30).
452 2994 545 3030 Illud
577 3001 695 3031 autem
722 3006 860 3032 memo-

1073 1539 1148 1583 Μ3,
1186 1540 1286 1574 motis
1311 1538 1580 1574 adulationibus
1603 1538 1652 1573 G:

1252 1588 1285 1624 6.
1311 1586 1429 1622 ‚italae
1456 1585 1521 1622 Ma.
1615 1587 1649 1622 7.

1326 1636 1354 1671 G
1380 1635 1516 1670 caedes.
1595 1635 1651 1670 14.

970 1588 997 1622 G
1020 1595 1103 1634 patr
1106 1601 1151 1623 es.

1024 1639 1078 1672 12.
1107 1637 1192 1672 cede'
1219 1636 1295 1671 Μ3.

933 1834 1046 1869 rabile
1073 1833 1159 1868 mihi
1187 1835 1302 1868 visum
1337 1839 1391 1869 est
1418 1839 1453 1870 et
1478 1833 1650 1878 notabile,

935 1882 1002 1917 hoc
1028 1893 1098 1916 uno
1128 1882 1209 1917 loco
1231 1885 1406 1918 sermonis
1431 1884 1573 1918 obscuri
1593 1885 1652 1918 vi-

932 1933 1018 1965 tium
1044 1930 1137 1975 apud
1164 1932 1341 1977 insignem
1376 1933 1450 1967 stili
1477 1932 1652 1967 artificem

932 1978 1165 2024 deprehendi.
1193 1980 1280 2015 Nam
1307 1982 1367 2027 qui
1395 1992 1467 2016 rem
1494 1980 1651 2016 a'l'acito

931 2029 1167 2074 significatam
1207 2028 1351 2063 aliunde
1387 2040 1458 2063 non
1485 2039 1652 2074 comper-

930 2082 1000 2110 tam
1029 2076 1149 2119 habet,
1175 2078 1204 2110 is
1225 2078 1297 2110 eius
1325 2083 1360 2112 et
1385 2079 1483 2112 cuius
1508 2088 1652 2112 mascu-

931 2125 1006 2159 lino
1045 2135 1180 2171 genere
1226 2125 1358 2159 dictum
1399 2131 1522 2161 contra
1557 2128 1652 2162 scri-

930 2174 1049 2208 bentis
1075 2176 1296 2218 propositum
1323 2176 1490 2220 accipiet.

1002 2221 1088 2266 Cap.
1121 2224 1175 2256 11.
1214 2233 1305 2257 unus
1330 2224 1460 2258 ambiri
1485 2224 1572 2258 coli.-
1604 2223 1650 2258 cl’.

931 2270 998 2304 Dio
1025 2270 1131 2305 LXVI
1157 2271 1191 2305 2.
1314 2273 1345 2306 is
1369 2273 1438 2317 fuit
1462 2272 1557 2316 filius
1584 2272 1654 2307 Gai

930 2319 1090 2353 Pisonis.-
1119 2319 1205 2353 dicit
1223 2319 1348 2354 Gaium
1375 2321 1541 2355 Pisonem
1561 2330 1651 2354 con-

929 2368 1106 2401 iuratione
1166 2369 1201 2401 in
1245 2368 1423 2403 Neronem
1473 2370 1650 2404 concitata

931 2416 1179 2450 nobilitatum:
1206 2417 1269 2450 XV
1296 2417 1453 2453 48—59.
1485 2416 1589 2452 conf.
1605 2417 1648 2454 H.

930 2465 977 2499 lv
1003 2465 1062 2499 49.
1185 2466 1358 2509 infamiae
1388 2486 1433 2492 —
1460 2467 1650 2511 superfuit:

929 2513 1101 2558 superfuit
1127 2512 1225 2546 valet
1250 2520 1424 2559 superstes
1447 2516 1526 2559 suit,
1554 2514 1648 2548 utH.

930 2560 943 2594 l
974 2562 1020 2595 22
1051 2562 1311 2606 superfuturum
1345 2572 1408 2606 pro
1434 2563 1651 2608 superstitem

928 2610 1095 2653 futurum.

988 2657 1180 2703 'Asiaticus
1207 2658 1349 2703 (etenim
1371 2658 1402 2691 is
1428 2657 1586 2701 libertus)
1603 2678 1648 2686 —

929 2706 1102 2751 eoepiavit:
1132 2707 1166 2739 in
1186 2708 1361 2753 scriptura
1377 2706 1525 2752 vulgata
1539 2706 1648 2741 Asta-

929 2755 1016 2788 ticus
1031 2756 1122 2788 enim
1149 2756 1194 2802 (is
1212 2755 1370 2801 libertus)
1393 2756 1547 2801 expiavit
1562 2765 1647 2799 par-

929 2803 1038 2837 ticula
1065 2804 1156 2837 enim
1198 2814 1269 2837 non
1302 2803 1410 2838 habet
1451 2813 1522 2849 quo
1553 2804 1647 2839 iuste

928 2852 1123 2894 reseratur,
1159 2863 1262 2898 quam
1290 2863 1358 2897 ego
1385 2852 1469 2886 olim
1498 2851 1646 2886 liberius

928 2901 1086 2944 explicui
1122 2901 1300 2935 sententia
1334 2912 1353 2934 a
1381 2901 1517 2935 lectore
1557 2911 1645 2945 sup-

927 2948 1086 2992 plenda:
1109 2948 1219 2983 ‘idem
1232 2949 1392 2983 Asiatico
1419 2959 1491 2983 non
1518 2948 1643 2982 licuit’.

928 2997 987 3033 Sic
1013 2998 1131 3043 potius
1158 3003 1274 3033 autem
1309 2998 1369 3033 vel
1394 2998 1456 3032 sed
1477 2997 1644 3044 require-
