1768 3216
867 62 880 94 .-

269 18 329 40 ,ε
366 0 539 88 Caeyyll
640 0 680 37 '¹'ae
819 0 923 27 ’ν’-ἰι
954 0 1080 61 jue
1085 0 1181 27 ‘n
1186 0 1333 66 «μειβ
1405 0 1465 67 s
1643 0 1723 23 ru·

286 88 300 109 φ
373 117 411 132 Η
469 82 540 115 -Γι
592 89 645 118 ,ΛΗ
757 84 770 94 .-
810 121 819 134 Ι
784 0 986 98 le
950 61 1008 99 ‘23-
1024 45 1173 105 ..flag
1269 58 1433 150 ,θζ
1487 0 1669 106 ὦ
1736 64 1760 94 0

44 204 59 225 Α)

119 125 135 142 „⁴

181 27 194 32 δ

277 117 310 167 ἐι·

316 166 324 185 η.

331 166 365 185 S
355 112 365 132 Ν

858 128 874 158 ²¹&

805 166 821 180 .¹
850 159 1028 187 ‚⁸,=p„‘

0 202 12 212 q
121 198 212 271 ἓιῖἷιι
335 208 337 211 ’
697 181 1037 258 uisromAavu
1423 232 1456 256 a.
1482 223 1520 256 a.
1544 219 1634 257 sm

140 360 300 394 amnem
331 344 498 388 transiri
529 342 670 393 iubet,
716 343 760 381 ut
799 339 1016 394 Menapios
1058 342 1098 381 et
1135 338 1323 382 Morinos
1367 342 1408 381 ct
1446 341 1634 381 extrema

141 424 362 467 Galliarum
393 421 594 472 quateret.
654 415 789 457 Actae
828 414 1051 468 utrobique
1093 414 1302 468 praedae,
1350 413 1543 455 infestius
1590 412 1635 454 in

139 498 253 539 Ubiis
273 527 284 548 ‚
317 493 428 548 quod
457 504 561 548 gens
595 490 873 534 Germanicae
903 489 1080 545 originis
1113 489 1270 530 eiurata
1298 488 1432 542 patria
1423 487 1649 555 EQ

138 581 284 611 norum
322 573 492 622 nomen]
531 566 864 626 Agrippinenses
903 568 1171 606 vocarentur.
1237 563 1397 606 Caesae
1441 561 1639 605 cohortes

108 632 483 691 aeorumffn''''Vico
513 640 763 684 Marcoduro
807 631 1081 681 incuriosIus
1104 632 1306 694 agentes,
1352 638 1447 692 quia
1493 635 1640 692 procul

137 720 225 774 ripa
258 718 443 761 aberant.
503 716 591 758 Nec
623 715 822 769 quievere
852 713 946 755 Ubii
977 725 1058 767 quo
1089 713 1224 754 minus
1251 712 1431 767 praedas
1469 724 1494 754 e
1531 712 1641 755 Ger-

138 794 276 835 mania
305 795 516 846 peterent,
553 790 687 844 primo
734 790 925 843 impune,
958 788 1056 830 dein
1095 787 1368 845 circumventi
1399 790 1525 839 sunt,
1564 797 1641 841 per

140 880 262 910 omne
293 867 334 908 id
365 866 516 909 bellum
549 865 724 907 meliore
757 864 822 907 usi
841 864 924 905 fide
944 875 1065 917 quam
1087 863 1264 905 fortuna.
1310 861 1504 903 Contusis
1524 859 1640 903 Ubiis

141 943 312 998 gravior
343 945 383 982 et
413 953 614 982 successu
639 952 779 982 rerum
811 939 998 981 ferocior
1016 938 1160 980 Civilis
1189 937 1398 979 obsidium
1428 936 1642 991 legionum

91 1035 128 1062 io
140 1017 329 1072 urgebat,
363 1015 531 1057 intentis
562 1014 789 1066 custodiis,
822 1026 876 1055 ne
907 1014 999 1068 quis
1020 1013 1209 1055 occultus
1238 1012 1406 1053 nuntius
1434 1011 1642 1054 venientis

143 1091 284 1134 auxilii
314 1093 564 1144 penetraret.
625 1088 838 1130 Machinas
869 1087 1102 1156 molemque
1131 1099 1302 1140 operum
1332 1085 1498 1128 Batavis
1524 1084 1644 1127 dele-

142 1170 238 1221 gat:
270 1164 595 1206 transrhenanos
623 1162 827 1216 proelium
857 1162 1071 1216 poscentis
1105 1161 1154 1203 ad
1175 1147 1452 1227 scindendum
1489 1159 1642 1201 vallum

27 1264 34 1276 >
143 1240 219 1291 ire,
251 1239 528 1301 detrusosque
558 1237 851 1291 redintegrare
883 1241 1095 1278 certamen
1126 1218 1258 1288 iubet
1278 1217 1511 1289 superante
1537 1233 1647 1276 mul-

142 1312 317 1354 titudine
347 1316 387 1353 et
418 1311 533 1353 sacili
566 1310 733 1352 damno.
794 1311 881 1352 Nec
911 1310 1032 1352 finem
1063 1309 1199 1352 labori
1231 1321 1317 1351 nox
1338 1307 1482 1350 attulit.
1529 1297 1716 1350 Gon-29

282 1467 311 1499 1.
340 1466 490 1500 transiri
516 1475 594 1499 corr
615 1463 691 1499 Ma:
719 1464 873 1498 transire
900 1473 941 1509 pr
969 1462 1022 1497 Ma
1051 1467 1086 1497 et
1117 1462 1157 1497 G.
1256 1463 1291 1497 3.
1320 1461 1476 1508 glossam
1504 1463 1644 1497 Roma..

142 1524 266 1546 norum
292 1525 418 1548 nomen
442 1514 592 1548 seclusit
617 1513 743 1547 editor.
828 1511 862 1546 6.
887 1513 1016 1559 predas
1045 1510 1109 1545 Ma
1186 1511 1219 1545 7.
1247 1511 1320 1556 inp.
1353 1509 1418 1544 Ma.
1499 1511 1554 1545 11.
1579 1521 1646 1556 pe-

141 1567 325 1596 netrarent
358 1563 452 1596 inter
494 1561 631 1595 litteras
660 1571 704 1595 en
729 1570 907 1604 superscr.
936 1567 947 1595 ι
974 1559 1049 1603 Ma,
1090 1558 1184 1594 unde
1216 1557 1244 1592 G
1268 1562 1485 1605 penetvNJaret
1592 1557 1647 1594 ¹4.

143 1612 313 1644 coacescis
339 1609 415 1644 Ma:
444 1610 505 1644 AG
531 1611 715 1654 congestis.

140 1761 280 1801 sumpta
307 1767 327 1790 a
356 1756 560 1791 fluminibus
583 1755 785 1800 undisque3
813 1754 861 1789 cf.
930 1755 1024 1788 inter
1057 1766 1094 1789 se
1124 1758 1312 1802 vocantur)
1355 1765 1376 1789 a
1417 1753 1652 1790 Doederlinio

142 1806 185 1840 H.
211 1805 225 1839 1
255 1807 310 1847 12,
337 1804 380 1838 IV
406 1806 463 1840 63.
932 1802 1019 1836 ιιιίΙιὶ
1052 1805 1218 1848 opposita
1254 1804 1416 1838 adhiberi
1442 1804 1537 1838 iuste
1563 1812 1652 1847 pos-

214 1853 373 1887 Morinos
405 1860 437 1887 et
462 1859 620 1886 extrema
641 1851 861 1886 Galliarum.-
932 1852 1003 1884 sint
1032 1851 1075 1884 ad
1103 1851 1192 1886 haec
1218 1852 1453 1895 vindicanda,
1487 1856 1544 1894 ut,
1572 1861 1651 1885 cum

141 1907 173 1934 et
208 1908 363 1935 extrema
403 1901 601 1936 Galliarum
635 1911 699 1944 per
726 1911 863 1956 epexe-
934 1899 1058 1934 Latine
1098 1899 1257 1934 dicamus
1297 1902 1334 1934 id
1374 1901 1573 1943 assentior,
1615 1899 1653 1934 id

142 1951 245 1997 gesin
272 1949 413 1983 addita:
455 1961 534 1984 nam
566 1950 693 1983 Morini
732 1950 767 1982 in
796 1960 863 1983 ex-
932 1948 1085 1991 irascor,
1113 1948 1240 1983 eodem
1267 1951 1345 1984 iure
1371 1950 1500 1983 vitium
1526 1958 1652 1983 assen-

143 2003 255 2032 trema
294 2002 395 2042 parte
438 1997 575 2032 Galliae
613 1997 786 2043 Belgicae
819 1996 863 2030 ad
933 1995 1002 2030 tior
1023 1996 1198 2041 proelium
1236 2008 1300 2042 pro
1339 1997 1381 2032 de
1413 1997 1550 2044 proelio
1588 2006 1652 2031 as-

144 2047 273 2081 fretum
301 2045 475 2079 Gallicum
512 2045 720 2078 Britanniae
757 2045 862 2078 obie-
932 2045 1077 2086 sentior,
1104 2050 1140 2078 et
1169 2046 1330 2080 virtutem
1354 2047 1496 2080 irascor
1521 2055 1585 2090 pro
1611 2044 1653 2079 de

145 2099 250 2128 ctum.
298 2094 424 2140 Virgil.
453 2095 543 2128 Aen.
573 2093 651 2127 vlll
678 2093 768 2127 727:
799 2106 857 2127 ex·
931 2093 1059 2126 virtute
1096 2093 1237 2127 irascor
1275 2095 1368 2129 tueri
1411 2094 1490 2140 quis
1515 2098 1652 2139 posset.

145 2142 246 2177 tremi
281 2142 458 2176 hominum
497 2142 654 2185 Morini‚·
691 2141 784 2175 Mela
817 2140 863 2175 111
931 2140 1058 2186 Neque
1082 2140 1125 2174 ab
1154 2141 1280 2176 eodem
1307 2144 1384 2177 viro
1421 2142 1527 2176 docto
1552 2146 1652 2176 recte

144 2193 189 2227 2:
229 2190 276 2224 ad
299 2190 439 2224 uln'mos
469 2190 688 2224 Gallicarum
710 2191 864 2235 gentium
933 2194 1159 2233 comparatur
1185 2201 1230 2224 ex
1251 2190 1440 2236 Sophoclis
1451 2190 1544 2225 Phil.
1558 2190 1652 2226 605·

145 2240 336 2282 Morinos‚·
379 2238 513 2273 Plinius
541 2238 590 2272 IV
617 2239 665 2274 30
692 2243 727 2272 et
752 2239 797 2273 31
828 2244 864 2273 et
934 2238 1061 2285 ὄνομα
1089 2238 1123 2273 δ’
1140 2238 1359 2288 ὠνομάζετο
1372 2238 1536 2277 Ἕλενος·
1563 2238 1670 2273 Nam*

144 2289 203 2330 37,
230 2287 310 2320 XlX
339 2289 373 2323 2.
934 2285 993 2320 hic
1019 2296 1091 2319 non
1123 2292 1178 2321 est
1203 2298 1330 2322 nomen
1355 2293 1503 2323 vocatur
1518 2286 1652 2344 Agrip.-

229 2337 370 2369 eiurala
391 2335 514 2380 patria
531 2334 863 2381 -Agrippinenses
929 2335 1114 2380 pinenses,
1144 2336 1238 2381 quod
1265 2336 1358 2371 idem
1385 2348 1426 2371 ac
1450 2346 1578 2370 nomen
1603 2336 1654 2369 'eis

144 2390 379 2418 vocarentur:
411 2385 595 2428 antiquum
613 2385 714 2430 genti
733 2394 863 2418 nomen
934 2389 983 2420 est
1009 2383 1306 2430 Agrippinenses,
1341 2389 1379 2418 ut
1406 2386 1437 2419 A
1465 2385 1654 2429 rippineu-

146 2433 215 2467 fuit
255 2432 356 2475 Ubii,
397 2443 528 2466 novum
564 2433 862 2477 Agrippinenses,
933 2442 991 2465 ses
1025 2431 1227 2466 subiectum
1267 2434 1313 2467 sit
1350 2395 1571 2478 praefficath
1615 2435 1655 2465 ut

147 2492 216 2526 quo
243 2480 398 2514 libenter
430 2486 466 2515 et
498 2492 579 2514 cum
608 2479 725 2513 studio
752 2491 864 2515 voca-
918 2481 1156 2525 ¹grammatici
1183 2481 1390 2526 loquuntur,
1418 2481 1481 2515 sed
1512 2480 1592 2514 Ubii
1610 2501 1653 2507 —

145 2529 284 2564 bantur.
312 2529 427 2563 Germ.
456 2529 523 2564 28:
558 2528 635 2563 Ubii
653 2549 712 2571 —-‚
740 2540 865 2573 qnam-
935 2529 1175 2563 Romanorum
1217 2540 1343 2564 nomen
1378 2528 1655 2575 Agrippinenses

146 2589 249 2623 quam
297 2579 458 2612 libentius
503 2577 780 2623 Agrippinenses
824 2596 860 2604 .-
934 2581 1160 2620 vocarentur,
1189 2578 1283 2622 quod
1312 2578 1490 2622 pessimae
1515 2576 1654 2610 Latini-

145 2631 324 2660 vocentur.
354 2625 491 2660 Novum
519 2635 650 2659 nomen
679 2635 759 2659 esse
789 2626 865 2659 Ro..
936 2624 1017 2658 tatis
1045 2629 1112 2658 est.
1146 2625 1220 2659 Nec
1249 2637 1335 2660 vero
1366 2625 1502 2660 locutio
1529 2634 1654 2659 nomen

147 2685 286 2709 manum
327 2675 494 2709 Romanis
545 2673 741 2708 lectoribus
796 2679 866 2708 tam
935 2684 997 2718 ego
1025 2673 1213 2716 Ausonius,
1241 2685 1347 2720 quam
1374 2678 1555 2719 comparat
1581 2672 1652 2707 Iac.

147 2729 280 2766 notum,
308 2728 346 2756 ut
372 2723 490 2758 addita
506 2722 617 2756 verba
627 2723 867 2757 Romanorum
937 2722 1139 2756 Gronovius
1155 2749 1164 2766 ,
1191 2722 1316 2757 Latine
1342 2722 1414 2757 dici
1440 2732 1567 2756 nomen
1590 2732 1655 2756 vo-

146 2783 270 2805 nomen
286 2771 392 2815 plane
418 2770 597 2816 superflua
621 2772 692 2804 sint
719 2775 754 2804 et
781 2771 868 2804 bre-
937 2771 1017 2804 cari
1041 2771 1179 2814 probat.
1224 2771 1349 2817 ltaque
1376 2772 1437 2805 vix
1463 2770 1656 2816 quidquam

147 2820 268 2854 vitatis
298 2821 427 2854 amanti
455 2820 594 2854 odiosa.
620 2819 675 2853 Ad
695 2819 867 2853 desidiam
937 2823 1064 2861 restat,
1102 2820 1170 2853 nisi
1198 2824 1236 2853 ut
1265 2830 1344 2854 cum
1373 2819 1655 2863 Guelferbytano

149 2868 287 2902 accedit
314 2868 507 2904 insolentia
527 2872 741 2904 structurae
769 2868 867 2902 Lati-
936 2868 1076 2902 nomine
1105 2868 1314 2902 scribamus,
1355 2867 1426 2902 Sed
1450 2868 1487 2902 id
1512 2865 1656 2913 quidem

148 2916 203 2948 nis
229 2915 432 2959 inauditae3
459 2927 502 2950 ac
530 2920 666 2951 tantum
696 2909 818 2951 abest
826 2920 865 2950 ut
938 2927 1017 2950 cum
1036 2916 1228 2951 manifesto
1255 2927 1300 2951 ex
1323 2926 1451 2950 nomen
1469 2915 1515 2950 ab
1540 2915 1657 2950 inter-

149 2963 259 2998 verba
284 2974 330 2998 ex
346 2963 535 2998 Germania
563 2963 602 3011 (6
627 2965 730 3010 idque
753 2965 866 3012 ipsum
935 2964 1099 3010 polatore
1126 2964 1259 3002 sactum
1285 2964 1354 3009 sit,
1381 2963 1550 3010 equidem
1574 2970 1656 2999 cum

1761 0 1768 18 1
