1768 3216
131 257 203 294 2⁹76

716 246 1021 282 HISTORIARVM

1413 257 1446 282 a.
1473 257 1509 283 u.
1535 245 1623 284 822.

132 372 313 425 reliquus
343 368 489 423 globus
520 364 664 406 obtulit
695 376 742 406 se
766 364 1025 416 victoribus3
1057 367 1098 406 et
1119 362 1317 404 cecidere
1346 375 1492 407 omncs
1523 375 1631 407 con-

1463 422 1637 441 *¹*-

57 435 66 444 ’
132 446 268 488 trariis
297 440 548 492 vulneribus,
580 439 693 482 versi
723 439 766 480 in
797 439 983 482 hostem:
1017 452 1064 482 ea
1092 451 1191 481 cura
1213 439 1335 481 etiam
1357 439 1630 482 morientibus

131 507 273 560 decori
305 514 436 556 exitus
469 514 554 555 suit.

261 589 448 632 Vitellius
481 591 600 642 capta
631 587 734 630 urbe
765 599 839 642 per
869 600 1058 630 aversam
1089 587 1232 630 Palatii
1262 590 1422 641 partem
1451 585 1632 629 Aventi-

97 677 223 712 snum
255 665 296 706 in
332 664 499 706 domum
529 663 673 704 uxoris
706 662 853 704 sellula
897 662 1110 716 defertur,
1151 666 1194 704 ut
1243 662 1279 704 si
1319 661 1429 704 diem
1470 660 1630 704 latebra

126 740 370 791 vitavisset,
420 737 686 780 Tarracinam
730 737 782 780 ad
827 736 1026 779 cohortes
1074 737 1329 791 fratremque
1372 735 1628 791 perfugeret.

126 814 230 856 Dein
267 811 493 854 mobilitate
535 811 717 867 ingenii,
761 815 801 853 et
847 823 953 866 quae
998 815 1143 854 natura
1187 811 1358 865 pavoris
1407 814 1491 863 est,
1533 821 1627 852 cum

128 884 264 931 omnia
296 887 495 930 metuenti
540 887 778 941 praesentia
809 887 990 930 maxime
1034 886 1318 941 displicerent,
1348 886 1388 926 in
1423 885 1621 927 Palatium

129 963 364 1018 regreditur
393 965 553 1005 vastum
587 961 904 1016 desertumque,
946 961 1117 1016 dilapsis
1150 961 1272 1003 etiam
1304 959 1453 1001 infimis
1484 959 1627 1001 servi-

78 1039 276 1087 10tiorum
309 1041 377 1079 aut
408 1048 629 1079 occursum
671 1037 761 1078 eius
806 1036 1124 1079 declinantibus.

1184 1035 1329 1077 Terret
1368 1033 1550 1076 solitudo
1579 1037 1639 1086 ἀι,

132 1117 318 1155 tacentes
349 1112 459 1164 loci3
503 1115 672 1166 temptat
701 1111 857 1164 clausa,
891 1111 1146 1153 inhorrescit
1188 1109 1363 1162 vacuis3
1409 1109 1634 1162 fessusque

129 1188 282 1229 misero
315 1199 482 1240 errore,
517 1190 557 1228 et
588 1186 782 1241 pudenda
814 1185 973 1228 latebra
1004 1189 1137 1227 semet
1167 1184 1412 1236 occultanS,
1444 1182 1496 1224 ab
1530 1181 1633 1224 lulio

125 1261 292 1303 Placido
323 1261 489 1303 tribuno
534 1261 720 1304 cohortis
764 1260 1031 1315 protrahitur.

1093 1259 1268 1301 Vinctae
1311 1269 1421 1313 pone
1461 1260 1643 1311 tergum

126 1347 295 1387 manus3
322 1335 475 1377 laniata
506 1340 638 1388 veste,
672 1335 841 1379 foedum
873 1334 1170 1389 spectaculum,
1205 1332 1462 1385 ducebatur,
1494 1330 1634 1376 multis

77 1410 461 1463 25increpantibus‚
503 1410 614 1451 nullo
654 1410 961 1452 inlacrimante:
1006 1409 1248 1451 deformitas
1288 1407 1422 1450 exitus
1464 1404 1637 1448 miseri-

129 1484 314 1526 cordiam
348 1484 586 1526 abstulerat.

649 1484 806 1527 Obvius
834 1497 857 1527 e
888 1484 1149 1526 Germanicis
1180 1482 1378 1524 militibus
1426 1479 1636 1523 Vitellium

126 1558 278 1601 infesto
311 1558 394 1600 ictu
422 1572 497 1614 per
529 1559 633 1602 iram
660 1559 727 1602 vel
760 1572 841 1614 quo
874 1559 1073 1601 maturius
1107 1558 1288 1600 ludibrio
1321 1556 1549 1609 eximeret,
1581 1558 1635 1595 'an

258 1705 293 1741 6.
325 1707 559 1742 Tarracinam
591 1707 686 1751 Giufi,
714 1718 784 1742 non
819 1708 960 1742 Terrae.

506 1757 562 1791 13.
591 1756 735 1791 Placido
762 1755 837 1791 Ma:
856 1757 990 1803 placito
1017 1755 1055 1791 G.

296 1803 350 1838 16.
394 1804 614 1839 abstulerant
641 1806 710 1840 litt.
737 1817 762 1840 n
787 1815 965 1850 superscr.
994 1810 1006 1839 t
1032 1802 1100 1839 Illa.

123 1753 201 1789 Ma:
228 1755 256 1789 G
282 1755 431 1789 latebra.

123 1803 191 1838 Ma.

122 1851 267 1886 ludibus.

127 1984 327 2027 praecipue
354 1984 546 2018 tenendum
576 1990 646 2028 est,
684 1996 755 2019 non
785 1985 851 2020 de-

67 2068 70 2074 ·
130 2030 238 2064 scribi
276 2031 330 2065 his
367 2032 487 2066 verbis
525 2038 717 2067 extremam
752 2033 850 2068 illam

69 2079 72 2090 ‘
128 2084 325 2113 castrorum
366 2082 669 2127 expugnationem
716 2087 751 2115 et
786 2082 853 2116 de·-

129 2129 395 2172 sperationem,
436 2140 504 2174 qua
530 2130 706 2175 reliquiae
733 2130 853 2164 Vitel-

127 2176 304 2210 lianorum
333 2177 368 2210 in
397 2179 522 2211 castris
550 2178 745 2212 cadebant:
771 2190 850 2212 nam

128 2226 163 2258 in
195 2226 320 2259 castris
347 2236 466 2270 neque
495 2226 620 2260 domus
659 2233 758 2260 etant
784 2239 851 2261 ue-

127 2283 197 2318 que
225 2285 307 2308 arae
334 2275 561 2318 visebantur,
604 2277 632 2309 si
670 2286 773 2310 unam
815 2278 850 2309 in

127 2322 315 2366 principiis
343 2324 493 2366 positam
524 2325 757 2368 excipiamus.
790 2323 851 2358 ln-

75 2372 83 2417 l*
124 2369 274 2415 telligas
302 2372 413 2416 igitur
439 2383 516 2405 aras
549 2372 760 2417 templorum
788 2384 851 2406 ui·-

70 2447 73 2468 4
124 2416 181 2451 bis
212 2423 247 2451 et
275 2419 398 2453 domos
437 2430 623 2464 procerum
644 2447 653 2464 ‚
689 2421 732 2455 ad
764 2432 851 2467 quas

127 2466 232 2499 multi
280 2468 551 2502 Vitellianorum
603 2470 851 2515 profugientes

127 2518 188 2547 aut
218 2515 286 2558 ipsi
315 2526 354 2549 se
381 2517 639 2551 interfecerunt
667 2523 727 2550 aut
751 2530 770 2552 a
792 2521 852 2552 vi-

79 2568 82 2571 ’
127 2562 286 2596 ctoribus
303 2564 454 2609 iugulati
472 2570 565 2600 sunt.
595 2565 742 2600 Scilicet
760 2578 852 2611 quae

76 2629 77 2632 =
126 2616 210 2645 ante
237 2614 287 2656 (c.
315 2612 380 2659 83)
409 2613 452 2647 dc
478 2613 660 2648 Flavianis
684 2615 851 2649 Vitellia-

126 2661 254 2704 nisque
281 2661 387 2695 simul
413 2661 527 2696 relata
568 2667 674 2706 sunt,
713 2674 753 2697 ea
786 2673 850 2697 co-

128 2709 267 2751 piosius
299 2714 334 2742 et
373 2710 516 2754 paulum
545 2711 727 2746 immutata
756 2723 851 2746 nunc

126 2755 170 2789 de
192 2758 298 2790 victis
310 2758 447 2792 Vitellii
474 2760 634 2803 partibus
661 2770 851 2804 exponun-

125 2808 193 2838 tur.
239 2805 294 2838 Ad
322 2812 516 2841 castrorum
545 2810 850 2855 expugnationem

126 2851 266 2886 Tacitus
292 2857 485 2889 revertitur
502 2857 645 2891 verbist
671 2857 771 2892 multi
793 2870 852 2892 se-

125 2901 310 2935 mianimes
328 2909 396 2937 cet.
414 2916 422 2937 τ
444 2911 558 2939 turres
585 2907 678 2940 enim
700 2911 736 2940 et
754 2918 853 2940 moe-

127 2949 223 2981 nium
243 2952 514 2997 propuynacula
531 2960 612 2988 sunt
635 2955 764 3000 quibus
788 2966 852 2990 ca-

128 2999 200 3029 stra
228 2998 445 3035 circumdata
473 3007 585 3036 erant.

1046 1708 1082 1742 8.
1106 1718 1201 1754 pres.
1231 1704 1297 1740 Ma.
1393 1706 1449 1740 12.
1479 1703 1634 1738 latebras

1127 1767 1240 1802 poene
1266 1752 1332 1789 Ma.
1413 1754 1468 1788 14.
1492 1752 1637 1798 suediam

1203 1804 1259 1839 17.
1296 1801 1447 1838 ludibrio
1473 1799 1582 1836 Gilia:
1607 1798 1635 1834 Β

997 1985 1188 2019 contrariis
1221 1984 1439 2028 vulneribus,
1484 1984 1580 2019 versi
1603 1983 1642 2018 in

924 2035 1054 2068 hostem
1070 2046 1081 2067 .·
1120 2034 1215 2067 tersi
1240 2034 1278 2067 in
1305 2034 1436 2067 hostem
1461 2033 1642 2080 ἐπεξῆγη-

927 2094 989 2122 σις
1015 2087 1069 2116 est
1095 2081 1284 2127 verborum
1310 2082 1501 2116 contrariis
1516 2080 1642 2116 wlne-

924 2131 1039 2165 ribus:
1066 2141 1144 2164 nam
1174 2132 1359 2165 contraria
1378 2130 1528 2164 vulnera
1546 2133 1641 2173 sunt,

925 2190 1017 2225 quae
1043 2184 1167 2213 contra
1194 2179 1332 2214 hostem
1359 2179 1521 2213 obversis
1546 2177 1642 2212 infli-

925 2233 1058 2274 guntur
1083 2239 1247 2273 quaeque
1274 2228 1425 2262 adversa
1451 2227 1643 2263 Sallustius

924 2276 1068 2311 vocavit
1097 2277 1202 2310 Catil.
1228 2276 1298 2311 61:
1332 2278 1464 2321 opponi
1491 2279 1644 2321 possunt

924 2337 1050 2360 aversa
1073 2325 1234 2368 vulnera,
1261 2337 1280 2359 a
1299 2325 1524 2373 fugientibus
1537 2329 1642 2371 tergo

924 2374 982 2408 vel
1011 2375 1045 2407 in
1073 2374 1245 2419 poplitem
1276 2379 1440 2419 excepta.

997 2423 1207 2456 Aventinum
1246 2425 1283 2457 in
1319 2423 1456 2458 domum
1495 2422 1640 2456 uxoris.-

923 2471 990 2504 sibi
1018 2470 1159 2504 Tacitus
1198 2475 1338 2505 tonstat
1371 2470 1518 2505 narrans
1552 2480 1642 2504 con-

925 2520 1090 2564 gruentia
1119 2531 1149 2553 c.
1177 2520 1243 2555 70:
1272 2519 1334 2554 sed
1362 2519 1528 2554 dissentit
1547 2519 1641 2554 Sue-

922 2569 1042 2601 tonius
1056 2568 1179 2602 vitell.
1200 2569 1261 2603 16:
1289 2569 1500 2604 Ateraetinum
1526 2573 1557 2601 et
1571 2578 1641 2613 pa-

923 2623 1060 2650 ternam
1089 2617 1222 2651 domum
1249 2617 1341 2651 clam
1364 2618 1474 2664 petiit.
1504 2615 1642 2651 Aversa

924 2665 1054 2698 Palatii
1076 2677 1163 2711 pars
1201 2670 1255 2700 est
1281 2665 1406 2699 domus
1431 2665 1640 2700 Tiberiana:

920 2724 954 2747 v.
982 2714 1024 2747 ad
1051 2714 1093 2747 H.
1126 2714 1138 2748 1
1163 2715 1220 2750 27.

990 2763 1156 2808 pudenda
1182 2763 1350 2797 latebra:
1390 2762 1483 2797 hanc
1509 2763 1641 2798 Sueto-

924 2811 1004 2844 nius
1033 2823 1062 2845 c.
1089 2811 1132 2846 16
1159 2811 1322 2858 depingit
1349 2812 1384 2845 in
1411 2812 1558 2846 minutis
1578 2821 1640 2845 re-

921 2858 986 2892 bus
1015 2859 1191 2905 diligens:
1221 2860 1443 2905 consuyitque
1467 2861 1506 2894 in
1528 2859 1640 2894 cellu-

923 2907 993 2940 lam
1019 2909 1205 2952 ianitoris,
1239 2909 1388 2953 religato
1412 2920 1478 2955 pro
1506 2908 1642 2954 [oribus

924 2967 1012 2989 cane
1027 2956 1182 3002 lectoque
1208 2962 1239 2991 et
1254 2957 1383 2991 culcita
1401 2957 1554 2992 obiectis.
1570 2956 1639 2998 Djo

919 3003 1007 3039 LXV
1034 3005 1093 3042 20.
1117 3039 1121 3041 ,
