1768 3216
130 694 148 723 ⁵

119 1427 155 1455 ιε
169 1412 321 1466 dispari
365 1411 471 1453 sama
529 1409 706 1450 celebre.

163 264 234 299 104

748 240 1055 283 HlSTORIARVM

1441 243 1473 268 a.
1502 241 1539 268 u.
1564 210 1650 269 8223.

162 379 277 423 sultis
315 376 492 418 adnuere
530 369 648 410 deam
687 364 821 416 videt,
860 373 992 416 pauca
1035 359 1076 399 in
1115 363 1316 411 praesens
1348 354 1390 393 et
1418 349 1542 393 solita
1570 361 1654 434 're-

163 452 392 509 spondens,
432 445 557 499 petito
595 444 759 484 secreto
799 439 934 480 futura
975 434 1118 488 aperit.
1178 429 1290 471 Titus
1339 429 1652 484 aucthimo

23 525 52 541 ‘⁴
91 528 94 531 “
163 528 212 570 ad
253 528 407 578 patrem
444 521 664 574 pervectus
706 512 918 568 suspensis
958 507 1270 565 provinciarum
1312 506 1353 545 et
1394 499 1654 544 exercituum

161 598 362 642 mentibus
392 596 539 650 ingens
569 603 709 634 rerum
738 587 889 630 fiducia
921 583 1114 627 accessit.
1558 651 1567 661 .

293 649 590 724 Profligaverat
607 666 757 708 bellum
779 662 990 704 Iudaicum
1016 657 1311 712 VespasianuS,
1345 654 1655 736 oppugnatione

160 730 540 800 Hierosolffmorum
569 741 750 794 reliqua,
793 738 895 779 duro
928 734 1062 789 magis
1094 737 1133 774 et
1164 731 1295 773 arduo
1338 741 1466 783 opere
1498 727 1554 769 ob
1585 739 1657 811 in-

161 822 327 878 genium
357 818 506 861 montis
537 821 576 859 et
603 812 883 870 pervicaciam
913 806 1245 864 superstitioniS,
1286 817 1408 859 quam
1439 815 1521 859 quo
1553 806 1656 846 satis

163 897 310 938 virium
342 892 523 935 obsessis
555 890 605 932 ad
635 887 873 931 tolerandas
911 883 1184 926 necessitates
1223 882 1476 936 superesset.

1534 876 1656 930 Tres,

164 975 206 1012 ut
236 981 356 1023 supra
386 964 716 1014 memoravimus,
749 961 826 1015 ipsi
850 959 1108 1013 Vespasiano
1141 957 1332 1011 legiones
1361 957 1494 1007 erant,
1529 964 1659 995 exer-

116 1063 153 1091 10
167 1045 271 1085 citae
300 1041 430 1083 bello:
463 1043 652 1093 quattuor
679 1036 890 1078 Mucianus
922 1031 1135 1074 obtinebat
1167 1031 1207 1071 in
1237 1042 1367 1084 pace3
1397 1027 1474 1070 scd
1507 1038 1659 1070 aemu-

166 1117 263 1159 latio
299 1120 337 1157 et
365 1113 540 1168 proximi
572 1111 776 1153 exercitus
808 1108 942 1164 gloria
975 1106 1189 1160 depulerat
1229 1104 1476 1159 segnitiam,
1522 1114 1659 1158 quan-

168 1196 332 1243 tumque
363 1189 441 1230 illis
471 1187 635 1228 roboris
667 1184 906 1226 discrimina
939 1185 978 1224 et
1007 1181 1150 1232 labor,
1195 1183 1349 1221 tantum
1389 1178 1456 1221 his
1496 1176 1659 1233 vigoris

168 1264 383 1306 addiderat
428 1262 589 1315 integra
635 1259 749 1313 quies
790 1262 829 1299 et
868 1254 1250 1318 inexpertussbelli
1298 1253 1431 1316 labor.
1490 1250 1660 1294 Auxilia

166 1339 326 1392 utrique
358 1335 584 1377 cohortium
616 1333 869 1385 alarumque,
902 1335 942 1373 et
974 1330 1131 1372 classes
1158 1340 1393 1385 regesque,
1426 1340 1477 1371 ac
1506 1337 1660 1369 nomen

170 1499 343 1541 agmen,
388 1485 523 1526 locum
565 1483 710 1524 castris
752 1495 925 1536 capere,
966 1485 1094 1522 noctu
1128 1480 1280 1534 diuque
1313 1477 1489 1521 consilio
1521 1489 1595 1530 ac,
1626 1477 1663 1519 si

166 1573 233 1602 res
263 1564 468 1614 posceret,
501 1570 621 1600 manu
652 1558 835 1599 hostibus
868 1556 1014 1608 obniti,
1049 1556 1143 1597 cibo
1177 1555 1364 1607 fortuito,
1397 1557 1516 1596 veste
1534 1553 1661 1596 habi-

300 1703 333 1737 3.
358 1709 536 1748 pervectus
564 1702 657 1744 GM'd,
683 1707 865 1747 provectus
893 1700 934 1734 R.
1379 1748 1386 1755 ⁸

431 1752 462 1785 7.
504 1752 626 1784 montis
655 1750 725 1785 Μῦς
764 1750 888 1784 mentis
911 1747 1003 1783 BCR
1030 1753 1065 1783 et
1093 1758 1173 1782 corr
1197 1748 1246 1791 G,
1288 1753 1402 1794 gentis
1428 1746 1662 1782 Puteolanus.

167 1751 240 1796 obp.
266 1749 328 1785 Ma.

170 1801 224 1834 10.
252 1800 319 1833 obti
347 1800 399 1842 (in
428 1810 550 1833 versus
579 1799 666 1845 fine)
694 1800 750 1832 bat
779 1798 856 1832 Ma:
884 1798 911 1832 G
938 1797 1124 1831 obtinebat.

1042 1700 1076 1733 5.
1103 1698 1278 1734 iudeicum
1303 1697 1382 1734 Μαι
1408 1697 1593 1734 Iudaicum
1620 1697 1661 1733 G.

1198 1796 1300 1831 emul.
1331 1794 1396 1832 Ma.
1475 1796 1530 1831 13.
1555 1796 1663 1832 im..

165 1852 281 1892 pertus
307 1848 414 1880 tacite
440 1847 651 1881 Rhenanus:
680 1847 731 1881 llla
759 1852 794 1881 et
819 1847 929 1881 ceteri
955 1846 1142 1892 inea-perti.

248 1973 417 2017 suspensis
460 1994 504 1999 —-
545 1974 710 2007 mentibus
753 1974 877 2019 ingens

170 2019 299 2062 fiducia
324 2031 438 2053 rerum
465 2023 633 2054 accessit:
672 2034 787 2055 rerum
819 2024 877 2055 in-

173 2066 298 2112 tellige
324 2079 464 2102 suarum
481 2095 489 2111 ,
526 2070 689 2113 fiduciam
723 2071 756 2104 id
784 2071 877 2116 quod

173 2115 334 2148 fiduciam
361 2116 471 2150 efficit
496 2118 553 2150 vel
580 2124 687 2163 auget
713 2119 790 2164 (der
814 2131 877 2164 qe-

173 2169 343 2208 spcmnten
377 2166 566 2210 Stimmuny
603 2167 663 2199 der
689 2167 879 2201 Provinzen

174 2211 245 2244 und
271 2212 381 2245 Heere
423 2219 492 2246 [rat
525 2225 563 2246 er
597 2215 649 2248 als
686 2217 879 2261 mdclttiyer

176 2259 282 2292 Hehel
291 2260 347 2293 des
366 2260 574 2295 Vertrauens
590 2266 656 2307 auf
667 2264 743 2297 ihre
757 2264 878 2298 Macht

176 2307 254 2352 bei).
308 2307 408 2343 Cous.
439 2321 467 2344 c.
497 2310 541 2344 5:
577 2312 655 2345 dein
683 2314 879 2359 praecipua

176 2356 382 2389 concordiae
415 2358 498 2400 sides
540 2358 639 2393 Titus.
692 2360 775 2405 Cap.
810 2362 877 2397 23:

176 2404 350 2436 acerrima
378 2406 580 2439 seditionum
615 2419 658 2441 ac
684 2409 879 2443 discordiae

177 2450 402 2484 incitamenta
448 2454 688 2497 interfectores
734 2457 876 2492 Galbae.

178 2496 218 2530 H.
248 2498 296 2531 lv
322 2498 390 2532 85:
426 2503 618 2545 praecipua
645 2505 811 2538 victoriae
835 2508 880 2549 si-

179 2545 237 2577 des
263 2546 331 2578 dum
359 2547 503 2580 hostium
521 2549 733 2585 Valentinus.
771 2554 881 2586 Maior

176 2592 372 2627 Gronovius
402 2599 618 2639 comparavit
635 2598 760 2632 Instini
779 2602 821 2634 Xl
837 2602 878 2636 4:

175 2642 232 2684 qui
258 2653 300 2674 εκ
327 2644 517 2677 continenti
550 2647 596 2678 ad
622 2646 770 2681 Darium
793 2661 879 2694 pro-

173 2690 256 2731 fecti
279 2700 350 2722 non
375 2692 548 2725 mediocre
573 2701 775 2729 „tomentum
793 2697 879 2730 Per-

174 2747 291 2770 sarum
324 2739 453 2772 viribus
493 2752 682 2775 accessere.
734 2744 878 2780 X1116:

174 2783 231 2816 ubi
268 2790 298 2818 et
333 2786 508 2832 Olympias
535 2797 620 2823 esset
655 2798 766 2825 nictter
793 2794 879 2826 Ale-

174 2832 326 2874 oeamlri,
366 2845 434 2867 non
472 2837 643 2872 mediocre
676 2847 880 2875 momentum

174 2881 336 2921 partium.

245 2928 490 2972 profligaverat
534 2933 656 2967 bellum
699 2935 879 2971 Iudaicum

186 2971 432 3017 Vespasianus.-
457 2979 646 3025 profligare
669 2982 800 3018 bellum
827 2990 880 3020 est
916 2987 919 2989 ’

946 1972 1151 2006 inchoatum
1178 1971 1347 2018 persequi
1381 1976 1418 2007 et
1443 1973 1591 2019 propius
1620 1972 1665 2008 ad

947 2021 1052 2055 finem
1079 2021 1267 2056 adducere.
1294 2021 1334 2056 Id
1359 2021 1497 2056 fecerat
1526 2022 1665 2068 Vespa-

947 2071 1068 2104 sianus
1094 2080 1136 2103 eo
1173 2071 1267 2115 quod
1305 2069 1441 2105 bellum
1485 2082 1531 2106 ex
1562 2081 1665 2106 cam-

948 2118 1127 2163 pestribus
1161 2118 1252 2154 locis
1287 2120 1492 2165 ceterisque
1524 2119 1665 2166 oppidis

949 2167 992 2201 ad
1017 2178 1086 2201 una
1112 2167 1362 2212 Hierosolyma
1385 2167 1585 2213 depulerat.
1620 2168 1663 2203 H.

951 2216 979 2249 V
1010 2217 1073 2251 10:
1106 2218 1205 2251 intra
1233 2217 1322 2252 duas
1355 2222 1507 2254 aestates
1535 2223 1665 2253 cuncta

949 2276 1148 2309 camporum
1182 2277 1365 2311 omnesque
1397 2271 1544 2312 praeter
1575 2267 1667 2301 Hie-

947 2311 1122 2358 rosolyma
1147 2315 1248 2349 urbes
1273 2315 1407 2349 victore
1434 2315 1591 2350 emer-citu
1609 2320 1664 2350 te·-
1686 2327 1689 2329 ’

948 2362 1062 2396 nebat.
1118 2363 1312 2409 Profliqare
1352 2363 1479 2398 bellum
1512 2363 1664 2408 perinde

950 2410 1079 2443 dictum
1109 2411 1149 2445 H.
1176 2411 1223 2445 111
1250 2413 1318 2448 50:
1344 2413 1507 2458 sufficere
1533 2412 1663 2447 cohor·

948 2464 997 2492 tes
1023 2458 1169 2504 alaeque
1194 2481 1237 2487 —-
1261 2461 1450 2507 profligato
1477 2461 1550 2495 iam
1575 2459 1663 2505 bello

947 2507 1164 2542 videbantur.
1192 2508 1258 2542 Pro
1286 2519 1442 2543 emovere
1459 2508 1592 2543 dictum
1610 2513 1665 2543 est

950 2554 987 2588 G.
1020 2556 1083 2590 13:
1117 2557 1196 2602 ipsa
1218 2556 1422 2603 plerumque
1447 2559 1548 2603 fama
1572 2557 1665 2595 bella

944 2604 1144 2648 profliganh
1173 2605 1252 2640 xlv
1273 2605 1320 2641 36
1347 2610 1401 2640 est
1423 2606 1601 2651 proiicere
1626 2607 1664 2641 in

948 2652 1087 2685 verbis:
1124 2655 1228 2688 etiam
1265 2655 1304 2688 in
1329 2654 1445 2688 multis
1471 2653 1664 2700 leqa'om‘bus

944 2710 1076 2743 paucos
1102 2703 1159 2745 qui
1181 2702 1323 2748 proelia
1343 2703 1598 2749 profligarent„

1020 2754 1056 2782 ut
1085 2762 1192 2796 supra
1208 2753 1496 2785 memoravimus:
1522 2751 1562 2786 H.
1577 2751 1591 2786 Ῑ
1607 2753 1662 2788 10.

1019 2797 1221 2842 inerpertus
1267 2799 1348 2833 belli
1389 2799 1517 2834 labor:
1567 2800 1663 2846 quod

950 2844 1031 2877 olim
1058 2847 1187 2880 offendi
1230 2847 1280 2881 ad·
1313 2849 1504 2891 repetitum
1531 2858 1660 2883 nomen

949 2891 1058 2935 labor,
1085 2894 1118 2927 id
1136 2896 1203 2928 iam
1221 2894 1326 2930 video
1341 2897 1419 2930 sine
1441 2898 1662 2932 iusta-causa

948 2939 1078 2974 facturn
1107 2952 1207 2977 esse:
1244 2944 1402 2988 pertinet
1443 2945 1537 2979 enim
1570 2943 1663 2980 haec

948 2990 1112 3033 repetitio
1141 2991 1183 3025 ad
1216 2991 1252 3026 id
1279 3002 1392 3038 genus
1420 2993 1463 3028 de
1491 3002 1561 3039 quo
1587 2993 1661 3029 dixi

1690 414 1732 626 l

765 1406 1047 1460 Vespasianus
1100 1417 1200 1447 acer
1246 1403 1445 1456 militiae,
1499 1402 1702 1451 anteire5
